3742 5986
190 151 242 207 ³23
470 149 499 206 S.
519 147 696 206 BRUNONIS
715 145 1038 206 CAETHUSIANORUM
1055 145 1296 210 INSTI'I'UTORIS
1316 151 1392 209 OPP.
1412 153 1501 211 Plus
1519 155 1552 212 11.
1781 160 1833 216 {ihi

192 272 258 329 tudo
268 273 396 339 uirtutis,
411 271 439 327 id
454 280 496 328 est
510 272 593 328 virtus
608 273 667 342 ejns
682 288 782 344 magna
792 280 818 328 et
832 271 1026 342 incompre·A
1041 295 1052 320 ι
1071 275 1172 331 naeteri,
1187 277 1261 332 Deus
1276 285 1365 333 autem
1381 278 1426 350 qui
1440 278 1517 335 dive,
1533 286 1574 335 ρει
1592 279 1620 334 in
1634 280 1834 352 misericordia,

190 360 342 416 hensibilis.
372 361 490 417 Etcum
517 362 576 416 haec
604 361 760 432 magnitudo
789 361 874 416 futura
891 360 925 415 sit
938 375 987 430 per
1039 367 1182 429 «propter
1195 359 1307 415 nimiam
1322 361 1481 417 charitatem
1495 378 1571 417 suam
1587 378 1641 436 qua
1663 364 1757 419 dilexit
1773 380 1834 433 nos,

190 465 286 505 omnes
313 456 431 516 sanctos,
447 451 660 522 supereminens
675 457 766 504 tamen
780 448 872 504 sutura
893 451 986 504 innoc
1038 452 1175 502 «etcum
1204 463 1327 503 essemus
1355 449 1454 505 mortui
1479 450 1607 521 peccatis,
1638 450 1836 509 convivificavit

188 540 336 613 apostolos,
353 539 400 610 qui
413 539 489 610 prius
502 537 563 593 aliis
587 537 761 594 credidimus.
778 538 811 591 Et
827 536 900 608 quod
914 538 986 592 hanc
1038 554 1049 580 ι
1066 549 1115 589 uos
1127 534 1153 588 in
1169 535 1287 604 Christo,
1297 537 1376 606 cujus
1389 537 1479 610 gratia
1486 538 1552 593 estis
1566 538 1672 596 salvati.
1687 541 1721 595 Et
1735 555 1834 597 conre-

189 629 316 684 virtutem
332 629 407 682 Deus
426 633 554 698 operetur
569 624 597 679 in
612 641 673 692 nos,
689 624 777 695 probo
790 639 838 695 per
854 625 906 679 hoc
921 622 986 695 quia
1038 642 1049 666 ι
1067 623 1204 679 suscitavit
1217 631 1244 678 et
1258 625 1401 680 considere
1412 625 1475 682 iecit
1488 625 1679 683 incoelestibus
1689 627 1717 682 in
1727 628 1834 686 Christo

187 718 241 787 jam
258 720 301 772 est
316 718 450 789 operatus
465 730 528 770 eam
542 716 573 769 in
585 713 706 769 Christo.
722 711 799 781 Quod
809 711 848 767 sic
858 711 893 765 ait
906 728 912 765 :
925 711 986 767 Vir·
1037 729 1049 759 ι
1065 710 1137 777 lesu,
1168 718 1197 765 ut
1218 712 1373 768 ostenderet
1396 713 1424 767 in
1449 713 1556 770 saeculis
1580 714 1835 786 supervenientibus

189 813 272 860 tutem
286 807 357 860 hanc
371 803 487 859 suturam
498 803 525 857 in
539 817 591 858 nos
604 800 709 857 attirmo
723 801 878 856 secundum
887 816 986 872 opera·
1037 819 1048 843 ι
1067 797 1237 854 abundantes
1245 799 1352 855 divitias
1363 801 1459 872 gratia
1469 801 1558 857 suaeiu
1569 802 1688 858 bonitate
1694 819 1778 875 super
1784 819 1833 861 nos

189 896 294 951 tionem
303 893 440 966 potentia
448 891 565 946 uirtutis
580 892 649 962 ejus,
659 889 686 943 id
696 888 894 943 estsecundum
903 887 985 943 virtu·
1036 907 1047 931 ι
1067 884 1187 942 235
1200 887 1228 941 in
1236 887 1343 943 Christo
1352 888 1521 944 Jesu.Gratia
1527 889 1598 944 enim
1605 890 1699 946 salvati
1710 891 1777 947 estis
1784 908 1834 964 per

187 989 242 1037 tem
271 982 332 1050 ejus
359 978 542 1051 potentialiter
569 985 737 1048 operantem,
761 993 846 1047 qaam
860 975 985 1031 virtutem
1037 993 1048 1019 a
1065 970 1147 1028 fidem
1161 981 1188 1029 ει
1202 975 1254 1030 hoc
1269 990 1324 1030 non
1340 992 1372 1030 ex
1387 976 1465 1031 vobis
1483 995 1489 1043 ;
1506 977 1557 1032 Dei
1572 977 1645 1032 enim
1660 978 1763 1034 donum
1780 987 1831 1047 est,

187 1072 319 1143 operatas
334 1073 377 1125 est
391 1068 423 1122 in
439 1066 556 1122 Christo.
574 1067 608 1121 Et
628 1065 698 1120 hanc
721 1063 848 1119 virtutem
863 1063 982 1134 exponit,
1036 1081 1047 1106 ι
1066 1074 1120 1115 uon
1138 1075 1174 1116 ex
1195 1062 1333 1132 operibus,
1345 1070 1419 1118 utne
1430 1064 1491 1135 quis
1505 1064 1647 1138 glorietur.
1658 1066 1749 1138 Ipsius
1761 1066 1832 1122 enim

187 1157 343 1229 approbans
357 1172 408 1227 per
421 1156 475 1211 hoc
497 1154 570 1226 quod
590 1152 716 1207 similiter
730 1159 756 1207 ot
770 1151 856 1222 possit
875 1158 901 1206 et
915 1165 984 1221 ope·
1036 1169 1047 1194 o
1065 1164 1159 1203 sumus
1174 1148 1286 1216 iactura,
1312 1150 1394 1206 creati
1409 1151 1435 1205 in
1453 1152 1566 1218 ⁸Christo
1581 1152 1645 1208 Jesu
1659 1152 1687 1207 in
1702 1154 1832 1226 operibus

186 1255 259 1302 retur
272 1246 300 1300 in
324 1244 414 1300 nobis.
437 1243 573 1316 Operatur
598 1244 640 1296 est
662 1241 798 1296 virtutem
812 1241 845 1294 in
861 1238 981 1306 Christo,
1036 1256 1048 1286 ι
1063 1235 1152 1307 ιιοιιιε,
1169 1254 1230 1309 quaa
1244 1239 1407 1309 preparavit
1417 1240 1491 1295 Deus
1506 1247 1535 1294 ut
1549 1239 1578 1295 in
1588 1240 1831 1299 illisambulemus.

185 1335 328 1392 suscitans
343 1333 427 1388 illum
438 1331 595 1395 amortuis,
611 1344 661 1399 per
676 1328 749 1399 quod
764 1335 791 1383 et
805 1342 855 1383 nos
871 1326 986 1382 suscita·
1036 1345 1048 1374 ι
1065 1325 1180 1395 Propter
1195 1327 1267 1399 quod
1280 1342 1419 1382 memores
1433 1335 1519 1383 estote
1534 1329 1607 1401 quod
1623 1328 1770 1401 aliquando
1783 1347 1832 1387 vos

185 1422 234 1488 bit,
252 1430 278 1478 et
292 1427 405 1492 apparet
420 1419 493 1492 quod
507 1417 602 1489 possit.
619 1418 654 1472 Et
665 1417 758 1481 ittam,
780 1415 882 1471 scilicet
901 1413 981 1470 Chri·
1036 1433 1047 1461 ι
1063 1412 1109 1484 qui
1123 1421 1221 1487 gentes
1235 1413 1315 1468 eratis
1337 1413 1365 1469 iu
1387 1429 1481 1482 carne,
1505 1416 1551 1488 qui
1575 1416 1742 1473 dicebamini
1756 1435 1828 1490 prae·

185 1518 267 1577 stum,
286 1508 443 1565 suscitatum
456 1506 659 1563 constituensa
675 1505 834 1572 dexteram,
850 1503 878 1557 id
893 1510 933 1557 est
948 1501 983 1557 ad
1036 1520 1047 1545 a
1063 1500 1167 1570 putium
1181 1502 1216 1556 ab
1239 1518 1271 1557 ea
1283 1519 1344 1575 quae
1365 1502 1463 1559 dicitur
1489 1502 1662 1561 circumcisio
1690 1504 1719 1558 in
1747 1520 1831 1563 carne

185 1599 365 1671 equalitatem
380 1597 507 1651 suumin
524 1593 691 1658 celestibus,
716 1600 742 1646 et
757 1591 795 1646 ita
809 1590 882 1663 quod
896 1607 1019 1678 supraB
1035 1610 1046 1634 ι
1063 1588 1236 1656 ιιιιιιιιιιιιειε;
1252 1589 1298 1662 qui
1313 1590 1396 1645 eratis
1411 1590 1456 1647 illo
1470 1591 1498 1645 in
1509 1599 1632 1663 tempore
1642 1591 1701 1648 siae
1709 1591 1827 1662 Christo,

185 1703 297 1745 omnem
304 1685 510 1757 principatum,
521 1687 549 1737 et
561 1683 739 1753 potestatem,
751 1684 779 1735 ct
792 1680 938 1745 virtutem,
955 1682 983 1734 et
1035 1696 1046 1726 ι
1062 1676 1170 1731 ιιιιειιιιιι
1184 1691 1200 1731 a
1216 1678 1424 1734 conversatione
1451 1678 1535 1735 lsrael
1555 1687 1581 1734 et
1603 1679 1724 1751 hospites
1743 1688 1828 1737 testa·

185 1775 419 1831 dominationem.
1034 1785 1045 1810 ι
1063 1770 1226 1830 mentorum,
1249 1764 1439 1835 promissionis
1462 1782 1540 1838 spem
1561 1782 1617 1823 nou
1639 1767 1782 1836 habentes,
1802 1775 1829 1824 et

219 1861 269 1918 Hic
283 1868 400 1935 quatuor
415 1857 527 1915 ordines
541 1855 703 1931 angelorum
716 1855 849 1911 habemus
866 1872 874 1920 ;
891 1862 919 1909 ει
932 1870 983 1925 per
1033 1850 1121 1905 «sine
1135 1852 1194 1907 Deo
1213 1851 1241 1906 in
1255 1853 1308 1908 hoc
1337 1853 1455 1909 mundo:
1472 1870 1545 1910 nunc
1573 1861 1665 1910 autem
1678 1855 1707 1910 iu
1721 1856 1828 1913 Christo

183 1952 236 2008 hoc
246 1951 320 2022 quod
328 1947 453 2020 sequitur
461 1960 662 2011 omncnomcn,
674 1943 851 2015 intelligimus
861 1943 982 2013 reliquos
1033 1939 1126 1993 «lesu
1142 1954 1202 2009 vos,
1232 1940 1279 2012 qui
1305 1941 1451 2014 aliquando
1471 1941 1551 1997 eratis
1566 1941 1659 2016 longe,
1683 1941 1749 2000 tacti
1762 1943 1828 2000 estis

182 2039 301 2096 ordines.
320 2036 400 2105 Quod
414 2049 514 2090 nomeu
529 2034 706 2097 nominatur,
723 2030 801 2085 idest
816 2028 982 2086 nominabile
1033 2042 1158 2098 «prope,
1186 2027 1215 2082 ln
1243 2028 1376 2101 sanguiue
1404 2029 1512 2084 Christi.
1530 2031 1591 2102 lpse
1620 2031 1692 2086 enim
1717 2039 1759 2087 est
1773 2047 1827 2104 pax

183 2134 234 2193 est,
251 2141 309 2181 non
319 2125 410 2181 sotum
424 2124 455 2178 in
466 2121 516 2177 troc
523 2120 635 2185 sucula,
647 2118 694 2174 sed
706 2120 793 2174 ctiam
799 2118 982 2188 quodcunque
1032 2136 1043 2161 ι
1061 2122 1166 2182 nostra,
1182 2115 1229 2187 qui
1244 2114 1308 2172 tecit
1321 2125 1438 2189 utraque
1453 2135 1548 2185 unum,
1563 2126 1590 2174 et
1599 2118 1719 2174 medium
1733 2119 1826 2191 parie-

182 2212 369 2271 nominabitur
395 2212 420 2266 si
447 2212 556 2281 tuturo.
573 2207 632 2263 lloc
651 2205 713 2261 ideo
733 2205 847 2272 addidit,
869 2220 904 2259 ne
919 2204 981 2276 quis
1032 2210 1115 2257 «tem
1130 2203 1255 2259 maceriae
1282 2204 1392 2259 solvens
1419 2204 1574 2263 iuimicitias
1602 2205 1630 2260 in
1658 2222 1742 2263 carne
1764 2223 1824 2264 sua.

182 2305 313 2374 objiceret
328 2301 374 2357 ei:
392 2298 547 2356 Secundum
561 2298 613 2352 hoc
628 2295 702 2367 quud
714 2311 809 2366 parum
825 2294 859 2348 de
875 2293 981 2365 angelis
1032 2311 1042 2337 ι
1061 2290 1162 2361 Legem
1178 2291 1368 2347 mandatorum
1392 2293 1510 2349 decretis
1534 2309 1680 2362 evacuans,
1704 2303 1735 2351 at
1757 2295 1825 2351 daos

182 2393 264 2450 modo
280 2387 456 2464 cognoscitis,
468 2385 589 2442 concedo
600 2383 736 2439 Christum
750 2398 831 2453 supra
841 2381 977 2453 poniillis,
1032 2378 1159 2433 «condat
1180 2380 1208 2433 in
1238 2379 1328 2450 seipso
1356 2380 1385 2435 in
1411 2396 1466 2436 uno
1490 2396 1561 2438 noro
1590 2381 1701 2439 homine
1722 2381 1826 2441 taciens

182 2481 232 2538 sed
255 2478 405 2536 secundum
425 2477 477 2531 hoc
497 2472 570 2547 quod
593 2473 627 2528 de
649 2471 703 2526 illis
725 2471 753 2526 in
767 2469 857 2525 tuturo
871 2468 979 2541 plenius
1031 2487 1041 2512 ι
1059 2480 1165 2535 pacem,
1188 2474 1216 2521 ut
1231 2467 1387 2523 reconciliet
1400 2469 1496 2525 ambos
1510 2469 1538 2523 iu
1553 2485 1608 2525 uuo
1622 2484 1751 2542 corpore,
1766 2471 1825 2527 Deo

181 2565 362 2643 cognoscetis,
389 2578 451 2620 caro
477 2561 576 2617 Christi
604 2575 660 2615 non
684 2565 886 2630 supraponetur
908 2556 973 2612 illis.
1030 2575 1041 2599 ι
1059 2569 1109 2623 ρει
1122 2569 1242 2621 cmcem,
1259 2553 1421 2611 interficiens
1448 2556 1605 2613 inimicitias
1619 2556 1648 2612 in
1662 2557 1822 2630 semetipso.

182 2658 282 2714 Contra
296 2656 347 2710 hoc
363 2652 399 2708 ait
416 2670 422 2705 :
437 2651 500 2706 Non
523 2649 611 2704 solum
632 2646 703 2719 quod
718 2646 872 2702 nominatur
885 2644 913 2700 in
926 2645 978 2700 hoc
1031 2642 1092 2695 ·Et
1106 2641 1220 2697 veniens
1236 2643 1434 2715 evangelizavit
1453 2660 1548 2715 pacem
1572 2644 1650 2701 vobis
1670 2645 1717 2718 qui
1740 2644 1823 2718 longe

182 2743 291 2808 soeculo,
308 2738 452 2797 sedetiam
467 2734 726 2807 supraomneillud
741 2730 978 2806 qucddeangelis
1029 2727 1156 2795 aluistis,
1185 2736 1212 2785 et
1235 2745 1330 2801 pacem
1358 2731 1401 2785 his
1430 2731 1476 2803 qui
1503 2747 1597 2804 prope,
1626 2732 1756 2806 quoniam
1775 2750 1826 2806 W

139 2868 142 2873 >
181 2838 362 2904 cognoscetur
385 2826 412 2881 in
433 2825 533 2894 tuturo,
559 2838 622 2878 eum
650 2820 823 2892 supraposuit
850 2819 976 2875 omnihus
1029 2837 1040 2863 ι
1057 2815 1146 2887 ipsum
1173 2817 1304 2873 habemus
1332 2834 1474 2875 accessum
1489 2820 1570 2875 ambo
1593 2819 1622 2875 ia
1645 2837 1700 2877 uuo
1723 2821 1824 2893 Spiritu

180 2928 209 2977 et
221 2918 312 2977 omnia
327 2914 469 2987 supposuit
484 2912 518 2968 ei.
544 2909 661 2979 Quidam
676 2908 750 2964 enim
765 2914 828 2962 sunt
843 2921 976 2978 suprapo·
1029 2925 1040 2952 ι
1055 2904 1090 2958 ad
1105 2905 1222 2960 Patrem.
1236 2907 1313 2980 Ergo
1339 2907 1397 2976 jam
1425 2923 1480 2964 non
1508 2907 1573 2963 estis
1588 2908 1711 2980 hospites
1731 2917 1758 2965 et
1770 2910 1822 2966 gd.

179 3007 224 3065 siti
237 3005 339 3071 multis,
355 3001 480 3077 qui,licet
492 2999 644 3067 interiores,
661 3013 716 3052 non
731 3005 820 3051 tamen
835 3003 896 3050 sunt
907 2994 975 3049 sub·
1027 3013 1038 3043 ι
1055 3008 1141 3063 venae,
1153 2993 1201 3048 sed
1216 2994 1281 3050 estis
1294 2994 1368 3050 cives
1390 3002 1545 3051 sauctorum
1561 3003 1587 3051 et
1601 2996 1746 3055 domestici
1760 2997 1820 3066 Dei,

175 3096 241 3166 jecti
256 3095 306 3151 eis.
331 3092 409 3149 Unde
432 3089 492 3144 ait:
512 3086 611 3144 duania
640 3085 759 3155 subjecit
786 3083 836 3139 aad
858 3081 976 3155 pedibus
1026 3079 1265 3151 «superaedificati
1292 3098 1376 3154 super
1403 3082 1609 3139 tundamentum
1634 3085 1822 3156 apostoloram

180 3182 339 3255 ciustPsat.
356 3195 417 3246 viu,
435 3179 472 3248 8),
489 3175 518 3230 id
532 3182 573 3231 est
588 3181 642 3229 tam
656 3173 736 3243 plena
751 3170 928 3239 subjectione,
946 3177 976 3224 ut
1026 3174 1082 3222 «et
1108 3170 1310 3240 prophetarum,
1339 3170 1399 3242 ipso
1435 3186 1541 3227 summo
1578 3171 1704 3244 angulari
1731 3172 1822 3246 lupide

177 3271 224 3326 ille
252 3269 298 3343 qui
313 3267 429 3341 pedibus
457 3263 645 3328 substernitur,
676 3261 720 3317 vel
734 3260 785 3317 aab
796 3258 921 3332 pedibas,
946 3257 974 3312 id
1026 3276 1037 3306 ι
1054 3255 1161 3312 Christo
1175 3258 1239 3312 lesu
1256 3276 1263 3324 ;
1279 3257 1307 3312 in
1322 3273 1376 3329 quo
1397 3258 1487 3314 omnis
1508 3258 1653 3317 edificatio
1667 3269 1822 3319 constructa

178 3370 219 3418 est
234 3359 285 3414 suh
299 3357 462 3412 humanitate
490 3352 590 3408 Christi
613 3350 703 3407 omnia
727 3347 850 3417 subjecit.
867 3345 974 3401 Diceret
1026 3343 1191 3400 «crescitin
1207 3345 1336 3416 templum
1363 3355 1487 3402 sanctum
1515 3347 1543 3402 iu
1559 3347 1686 3416 Domino,
1715 3350 1744 3404 iu
1769 3366 1821 3424 quo

176 3448 223 3505 ille
238 3462 245 3502 :
261 3447 294 3502 Et
308 3445 372 3518 quid
386 3460 434 3515 per
447 3443 501 3498 hoc
514 3440 625 3512 probas,
649 3437 672 3492 si
695 3436 829 3492 Christum
856 3433 973 3489 suscita·
1025 3454 1036 3478 ι
1054 3431 1818 3510 etvoscoaeditioaminiinhabitaculumttabernaculum]

176 3546 234 3593 tum
248 3550 331 3607 super
358 3531 450 3588 omnia
476 3528 576 3601 posuit,
605 3534 632 3581 et
655 3524 747 3581 omnia
769 3524 822 3594 ipsi
836 3520 974 3591 subjecit?
1025 3520 1103 3577 illei
1117 3522 1145 3576 in
1160 3520 1260 3593 Spiritu
1276 3529 1380 3578 sancto.
1401 3545 1412 3571 ι

175 3627 248 3682 Bene
263 3639 312 3695 per
324 3622 377 3676 hoc
390 3619 488 3691 probo,
504 3617 540 3671 ait
554 3615 662 3682 Paulus,
679 3612 750 3686 qaod
772 3613 866 3683 ipsum
892 3609 972 3664 Chri-

176 3708 719 3778 stumDeusdeditcaputsupromanem
729 3700 972 3770 Ecclesiam5quoe

176 3799 302 3857 Ecclesia
315 3799 358 3852 est
369 3810 469 3866 corpus
478 3794 568 3862 ipsius
582 3787 692 3845 Christi.
704 3789 738 3843 Et
748 3786 846 3858 putatis
857 3786 929 3859 quod
943 3785 972 3840 in
1056 3800 1129 3856 Dixi,
1144 3799 1269 3872 superius
1287 3801 1422 3872 Ephesios
1436 3818 1469 3858 ex
1485 3802 1617 3869 electione
1631 3804 1683 3862 Dei
1696 3813 1815 3875 vomo&

174 3888 261 3959 capite
276 3884 423 3959 gloriosus,
441 3888 466 3936 et
479 3881 507 3935 in
523 3893 635 3950 corpore
650 3883 789 3931 remaneat
803 3874 970 3946 ignominio-
1021 3888 1122 3959 spiritu
1150 3897 1244 3944 sancto
1272 3889 1405 3962 signatos,
1436 3906 1520 3964 seque
1543 3908 1595 3964 pro
1623 3891 1663 3949 eis
1684 3909 1766 3951 ome
1789 3902 1817 3950 ug

175 3975 242 4031 sust
256 3971 382 4029 Ecclesia
396 3977 437 4025 est
452 3982 561 4039 corpus,
577 3969 605 4022 et
619 3964 766 4038 planitudo
780 3965 840 4035 ejus
859 3962 968 4028 Christi,
1020 3977 1093 4049 quod
1120 3976 1195 4031 Deus
1218 3976 1263 4047 pie
1287 3978 1369 4048 coepi,
1394 3978 1422 4033 in
1446 3978 1499 4034 inis
1518 3980 1675 4052 quofidiano
1695 3981 1816 4054 perficiat

173 4061 220 4137 qui
235 4059 362 4117 Christus
376 4074 427 4130 per
442 4071 503 4112 eam
528 4053 698 4124 adimpletur.
724 4050 783 4107 Nisi
811 4049 883 4106 enim
903 4049 969 4120 justi
1019 4063 1186 4120 incremento
1201 4081 1208 4131 3
1225 4072 1251 4119 et
1265 4073 1408 4138 postquam
1430 4073 1485 4122 „m
1508 4068 1608 4141 dignos
1631 4085 1680 4126 eos
1698 4071 1766 4127 dim
1787 4071 1815 4126 in

174 4150 371 4209 resuscitentur
395 4145 485 4202 eundo
513 4159 600 4217 usque
634 4142 669 4197 ad
704 4139 827 4195 ultimum
852 4139 967 4209 justum,
1018 4151 1070 4207 hac
1084 4151 1204 4208 „opime
1219 4153 1327 4224 gram,
1344 4153 1451 4211 reduci,
1466 4155 1506 4210 eis
1519 4156 1815 4231 memoriamm-

173 4256 274 4313 corpus
289 4236 388 4295 Christi
415 4241 537 4291 remanet
555 4229 754 4303 imperfectum.
776 4228 829 4297 Qui
843 4226 967 4282 Christus
1017 4255 1075 4295 rem
1091 4247 1188 4295 sigium
1202 4256 1284 4311 quem
1299 4240 1453 4297 hahuerunt
1476 4243 1647 4316 inpeccatis,
1662 4253 1694 4302 ut
1707 4263 1813 4305 memo-

171 4328 235 4386 licet
249 4323 416 4400 plenitudine
430 4320 562 4379 Ecclesia
583 4319 785 4392 adimpleatur,
803 4309 1254 4386 ipsiumenu„,1m„„d„,ae
1283 4345 1340 4385 ⁸„ae
1363 4346 1418 4386 non
1432 4331 1548 4388 audeam
1569 4348 1748 4406 mmmm,
1761 4336 1814 4392 mi

172 4424 215 4474 est
228 4416 335 4481 omnin,
347 4413 374 4468 id
384 4419 425 4467 est
435 4408 524 4467 omnis
533 4407 675 4481 perfectio,
695 4405 724 4460 in
740 4404 877 4468 muudus,
888 4403 916 4458 id
926 4410 967 4458 est
1017 4416 1052 4471 de
1078 4415 1165 4488 graii,
1194 4416 1255 4482 Dei,
1270 4416 1348 4489 quasi
1375 4418 1472 4476 merim
1492 4435 1541 4475 suo
1558 4420 1660 4494 ahquid
1685 4422 1813 4480 novimus

170 4504 198 4561 iu
214 4502 331 4578 siugulis
346 4499 486 4567 membris,
502 4496 567 4570 quia
580 4511 633 4553 nec
646 4495 706 4566 ipsa
722 4492 843 4549 membra
853 4498 968 4563 possunt
1016 4504 1170 4560 habuerint·
1199 4505 1300 4561 perum
1323 4516 1437 4578 propte,
1463 4509 1515 4564 ho,
1553 4519 1746 4567 commemora,
1773 4510 1813 4568 eis

171 4592 320 4666 adimplere
335 4606 407 4658 eum,
421 4587 474 4644 nisi
486 4602 536 4658 per
550 4585 650 4657 ipsum.
1015 4599 1116 4648 sutum
1130 4591 1306 4661 monstruos,
1323 4602 1353 4649 ιι
1367 4611 1428 4651 eum
1443 4595 1552 4653 noemi
1565 4598 1638 4669 quod
1651 4599 1742 4672 gama
1762 4599 1813 4658 nu

1015 4696 1064 4737 eos
1092 4680 1128 4736 de
1155 4680 1284 4751 injustitia
1309 4682 1342 4737 ad
1368 4683 1500 4753 justitiam
1527 4686 1663 4755 traxerit,
1706 4695 1811 4745 certum

490 4732 601 4792 CAPUT
620 4732 653 4790 Π·
1014 4769 1134 4826 habeant
1149 4769 1233 4842 quod,
1249 4771 1274 4828 si
1285 4771 1343 4840 jam
1368 4772 1435 4841 iusti
1448 4773 1581 4842 laborent,
1607 4775 1683 4832 Deus
1697 4776 1745 4849 qui
1758 4776 1811 4833 illis

206 4873 270 4930 «Et
309 4885 360 4929 vos
387 4863 609 4942 [conuviticavit]
637 4879 698 4921 cum
739 4864 836 4920 essetis
863 4860 964 4918 mortui
1013 4857 1121 4928 injustis
1136 4859 1258 4928 contulit,
1274 4858 1359 4916 multo
1376 4861 1493 4933 amplius
1507 4862 1813 4922 etlibentiusccnteret

170 4960 305 5018 «delictis
319 4967 346 5015 et
360 4955 479 5030 peccatis
507 4953 621 5021 vestris,
650 4952 678 5008 in
701 4951 798 5024 quibus
817 4951 964 5024 aliquando
1010 4944 1066 5014 jam
1079 4944 1242 5016 justificatis.
1259 4947 1282 5001 si
1304 4949 1458 5019 promereri
1485 4949 1630 5007 voluerint,
1656 4951 1759 5008 Lmen
1772 4952 1811 5008 ,ρο

170 5072 182 5099 ι
200 5047 357 5105 ambulastis
365 5044 514 5102 secundum
528 5041 656 5098 seculum
671 5041 764 5096 mundi
777 5041 964 5111 hujus,secun·
1009 5032 1150 5103 jungitur:
1167 5034 1223 5089 Nos
1245 5036 1361 5105 apostoli
1383 5037 1559 5105 credidimus,
1581 5046 1608 5094 et
1621 5053 1672 5095 vos
1685 5039 1809 5096 similiter

170 5136 265 5191 «dum
278 5133 428 5205 principem
442 5130 584 5203 potestatis
599 5129 899 5200 aerishuJusspiritus;
916 5128 962 5200 qui
1012 5119 1187 5190 credidistis;
1202 5122 1245 5177 vel
1274 5122 1312 5178 ibi
1329 5140 1335 5178 :
1352 5125 1426 5180 Deus
1463 5126 1602 5184 suscitavit
1628 5126 1766 5184 Christum
1791 5146 1809 5184 a

172 5243 183 5270 ι
200 5233 273 5275 nunc
287 5224 416 5288 operatur
435 5216 463 5270 in
483 5213 553 5269 hlios
579 5211 747 5279 diffidentie,
762 5211 790 5266 iu
814 5211 911 5283 quibus
936 5217 962 5266 et
1011 5211 1141 5277 mortuis,
1159 5218 1185 5266 et
1199 5225 1249 5267 vos
1264 5211 1387 5268 similiter
1404 5214 1542 5271 suscitavit
1556 5231 1571 5270 a
1585 5223 1673 5273 morte
1687 5215 1809 5289 peccati;
1867 5210 1869 5215 '

169 5323 249 5366 suos
263 5320 359 5363 omnes
374 5302 517 5376 aliquando
536 5300 690 5359 conversati
704 5315 798 5355 sumus
811 5298 962 5359 indeside-
1011 5296 1054 5352 vel
1069 5312 1131 5353 cum
1159 5298 1243 5355 verbo
1271 5300 1344 5372 quod
1372 5300 1485 5358 interius
1512 5303 1647 5376 sequitur,
1671 5303 1712 5361 sic
1738 5320 1807 5362 cou-
1867 5348 1869 5353 .

168 5418 180 5450 ι
196 5396 246 5454 riis
261 5393 351 5454 carnis
366 5400 475 5459 nostra,
491 5389 622 5448 iacientes
641 5388 805 5446 voluntatem
828 5387 919 5444 caruis
934 5394 961 5443 et
1010 5393 1117 5441 struere
1130 5401 1285 5458 possumus.
1303 5388 1440 5446 Christum
1462 5391 1540 5448 dedit
1558 5395 1646 5466 caput
1658 5395 1808 5465 suprau-

169 5484 401 5557 ‹oogitationum
416 5483 448 5537 Et
474 5495 582 5537 eramus
595 5485 691 5536 natura
710 5475 758 5533 filii
778 5475 836 5544 irae,
851 5475 919 5533 sicut
933 5484 961 5533 ει
1010 5474 1136 5544 alestam
1154 5482 1180 5531 et
1193 5489 1239 5533 vos
1264 5478 1469 5548 canunificouit
1490 5478 1610 5539 Christo.
1639 5478 1809 5555 Qnmunque
1867 5492 1869 5523 ³

1339 3685 1499 3727 textosmo.
