3742 5986
93 204 145 259 ssa
419 196 610 257 axaosrrto
628 199 666 257 nv
683 194 873 256 urrsroms
896 166 1010 254 vaani.
1027 225 1062 240 -
1075 197 1113 254 nv
1134 194 1244 253 saur.
1268 154 1316 253 εἰ)
1343 195 1422 254 cos.
1699 201 1753 259 sss
1780 266 1784 287 .

97 342 148 396 epo
173 324 281 382 Paulus
304 323 394 394 (cujus
418 323 572 379 auctoritati
591 323 727 380 contraire
749 337 804 378 non
825 320 898 392 licet)
914 320 1016 382 Adum
1031 320 1111 392 plene
1126 327 1326 394 cognoscentes
1347 319 1505 393 mysterium
1530 320 1581 377 Dei
1606 321 1641 376 de
1665 321 1751 378 salute

97 415 195 485 [aetus
210 429 274 468 sum
288 427 306 466 ε
320 411 388 477 Ιιεο,
405 426 460 467 non
474 411 569 483 utique
583 412 670 480 dator,
685 410 734 467 sed
745 413 898 478 minutor,-
949 409 1090 482 gentium;
1107 408 1205 481 quibus
1220 410 1296 464 Deus
1312 408 1396 465 voluit
1412 413 1495 466 actas
1517 413 1612 481 facere
1635 407 1751 466 diuitias

96 503 147 576 qui
160 501 242 558 etiam
257 509 288 556 ut
301 499 478 573 magnificem
492 499 681 574 Evangelium,
704 517 782 556 nune
803 500 899 574 patior
948 497 1055 569 plorioe.
1067 498 1186 554 Diuitias
1201 497 1275 561 ideo,
1293 497 1356 570 quia
1370 496 1476 553 infinita
1497 505 1559 552 sunt
1582 497 1655 552 dona
1679 497 1750 566 Dei;
1849 557 1851 560 ,

96 589 204 662 positus
218 589 245 644 in
259 588 385 655 vinculis,
397 596 423 644 et
436 589 467 644 ira
476 589 654 662 passionibus
664 588 717 643 illis
733 587 839 660 gaudeo
848 603 898 659 pro
950 586 1060 652 Gloriae,
1077 585 1141 657 quia
1154 586 1293 659 gloriaest
1303 586 1330 640 in
1341 586 1466 642 omnibus
1477 585 1543 641 illis.
1557 586 1677 642 Diuitias
1688 585 1750 642 dico

97 679 174 735 uobis
187 676 364 733 instruendis.
391 676 420 733 Si
444 676 515 732 enim
539 677 664 733 viderent
686 675 799 732 Paulum
828 673 898 731 retu·
948 675 1122 731 sacramenti
1137 673 1230 746 hujus,
1247 674 1325 743 cujus
1336 674 1460 730 minister
1471 673 1556 730 lactus
1567 690 1638 729 sum.
1650 674 1751 731 Sacra-

96 766 219 840 gientem
234 781 285 838 pro
307 763 362 821 lide
384 764 450 836 pati,
474 765 658 837 vituperarent
680 763 762 820 tidem
782 781 816 820 ex
838 763 899 835 ipso
949 762 1109 818 mentidico
1124 764 1156 818 in
1178 762 1327 833 pentibus,
1351 761 1426 817 salus
1453 761 1525 817 enim
1550 761 1672 834 gentium
1693 761 1751 818 lars

97 855 184 911 Paulo
198 854 244 927 qui
258 853 412 910 ostenderet
425 854 454 909 iu
469 870 499 910 se
514 869 568 910 uon
587 870 648 910 esse
671 853 830 925 patiendum
848 868 898 924 pro
949 850 1074 907 omuibus
1088 849 1193 906 occulta
1208 857 1277 915 erat,
1294 849 1343 904 sed
1357 850 1392 905 de
1408 849 1495 905 salute
1518 849 1674 904 Judaeorum
1696 865 1753 905 non

97 960 141 1000 ca.
158 941 281 1010 Gaudeo,
295 942 417 1015 inquam,
434 946 465 999 et
488 941 610 1014 gaudens
625 942 764 1015 adimpleo
784 957 817 997 ca
831 956 898 1012 pas·
949 938 1048 994 dicitur
1062 938 1230 1009 mysterium,
1257 937 1321 1008 quia
1344 936 1398 992 illis
1421 944 1515 1008 aperte
1540 937 1662 993 Christus
1683 953 1749 1009 pro·

99 1033 209 1087 sionum
222 1030 322 1087 Christi
337 1048 399 1103 quae
413 1030 504 1087 adhuc
517 1030 630 1098 desunt,
646 1039 673 1086 et
687 1029 826 1100 implenda
834 1028 900 1084 mihi
952 1027 1052 1082 missus
1067 1033 1125 1081 erat
1140 1026 1168 1080 in
1189 1025 1262 1097 lege,
1294 1041 1356 1081 cum
1384 1025 1412 1080 in
1440 1025 1568 1097 gentibus
1593 1041 1649 1080 non
1677 1033 1752 1083 esset

95 1126 212 1176 restant.
228 1118 377 1175 Passiones
392 1134 456 1176 suas
471 1118 536 1175 dicit
564 1134 626 1174 esse
654 1117 763 1184 Christi,
795 1125 821 1173 et
836 1117 899 1189 quia
950 1117 1034 1183 Deus,
1051 1114 1122 1187 qued
1137 1121 1337 1170 sacramentum
1354 1118 1395 1169 est
1411 1113 1550 1183 Christus,
1576 1113 1662 1185 quiin
1686 1113 1750 1186 lega

96 1206 222 1264 Christus
238 1206 352 1263 siceum
374 1207 429 1278 pati
453 1205 576 1276 instituit,
598 1212 625 1262 et
646 1205 708 1278 quia
731 1204 829 1276 patitur
849 1219 899 1276 pro
950 1202 1001 1256 sub
1015 1201 1145 1274 mysterio
1161 1201 1211 1256 tuit
1224 1201 1387 1273 promissus.
1403 1202 1532 1257 Christus
1547 1200 1751 1274 dicospesgto-

96 1295 210 1351 nomine
224 1294 336 1350 Christi.
351 1294 509 1366 adimplere
523 1310 553 1350 se
567 1294 642 1362 dicit,
659 1294 721 1366 quia
734 1293 769 1349 ad
784 1301 900 1349 mortem
950 1291 1002 1347 rtoe
1015 1291 1047 1345 ire
1058 1291 1140 1357 uobis,
1153 1289 1181 1344 id
1196 1297 1237 1345 est
1252 1289 1279 1344 in
1295 1288 1437 1361 quovobis
1447 1304 1558 1360 sperare
1569 1288 1631 1345 lieet
1640 1304 1751 1346 omnem

95 1383 183 1452 vadit,
199 1381 228 1438 in
244 1398 296 1455 qua
311 1390 353 1438 est
367 1382 565 1439 consummatio
579 1381 748 1453 passionum.
764 1381 815 1438 Vel
836 1381 874 1436 ita
890 1395 897 1435 :
949 1378 1068 1451 gloriam
1082 1377 1110 1432 iu
1135 1377 1326 1434 remissionem
1354 1384 1540 1448 peccatorum,
1570 1385 1596 1432 ει
1620 1377 1750 1447 justitiam

94 1470 240 1542 Adimpleo
252 1486 286 1527 aa
298 1472 463 1544 passionum
479 1469 595 1536 Christi,
615 1486 675 1542 quae
691 1470 779 1527 adhuc
789 1469 897 1525 desunt.
949 1466 1021 1534 vitae,
1038 1474 1064 1521 et
1078 1465 1197 1521 futuram
1212 1465 1339 1537 gloriam.
1360 1466 1445 1534 Quem
1455 1465 1539 1521 talem
1554 1465 1656 1521 scilicet
1672 1481 1749 1537 spem

96 1558 223 1616 Christus
237 1557 338 1615 multas
352 1559 496 1630 passiones
520 1557 622 1627 habuit,
648 1556 775 1629 patiendo
798 1572 899 1628 oppro·
950 1551 1751 1627 totiusgloriae(luturae)aosaaauatiamus‚omuifiducia

97 1647 171 1718 bria,
187 1647 354 1714 vexationes,
371 1655 398 1702 et
412 1646 530 1720 flagella,
553 1646 589 1701 ad
613 1645 746 1713 ultimum,
771 1654 897 1703 mortem.
913 1643 1139 1734 Bcorripieutes
1149 1657 1262 1698 omnem
1276 1640 1750 1713 hominemetdoceratescorripien-

96 1734 144 1793 Sie
168 1735 268 1791 Paulus
292 1735 448 1806 opprobria,
475 1734 603 1803 verbera,
625 1733 723 1789 multas
742 1733 901 1791 afflictiones
951 1739 993 1786 tes
1004 1729 1304 1799 errantemaveritate,
1315 1729 1359 1786 vel
1369 1727 1433 1785 fidei
1443 1729 1684 1786 contradicentem.
1699 1730 1753 1786 Do·

96 1839 200 1896 pessus
215 1831 282 1890 erat,
300 1831 327 1878 et
339 1823 374 1878 ad
388 1830 504 1878 mortem
519 1821 672 1888 festinabat,
689 1830 718 1877 ut
733 1823 803 1878 sicut
821 1822 901 1878 Chri·
950 1826 1044 1876 centes
1055 1826 1081 1874 et
1092 1818 1208 1890 eumqui
1218 1817 1357 1886 nihilscit,
1369 1817 1412 1874 vel
1423 1818 1513 1874 adhuc
1528 1817 1686 1889 simpliciter
1702 1833 1750 1873 sa-

98 1920 160 1968 stus
172 1927 224 1983 pro
239 1927 281 1973 eo,
299 1911 339 1968 sic
353 1910 412 1982 ipsc
427 1918 579 1967 moreretur
593 1926 643 1983 pro
658 1910 775 1966 Christo.
803 1910 900 1967 hdim-
950 1908 998 1979 pit,
1010 1894 1190 1979 corripientes
1198 1913 1223 1962 at
1233 1905 1365 1962 docentes
1374 1907 1407 1962 ia
1417 1907 1496 1962 omui
1505 1906 1657 1979 sapientia,
1674 1905 1751 1961 idest

97 2000 164 2073 pleo
177 2000 320 2071 passiones
345 1999 445 2056 Christi
462 2017 469 2054 :
485 2015 539 2055 non
564 1999 591 2053 in
616 1999 717 2055 damno
739 2000 786 2067 rei,
808 1999 900 2056 nonin
950 2003 1004 2051 tam
1019 1997 1053 2052 de
1076 1994 1215 2067 corporeis
1230 1995 1312 2051 rebus
1337 2010 1418 2066 quam
1435 1994 1469 2050 de
1485 1993 1662 2066 spiritalibus,
1674 1993 1748 2061 ideo,

97 2088 252 2161 opprobriis
266 2087 367 2156 solum,
382 2087 432 2144 sed
453 2090 485 2144 ia
507 2103 593 2145 carrae
613 2103 686 2143 mea.
711 2088 804 2159 ipsam
827 2088 900 2145 enim
950 2089 985 2141 ut
998 2084 1183 2141 exhibeamus
1201 2099 1257 2139 non
1281 2083 1405 2139 Judaeum
1428 2090 1541 2153 tantum,
1565 2083 1615 2138 sed
1637 2098 1751 2140 omnem

95 2192 212 2236 carnem
226 2177 342 2234 exhibeo
358 2177 393 2232 ad
408 2191 528 2248 poensm,
544 2177 634 2231 ethoc
642 2192 694 2249 pro
704 2180 898 2250 corporeejus,
952 2173 1106 2240 homiuem,
1121 2188 1172 2229 nec
1187 2171 1318 2245 gentilem
1332 2171 1432 2239 minus,
1449 2170 1573 2227 Judaeum
1584 2169 1750 2243 perlectius;

96 2265 203 2322 scilicet
219 2264 320 2320 Christi
333 2265 549 2336 multiplicando.
565 2265 627 2319 Non
640 2279 755 2335 corpore
771 2265 901 2337 quodre-
950 2261 999 2317 sed
1018 2276 1128 2317 omnem
1153 2260 1292 2317 hominem
1309 2275 1387 2332 aeque
1407 2263 1569 2333 perfeetum
1587 2260 1618 2314 ia
1640 2259 1750 2318 Christo

95 2360 207 2425 ceptum
221 2360 263 2408 cst
277 2368 359 2424 super
372 2352 466 2419 coelos,
483 2352 533 2408 sed
546 2367 596 2423 pro
621 2367 737 2423 corpore
762 2354 833 2426 quod
857 2357 900 2410 est
950 2351 1025 2416 besu,
1039 2349 1086 2422 qui
1096 2347 1171 2405 solus
1181 2350 1216 2404 ad
1225 2347 1422 2420 perfectionem
1433 2347 1541 2403 sufficit.
1551 2349 1587 2404 'la
1597 2363 1660 2420 quo,
1671 2347 1699 2402 id
1709 2353 1752 2405 est

96 2437 233 2494 Ecclesia.
249 2436 384 2493 Potuisset
399 2436 502 2493 dixisse
517 2435 677 2506 simpliciter
691 2452 742 2507 pro
752 2437 898 2507 Ecclesia3
948 2437 976 2492 in
990 2452 1044 2509 qua
1056 2453 1094 2507 re,
1106 2444 1135 2492 ut
1145 2452 1255 2492 omnem
1270 2435 1409 2493 hominem
1424 2435 1576 2508 perlectum
1594 2434 1748 2502 exhibeam,

97 2525 148 2582 scd
162 2523 210 2580 ubi
220 2523 273 2580 ait:
285 2526 339 2581 Pro
349 2540 466 2597 corpore
482 2528 543 2597 ejus
552 2528 623 2600 quod
634 2529 677 2583 est
691 2526 826 2591 Ecclesia,
842 2524 901 2597 plu·
949 2541 1003 2594 non
1019 2524 1107 2581 solum
1122 2524 1238 2595 corripio
1248 2531 1275 2581 et
1285 2524 1382 2592 doceo,
1394 2524 1443 2580 sed
1467 2524 1555 2580 etiam
1577 2524 1670 2580 laboro
1688 2539 1749 2580 aar·

97 2613 199 2669 mutum
227 2614 428 2669 commendavit
456 2612 548 2682 tidem,
579 2633 640 2687 quae
668 2614 733 2671 lacit
759 2614 899 2670 hominem
951 2614 1047 2670 tando.
1064 2613 1182 2668 Laborat
1194 2611 1353 2682 jejunando,
1369 2610 1518 2684 vigilando,
1535 2617 1562 2666 et
1580 2626 1629 2682 per
1652 2610 1749 2680 hujus·

94 2701 249 2757 membrum
274 2701 355 2771 hujus
383 2701 515 2773 corporis,
547 2703 625 2772 cujus
655 2710 736 2775 caput
764 2710 805 2757 εει
819 2701 899 2758 Chri·
949 2701 1023 2757 modi
1040 2708 1127 2758 certat
1141 2707 1234 2756 contra
1248 2707 1436 2771 persecutores
1460 2698 1630 2766 sustinendo,
1656 2707 1751 2756 contra

96 2797 167 2845 stus.
186 2791 273 2861 Cujus
294 2788 392 2846 iterum
406 2789 537 2847 Ecclesia
551 2806 598 2863 ego
612 2794 708 2863 sactus
723 2808 787 2847 sum
808 2791 899 2848 mial-
948 2789 1054 2862 pseudo
1068 2788 1150 2844 fidem
1165 2786 1360 2846 confirmando.
1384 2787 1490 2844 Laboro
1510 2795 1537 2844 et
1560 2794 1635 2844 certo
1663 2801 1751 2860 agens

98 2881 158 2934 ster
168 2877 326 2934 secundum
335 2878 587 2950 dispensationem,
598 2879 662 2952 quis
670 2880 728 2936 scio
738 2879 899 2950 dispensare
950 2877 1106 2934 secundum
1117 2876 1750 2950 operatioucmejuspuamoperatoriameiu

98 2965 247 3038 unicuique
261 2981 310 3038 pro
324 2966 406 3022 modo
421 2981 490 3035 suo;
506 2966 569 3024 huic
579 2969 717 3039 majorem,
727 2967 766 3024 illi
777 2967 896 3024 2³7²?
952 2967 1060 3022 uirtute
1084 2965 1289 3031 miraculorum,
1312 2965 1340 3021 id
1363 2971 1414 3032 est,
1436 2964 1476 3020 sio
1494 2965 1568 3020 Dens
1587 2970 1751 3035 cooperatur

99 3053 236 3110 minorem
263 3054 390 3128 mahom.
419 3055 657 3127 Dispensationem
684 3058 746 3114 dico
780 3057 839 3125 Dei,
869 3023 933 3112 ido
947 3054 1014 3109 mihi
1028 3055 1055 3109 in
1077 3053 1171 3109 labore
1196 3062 1223 3109 et
1251 3053 1411 3122 certamine,
1441 3053 1510 3109 siout
1537 3052 1565 3106 in
1593 3051 1751 3123 operatione

100 3150 144 3199 est
158 3141 228 3215 quia
242 3142 286 3198 vel
299 3144 386 3198 Deum
409 3143 499 3215 ipsum
521 3144 661 3216 dispenso,
679 3146 723 3201 vel
735 3145 799 3216 quia
824 3145 899 3201 Deus
947 3141 1152 3210 miraculorum,
1168 3142 1196 3197 ia
1216 3158 1271 3214 quo
1293 3142 1376 3198 etiam
1399 3139 1524 3199 infideles
1547 3140 1674 3198 virtutem
1698 3137 1750 3197 Dei

96 3245 143 3286 me
158 3230 376 3301 dispensatorem
392 3231 515 3299 instituit,
540 3233 690 3290 secuudum
713 3233 899 3305 dispensatio·
948 3228 1155 3287 confitenturin
1178 3246 1222 3286 me
1250 3246 1322 3286 esse.

96 3335 161 3376 nem
176 3336 238 3393 puoe
250 3319 319 3375 data
329 3324 371 3376 est
384 3321 455 3377 mihi
471 3321 502 3376 ira
517 3337 573 3378 uos.
599 3321 711 3378 Videtur
725 3323 777 3377 hoc
799 3337 899 3393 super-

97 3407 195 3475 fluere,
216 3423 279 3480 puoe
305 3409 373 3464 data
396 3413 438 3465 est
462 3410 532 3466 mihi
552 3412 584 3467 ia
613 3427 668 3477 uos,
698 3409 762 3482 quia
783 3409 898 3479 dixerat,
1260 3429 1373 3486 CAPUT
1392 3429 1430 3486 Π,

97 3494 256 3555 seeundum
269 3495 531 3570 dipensationem,-
547 3498 595 3553 sed
615 3498 777 3572 quibusdam
802 3496 900 3554 tradita

98 3593 141 3642 est
155 3584 334 3656 dispensatio,
351 3585 397 3658 qui
411 3593 501 3642 tamen
524 3587 656 3658 praeventi
678 3587 818 3659 martyrio,
843 3598 900 3643 non
989 3588 1084 3647 ·voto
1114 3588 1187 3644 enirn
1214 3603 1264 3644 vos
1291 3586 1363 3644 scire
1391 3587 1499 3660 qualem
1535 3586 1750 3644 sollicitudinem

96 3673 255 3729 habuerunt
267 3681 377 3745 tempus
392 3674 588 3746 dispensandi;
604 3674 653 3731 sed
668 3675 768 3731 Paulus
783 3682 810 3732 et
838 3674 899 3731 olfi-
951 3700 962 3731 ι
984 3678 1102 3734 habeam
1118 3676 1270 3749 provehis,
1287 3685 1314 3732 et
1326 3692 1377 3747 pro
1391 3676 1435 3731 his
1450 3676 1495 3748 qui
1519 3683 1580 3731 sunt
1604 3675 1749 3744 modiciae,

95 3761 171 3817 cium
185 3761 398 3834 dispensationis
420 3763 536 3836 accepit,
551 3760 577 3821 et
604 3764 667 3820 data
682 3772 723 3820 est
737 3763 762 3820 ei
785 3762 899 3821 lacultm
951 3790 963 3816 ι
985 3774 1011 3822 ει
1025 3765 1180 3838 quicunque
1193 3781 1249 3821 non
1263 3764 1390 3821 viderunt
1404 3763 1504 3820 taciem
1518 3778 1608 3820 meam
1617 3764 1646 3819 in
1655 3778 1748 3834 carae,

98 3848 290 3921 dssbsswfldi·
950 3877 962 3903 a
984 3863 1013 3911 ut
1027 3853 1203 3912 consolentur
1226 3853 1311 3910 eorda
1333 3853 1465 3925 ipsorum,
1485 3851 1610 3908 instructi
1630 3853 1657 3908 in
1680 3852 1751 3909 eha-

131 3937 207 3994 Lioet
220 3937 256 3992 ad
270 3936 333 3994 illos
347 3952 403 3994 non
416 3937 506 4005 luerit,
531 3939 597 3996 dicit
618 3946 710 3995 tamen
733 3939 785 3996 sibi
808 3941 899 3997 datam
951 3964 963 3994 ι
985 3943 1072 4010 ritate,
1098 3950 1125 3998 ει
1149 3958 1245 3999 omnes
1268 3941 1376 3998 divitias
1397 3941 1575 4014 plenitudinis
1597 3939 1751 3999 intellectus

94 4041 159 4084 esse
174 4024 405 4097 dispensationem
420 4027 448 4082 in
463 4042 521 4095 eos,
537 4028 600 4100 quia
614 4028 650 4085 de
664 4029 819 4100 apostolatu
840 4029 899 4099 ejus
952 4053 963 4083 ι
985 4031 1013 4086 in
1028 4031 1166 4104 agnitione
1181 4031 1304 4103 mysterii
1319 4031 1369 4087 liei
1395 4031 1480 4086 Patris
1504 4038 1531 4087 et
1554 4029 1655 4086 Christi
1674 4030 1749 4095 lesu,

95 4122 173 4185 sunt,
190 4122 217 4170 et
230 4130 281 4185 per
301 4114 452 4186 discipulos
473 4116 531 4185 ejus
552 4117 650 4172 edocti.
678 4119 747 4173 Data
761 4103 812 4174 'est
833 4117 900 4174 mihi
951 4141 963 4172 ι
984 4119 1013 4175 in
1027 4136 1081 4192 quo
1096 4127 1158 4175 sunt
1173 4136 1269 4175 omnes
1284 4119 1403 4176 thesauri
1418 4118 1556 4191 sapientiae
1579 4126 1606 4173 et
1629 4116 1751 4175 seientia

95 4203 171 4273 ideo,
187 4207 220 4259 ut
232 4203 367 4276 impleam
385 4205 500 4261 uerbum
514 4205 574 4272 Dei,
591 4204 664 4276 quod
688 4213 715 4261 ει
734 4206 841 4262 locutus
863 4205 900 4262 ab
952 4228 964 4259 ι
985 4206 1147 4264 absconditi.
1163 4208 1221 4264 Hoc
1234 4215 1324 4263 autem
1338 4207 1410 4274 dico,
1427 4215 1456 4262 ut
1470 4221 1551 4261 nemo
1564 4221 1614 4262 vos
1629 4204 1748 4276 decipiat

94 4298 212 4357 aeterno,
228 4290 298 4346 etin
313 4298 437 4363 tempore
451 4292 614 4348 vaticinatus
628 4295 899 4365 estperprophetas
952 4294 1013 4350 «in
1042 4294 1209 4350 sublimitate
1234 4309 1401 4350 sermonum.
1431 4294 1502 4349 Nam
1530 4300 1558 4349 ct
1585 4292 1609 4348 si
1636 4308 1750 4364 corpore

96 4394 176 4435 suos.
199 4379 305 4450 biegnae
333 4379 510 4442 auctoritatis,
528 4381 599 4452 apud
627 4383 714 4437 Deum
742 4382 841 4438 Paulus
868 4378 963 4438 seit·
985 4383 1086 4441 absens
1101 4399 1162 4437 sum
1176 4382 1271 4454 (lCor.
1298 4399 1326 4449 v,
1349 4382 1387 4452 3),
1413 4382 1463 4437 sed
1487 4381 1584 4454 spiritu
1608 4381 1751 4439 vobiscum

96 4466 207 4533 asserit,
223 4482 286 4523 cum
309 4468 382 4524 dicat
397 4485 447 4540 per
469 4485 499 4524 se
521 4469 653 4541 compleri
675 4471 748 4543 quod
773 4477 811 4526 tot
836 4478 899 4527 ante
952 4495 962 4521 a
985 4487 1055 4543 sum,
1072 4471 1196 4545 gaudens
1210 4480 1237 4527 et
1251 4470 1347 4527 videns
1362 4470 1486 4527 ordinem
1505 4479 1635 4540 vestram,
1652 4478 1679 4526 et
1699 4468 1750 4525 lir-

97 4564 226 4626 tempora
239 4555 401 4627 praedictum
422 4557 481 4624 luit,
499 4566 526 4613 ει
547 4558 635 4614 donec
655 4559 689 4614 ad
714 4559 804 4631 ipsum
824 4560 901 4616 inex·
952 4582 964 4613 ι
982 4567 1151 4617 mamentum
1165 4560 1224 4630 ejus
1239 4574 1300 4632 quae
1313 4557 1341 4614 in
1356 4558 1465 4616 Christo
1488 4567 1530 4615 est
1552 4557 1615 4615 fidei
1640 4566 1748 4615 vestrae.

94 4643 202 4717 pletum
216 4645 357 4713 remansit,
374 4645 478 4701 scilicet
493 4646 671 4703 salvationem
685 4647 816 4719 gentium.
833 4650 900 4705 Ver·
951 4649 1059 4706 «Sicut
1074 4665 1140 4723 ergo
1155 4647 1301 4720 accepistis
1330 4648 1423 4703 lesum
1447 4648 1582 4704 Christum
1605 4647 1751 4703 Dominum

94 4733 163 4787 bum
177 4731 228 4787 Dei
241 4731 312 4799 dico,
328 4732 356 4787 id
371 4741 412 4788 est
426 4737 595 4806 mysterium
612 4737 685 4808 quod
704 4737 900 4795 absconditum
952 4758 963 4789 ι
985 4747 1117 4806 nostrum,
1133 4737 1237 4808 inipso
1252 4735 1401 4805 ambulate,
1417 4735 1529 4792 radicati
1545 4742 1572 4791 et
1596 4731 1751 4806 supraediti-

93 4821 157 4892 suit
170 4836 187 4876 u
201 4819 337 4891 prioribus
351 4823 472 4890 seculis,
489 4827 517 4879 et
531 4823 569 4878 ita
583 4839 598 4877 a
614 4823 722 4880 saeculis
733 4825 807 4898 quod
818 4825 900 4881 etiam
952 4846 964 4877 ι
986 4826 1039 4883 cati
1050 4826 1077 4880 in
1089 4824 1153 4894 fide,
1165 4826 1233 4882 sicut
1243 4832 1269 4880 et
1278 4824 1421 4895 didicistis,
1435 4823 1603 4879 abundantes
1627 4820 1750 4880 2⁷8

94 4924 111 4962 a
136 4909 378 4979 perorationibus,
400 4909 427 4964 id
452 4918 493 4966 est
520 4912 594 4984 quod
609 4913 764 4985 quicunque
779 4913 805 4968 in
816 4914 901 4985 priori
952 4914 1012 4968 «in
1027 4913 1075 4969 illo
1090 4913 1119 4968 in
1132 4913 1282 4987 gratiarum
1297 4913 1413 4969 actione.
1440 4911 1534 4968 Videte
1557 4927 1592 4967 ne
1616 4911 1677 4984 quis
1700 4926 1750 4968 vos

95 4995 224 5070 genitura
239 5004 305 5063 erat,
320 4997 374 5053 hoo
393 5005 528 5055 secretum
548 5000 696 5080 ignoraret.
722 5001 802 5058 Licet
820 5003 900 5073 pauci
953 5025 964 5052 ι
986 5001 1104 5073 decipiat
1117 5017 1168 5073 per
1191 5000 1390 5074 philosophiam
1414 5008 1440 5056 et
1467 5000 1577 5055 inanem
1604 4999 1748 5067 fallaciam,

93 5092 162 5140 tune
177 5084 381 5157 cognovissent,
394 5094 420 5141 ει
436 5087 462 5140 hi
476 5086 617 5157 justificati
632 5104 682 5159 per
696 5088 778 5146 fidem
794 5091 900 5147 venturi
953 5112 964 5142 ι
986 5090 1137 5147 secundum
1150 5090 1325 5146 traditionem
1339 5089 1489 5154 hominum,
1517 5089 1668 5146 secundum
1691 5088 1750 5144 ele·

93 5178 126 5227 ut
141 5171 291 5228 Abraham.
310 5172 383 5229 Olim
406 5172 454 5230 luit
477 5175 679 5244 absconditum,
703 5179 752 5233 scd
774 5196 852 5236 auria
872 5179 901 5235 in
953 5200 964 5231 ι
986 5186 1078 5234 menta
1092 5178 1196 5246 mundi,
1217 5186 1244 5234 et
1265 5193 1321 5233 nou
1344 5178 1494 5234 secundum
1520 5178 1663 5244 Christum,
1687 5175 1752 5249 quis

92 5260 532 5333 diebusgratiae‚maaisestatum
542 5269 585 5321 est
595 5266 705 5322 sanctis
719 5267 902 5337 ejus,scilicet
953 5289 965 5320 s
986 5267 1014 5323 iu
1029 5267 1089 5340 ipso
1104 5267 1235 5323 inhabitat
1249 5266 1338 5323 omnis
1352 5266 1492 5339 plenitudo
1513 5266 1660 5322 divinitatis
1684 5280 1751 5322 cot·-

91 5348 207 5415 Christi,
224 5364 276 5405 nec
290 5350 426 5419 omnibus,
442 5351 492 5406 sed
515 5351 567 5407 illis
590 5355 688 5426 quibus
703 5356 776 5411 Deus
800 5356 899 5413 uoluit.
953 5380 964 5405 a
985 5356 1126 5429 poraliter,
1142 5364 1169 5414 et
1190 5356 1256 5413 estis
1277 5356 1305 5411 in
1327 5356 1374 5413 illo
1397 5355 1503 5428 repleti,
1528 5356 1575 5428 qai
1600 5361 1642 5410 est
1669 5362 1752 5426 caput

91 5438 130 5495 Ut
143 5436 183 5492 ibi
207 5438 341 5510 apparuit,
371 5439 481 5510 quando
509 5439 636 5512 discipuli
664 5444 901 5514 reprehenderunt
954 5468 965 5495 ι
987 5444 1077 5502 omnis
1090 5445 1261 5518 principatus
1275 5451 1302 5501 et
1316 5445 1468 5517 potestatis.
1487 5445 1517 5498 In
1532 5448 1622 5514 quaet
1636 5440 1753 5500 circum-

93 5526 217 5594 Petrum,
233 5524 294 5598 quia
308 5526 458 5599 recepisset
481 5528 612 5604 gentilem
633 5529 798 5600 Cornelium,
828 5548 900 5590 non·
952 5533 1036 5590 «cisi
1049 5533 1125 5604 estis,
1149 5531 1357 5592 circumcisione
1380 5546 1436 5589 non
1463 5530 1621 5591 manufacta
1649 5528 1677 5588 tn
1704 5547 1753 5594 ex-
