3742 5986
58 152 117 231 lit¹
369 148 559 209 EXPOSITIO
578 149 616 208 IN
633 147 823 207 EPISTOLAS
842 147 956 208 PAULI.
969 179 1004 194 -
1018 149 1056 207 IN
1073 149 1184 209 EPIST.
1204 152 1217 209 l
1234 151 1282 209 AD
1301 151 1384 211 COR.
1651 159 1704 215 tta

57 277 163 346 amnes,
179 279 209 333 et
223 274 305 332 etiam
318 277 498 350 offendicula,
514 275 710 348 praecipitaudo
725 275 753 331 in
764 278 891 348 pecca-A
907 276 936 333 id
950 283 992 333 est
1005 275 1107 333 familia
1121 278 1189 347 ejus,
1211 279 1326 337 Salutat
1340 293 1385 336 vos
1409 280 1536 347 arastes,
1561 282 1701 350 arcarius,

55 365 277 421 tum.Doccntes
288 365 857 439 quodproeterdoctrinamest,paamvos
906 366 934 421 id
958 372 1000 422 est
1029 366 1215 422 thesaurarius
1245 366 1371 437 civitatis,
1397 372 1426 425 et
1459 369 1581 436 Quartus
1601 373 1703 437 trater.

55 471 71 510 a
85 470 131 511 me
159 454 320 525 didicistis;
335 462 370 522 et,
394 463 424 510 ut
438 470 488 510 vos
502 454 664 522 observetis,
689 455 857 511 declinando
908 454 1012 511 Omnes
1027 455 1069 510 isti
1085 455 1266 512 sicdiccutes:
1281 457 1503 515 Gratialiomini
1516 460 1583 515 lesa
1598 458 1706 515 Christi

57 544 177 617 penitus,
194 542 362 615 separamini
376 544 410 600 ab
425 544 495 611 illis,
512 544 578 618 qnia
586 545 633 617 qai
641 544 778 615 ejusmodi
788 548 856 600 sant
906 560 970 601 carn
983 546 1111 601 omnibns
1122 546 1205 601 vobis.
1222 546 1263 600 De
1274 546 1498 602 omuibusautem
1510 547 1588 602 bonis
1604 547 1705 603 vestris

56 650 115 690 nou
130 634 262 690 serment
280 632 391 689 Christo
406 634 525 690 Domino
540 637 645 702 nostro,
662 633 710 690 sed
724 650 772 690 sao
787 649 856 690 ven·
907 633 942 688 sit
957 634 1014 689 Deo
1029 634 1116 689 houor
1129 641 1156 688 et
1175 633 1272 705 gloria.
1289 635 1321 691 m·
1335 635 1397 692 dico
1414 638 1462 710 qni
1475 639 1575 709 potens
1588 640 1706 694 esicon-

61 723 110 777 tri.
130 721 263 791 Quaerunt
276 721 350 778 cuim
365 738 426 794 quae
438 729 510 789 suut,
526 737 580 777 non
594 737 654 793 quae
667 721 733 777 Jesu
747 721 856 778 Christi.
906 722 1022 790 firmare
1033 738 1089 792 vos,
1105 723 1192 790 iacta
1209 724 1394 796 Evangeliam
1414 741 1519 792 meam,
1536 725 1564 780 id
1579 733 1621 780 est
1636 724 1706 781 sicut

56 813 89 869 lit
106 811 135 866 hi
151 811 220 867 tales
233 810 469 869 seducantcorda
483 812 689 879 innocentiam,
701 810 729 865 id
743 809 854 866 estsim·
906 827 959 883 ego
983 811 1103 882 praedico
1122 811 1209 881 vobis,
1234 819 1259 867 et
1278 813 1356 882 juxta
1378 814 1613 886 pradicationem
1638 816 1705 871 least

56 900 172 973 plicium
185 916 238 973 per
252 900 348 957 dulces
367 916 520 969 sermones,
536 898 565 954 id
579 907 620 954 est
634 898 813 966 seductorios,
829 905 859 955 et
909 898 1021 967 Christi,
1039 900 1116 968 cujus
1130 900 1286 972 pradicatio
1296 902 1393 958 endem
1405 911 1446 959 est
1460 918 1521 960 cunr
1537 919 1598 959 meo
1613 902 1705 958 Evau-

56 1007 105 1062 per
119 990 275 1046 simulatas
299 989 515 1046 benedictiones.
536 987 647 1043 Debetis
674 987 813 1044 declinare
822 988 857 1042 ab
907 987 990 1061 gello.
1005 988 1147 1061 Evangelii
1162 989 1223 1045 dico
1238 997 1263 1045 et
1288 988 1487 1062 praedicationis
1502 991 1585 1047 habiti
1600 1008 1705 1049 secan-

57 1079 98 1133 his
117 1093 124 1132 :
141 1094 208 1134 uam
218 1078 478 1135 obedientiorestra
488 1084 514 1132 et
524 1076 626 1132 bonum
638 1077 696 1145 cius
711 1077 857 1149 diuulgata
907 1077 975 1133 dam
990 1079 1192 1136 revelationem
1201 1081 1340 1153 mysterii.
1351 1080 1508 1152 Mysterium
1522 1088 1602 1137 vocat
1617 1081 1706 1137 salva-

59 1169 143 1225 estin
156 1184 269 1225 manem
285 1168 386 1234 locam,
398 1174 424 1222 et
451 1165 715 1239 proptereapaadeo
730 1165 757 1220 iu
772 1166 855 1222 nobis.
908 1167 1007 1222 tionem
1022 1166 1161 1222 hominum
1177 1186 1184 1222 :
1201 1169 1377 1240 quaeoccnlta
1391 1168 1439 1224 luit
1454 1184 1563 1241 semper
1578 1176 1640 1225 aute
1657 1169 1706 1225 ad·

59 1257 109 1315 sec
126 1264 221 1312 tamen
234 1257 295 1313 voto
306 1255 535 1328 vossapienteset
545 1262 649 1309 astutos
664 1271 722 1310 esse
731 1256 762 1309 in
776 1255 856 1322 bono,
907 1264 1018 1312 ventum
1033 1255 1142 1325 Christi,
1160 1257 1209 1312 sed
1223 1274 1274 1330 per
1289 1273 1350 1313 eum
1365 1257 1494 1313 revelata.
1507 1258 1632 1331 llysterii
1644 1257 1705 1315 dico

60 1351 84 1402 et
101 1346 134 1401 in
160 1345 236 1402 malo
261 1345 414 1415 simplices,
441 1351 468 1398 ut
491 1342 591 1397 malitia
606 1341 683 1414 pueri
698 1342 766 1399 sitis.
784 1342 858 1400 Licet
910 1346 992 1401 taciti
1004 1347 1174 1418 temporibus
1184 1348 1301 1403 eternis
1330 1345 1707 1420 antechristum:paedmy-

58 1434 176 1489 dixerim
190 1449 241 1489 vos
259 1432 406 1504 sapientes,
432 1439 523 1488 tamen
537 1431 599 1504 quia
618 1431 751 1503 sapientia
766 1439 858 1488 vestra
909 1433 1023 1489 sterium
1037 1451 1114 1491 nanc
1125 1435 1152 1488 iu
1168 1443 1289 1506 ternpore
1304 1437 1399 1507 gratiae
1410 1438 1589 1507 patefactam
1600 1438 1643 1492 cst
1656 1451 1708 1508 per

57 1538 157 1595 parum
184 1538 218 1577 ex
241 1537 271 1577 se
299 1521 357 1576 sola
380 1528 477 1592 potest,
500 1535 599 1592 precor
623 1528 652 1575 ut
682 1522 755 1577 lleas
778 1521 858 1594 pacis
906 1524 1064 1596 scripturas
1072 1522 1287 1596 prophetaram,
1297 1539 1368 1580 nunc
1379 1523 1487 1579 tandem
1498 1523 1647 1580 intellectas
1656 1539 1707 1596 per

57 1617 190 1670 conaret
200 1613 347 1681 Salonam,
364 1620 390 1667 et
405 1610 527 1666 membra
542 1611 600 1680 ejus
615 1611 665 1667 snb
673 1612 788 1684 pedibas
799 1629 895 1702 ves-B
910 1612 1057 1668 Christum.
1078 1616 1260 1685 Patefactam
1270 1613 1331 1669 dico
1351 1613 1509 1670 secandum
1531 1617 1707 1686 preceptum

59 1706 111 1759 tris
120 1709 270 1774 prostrata,
287 1709 314 1756 et
327 1701 379 1757 hoc
392 1702 534 1758 velociter.
552 1699 600 1755 llis
614 1699 693 1756 dictis
701 1701 800 1757 salutat
808 1717 857 1757 cos
911 1702 1013 1758 aterni
1026 1703 1085 1769 Dei,
1102 1701 1145 1756 cui
1158 1701 1193 1755 ab
1207 1709 1309 1758 aetemo
1321 1703 1373 1759 hoc
1388 1702 1416 1756 iu
1430 1701 1523 1772 patulo
1537 1709 1596 1757 erat
1608 1719 1615 1758 :
1628 1702 1707 1759 Pate·

59 1791 174 1860 Paulus,
192 1791 288 1848 disens
305 1805 311 1844 :
325 1791 421 1846 Gratia
433 1790 547 1846 Domini
561 1793 653 1846 nostri
671 1792 737 1846 lesa
752 1789 857 1847 Christi
911 1791 1013 1846 lactum
1028 1789 1090 1846 ideo
1104 1790 1141 1846 ad
1154 1790 1338 1848 obeditionem
1359 1791 1426 1860 fidei
1442 1792 1473 1846 in
1488 1793 1601 1848 conciis
1616 1792 1706 1864 penti·

59 1883 97 1937 sit
111 1882 265 1946 vobmcnm,
277 1879 390 1936 Salutat
405 1895 451 1936 vos
468 1878 625 1935 Timotheus
639 1879 753 1951 adjutor
767 1896 856 1946 meas,
910 1881 970 1947 bus,
982 1880 1010 1934 id
1024 1887 1066 1935 est
1080 1887 1110 1934 ut
1121 1889 1225 1936 cunctae
1240 1888 1336 1952 gentes
1360 1879 1487 1936 obediant
1501 1877 1575 1935 fidei.
1598 1878 1668 1950 Quia
1684 1880 1708 1936 si

58 1975 85 2027 ct
99 1972 201 2037 Lucas,
213 1971 347 2035 etlason,
359 1971 388 2024 et
404 1969 557 2040 Sosipater,
574 1966 617 2023 vel
632 1975 709 2039 pater
724 1967 860 2042 Sosii‚qai
911 1985 1034 2040 quaerere
1058 1968 1126 2024 velis
1150 1985 1235 2040 quare
1258 1968 1323 2025 olim
1337 1968 1447 2025 tacitum
1461 1984 1533 2024 nuuc
1546 1969 1705 2037 revelatum,

59 2065 129 2116 sant
139 2059 257 2132 cognati
270 2058 336 2114 mei.
349 2058 447 2116 Satato
458 2073 504 2113 nos
513 2073 560 2128 ego
574 2058 691 2124 Tertius,
704 2059 751 2130 qai
759 2059 860 2130 scripsi
910 2057 1011 2112 trustra
1025 2058 1078 2113 hnc
1092 2057 1205 2129 inquiris
1222 2072 1228 2111 :
1245 2057 1308 2129 quia
1330 2057 1451 2129 mysterii
1465 2053 1528 2114 dico
1543 2057 1645 2130 cogniti
1654 2059 1709 2114 soli

60 2149 221 2221 Epistulam
247 2150 279 2203 in
307 2148 435 2204 Domino.
466 2144 515 2202 llic
548 2146 653 2201 Tertius
668 2154 725 2201 erat
739 2145 860 2201 notarius
910 2147 1101 2219 sapientiltco
1118 2165 1124 2200 ι
1141 2145 1272 2219 quisolns
1288 2162 1397 2218 semper
1411 2162 1521 2203 causam
1536 2147 1594 2217 ejus
1609 2146 1722 2218 sapuit.-

60 2237 197 2309 hpostoli,
212 2236 257 2309 qui
281 2235 487 2291 salutationibus
505 2234 621 2290 allorum
638 2250 714 2290 suam
731 2234 855 2290 inseruit.
911 2238 1092 2306 Patefactum
1107 2235 1168 2291 dico
1184 2251 1237 2308 per
1265 2238 1358 2292 lesam
1370 2234 1523 2292 Christum.
1541 2236 1593 2292 Cui
1601 2235 1707 2292 Christo

58 2326 100 2382 bd
114 2325 296 2381 salutationes
309 2340 372 2381 suas
388 2324 532 2381 revertitur
542 2324 651 2392 Paulus,
668 2331 694 2380 et
704 2323 740 2379 ait
755 2341 762 2378 :
782 2325 861 2381 Sata·
912 2324 1016 2380 scilicet
1031 2324 1077 2396 qui
1091 2332 1187 2395 potens
1203 2332 1254 2391 cst,
1269 2323 1304 2379 sit
1317 2324 1407 2381 bonor
1420 2325 1545 2398 ethorio
1557 2327 1588 2380 in
1603 2326 1707 2381 secuta

61 2420 168 2472 tatros
197 2415 282 2471 Gaius
306 2414 503 2487 bospcsmeas,
529 2418 557 2470 ct
572 2415 705 2470 aninersa
724 2413 859 2479 Ecclesia,
911 2415 1089 2471 secutorum.
1107 2414 1206 2469 Amen.

344 2645 568 2711 PROLOGUS
588 2647 630 2707 IN
651 2646 810 2707 PRIMAM
832 2646 1063 2710 EPISTOLAM
1084 2646 1140 2707 AD
1162 2645 1426 2710 CORINTHIOS.

97 2754 225 2827 Epistola
261 2753 350 2826 prima
386 2754 420 2809 ad
457 2752 610 2808 Corinthios
638 2751 738 2807 multas
766 2767 862 2808 causas
876 2756 1037 2819 onovcrca.
1054 2750 1134 2820 Quod
1148 2751 1254 2807 lacinus
1274 2751 1338 2808 licet
1361 2751 1567 2810 fornicationem
1588 2752 1710 2826 appella-

63 2845 247 2916 diversasque
261 2842 460 2914 complectitur.
474 2839 597 2911 Quarum
611 2848 717 2912 partem
732 2840 862 2897 relatione
914 2842 982 2898 verit
1016 2840 1177 2912 Apostolus,
1214 2849 1307 2897 tamen
1342 2841 1379 2897 ita
1408 2841 1606 2908 condemnavit,
1630 2850 1658 2898 ut
1683 2842 1712 2897 in

62 2935 182 2989 fratrum
204 2932 334 3004 coguovit
360 2931 517 3002 Apostolus.
548 2930 649 2986 Partim
672 2930 793 3000 ipsorum
809 2930 864 2986 Co·
913 2931 1043 2988 ultionem
1060 2930 1122 2986 iacti
1136 2940 1277 2987 auctorem
1296 2929 1355 2985 talis
1379 2931 1470 3002 operis
1483 2931 1710 3008 diabolojudica-

63 3023 228 3079 rinthiorum
254 3028 315 3077 sunt
346 3019 441 3075 litteris
466 3019 601 3076 indicata.
624 3019 776 3075 Nonnullas
797 3035 863 3075 vero
914 3021 984 3077 verit
1013 3020 1196 3093 deputandum
1220 3040 1226 3076 :
1255 3019 1382 3093 imposita
1393 3019 1559 3090 judiciorum
1583 3020 1711 3077 etlilium

65 3129 117 3185 pro
133 3111 218 3168 officii
233 3111 348 3166 suicura
359 3116 404 3164 aut
414 3108 521 3164 ordinat
534 3116 581 3164 aut
591 3109 726 3176 emendat,
742 3117 768 3164 et
782 3109 865 3165 variis
915 3110 995 3167 tertia
1018 3111 1178 3184 quastione.
1197 3112 1300 3179 Quarto
1316 3110 1378 3166 loco
1401 3109 1636 3166 matrimoniorum
1648 3111 1712 3181 jura

65 3200 255 3258 curationibus
274 3199 400 3255 medetur
420 3198 529 3254 diversa
542 3197 698 3253 infirmitate
713 3198 866 3271 languenti·
916 3206 1063 3256 tractantur
1090 3200 1142 3254 his.
1175 3200 1278 3267 Qaiato
1298 3198 1359 3255 loco
1377 3198 1541 3272 virginitatis
1568 3199 1712 3257 consilium

66 3293 128 3347 hus.
154 3291 227 3346 Nam
251 3290 322 3360 apud
346 3304 394 3344 eos
415 3287 532 3360 primum
557 3296 666 3344 curatur
686 3287 865 3343 dissensionis
916 3290 990 3345 velut
1004 3306 1019 3344 e
1034 3289 1124 3346 vicino
1143 3289 1325 3360 conjungitur.
1354 3289 1440 3345 Scala
1463 3288 1524 3345 loco
1538 3289 1573 3345 de
1587 3305 1712 3346 escarum

66 3381 173 3444 vitium,
200 3378 272 3450 quod
295 3376 372 3432 multi
393 3377 683 3448 pseudoapostolorum
706 3376 864 3444 intulerunt,
915 3378 1024 3436 licentia
1044 3378 1205 3450 disputatur.
1232 3379 1356 3451 Septimo
1379 3386 1461 3450 atque
1487 3387 1585 3435 octavo
1599 3379 1661 3435 loco
1676 3379 1711 3436 de

66 3470 199 3524 unitatem
224 3467 381 3523 scindentes
404 3466 544 3534 Ecclesia,
569 3474 599 3521 ut
621 3465 726 3538 proprii
748 3465 866 3521 nominis
917 3469 1082 3524 attundendo
1108 3467 1183 3535 viris,
1196 3475 1223 3523 et
1251 3467 1407 3523 mulieribus
1423 3467 1538 3525 velando
1566 3467 1665 3540 capite,
1680 3483 1713 3525 ac

62 3559 186 3615 lacerent
200 3565 357 3623 sectatores,
374 3555 447 3627 quod
462 3554 504 3610 his
517 3555 664 3627 exprobrat
680 3554 760 3612 84
774 3555 866 3612 verbis
917 3565 1153 3615 sacramentorum
1172 3557 1362 3613 commuuione
1376 3556 1543 3629 praecipitur.
1560 3559 1637 3614 Nono
1652 3557 1714 3615 loco

64 3647 225 3721 Apostolus.
251 3648 305 3704 lloc
327 3650 424 3702 antem
439 3645 500 3702 dico
515 3645 586 3719 qaod
610 3647 803 3718 unusquisque
819 3661 867 3701 oe·
918 3647 1052 3703 aemulatio
1091 3661 1150 3719 quae
1179 3645 1335 3702 diversitate
1371 3645 1504 3703 donorum
1532 3645 1713 3720 spiritualium

68 3743 162 3795 stram
179 3736 251 3793 dicit
263 3755 272 3792 :
286 3736 341 3806 Epo
356 3733 467 3808 quidem
480 3750 543 3790 sam
565 3736 669 3790 Pauli:
688 3750 735 3806 epo
758 3738 869 3791 antem·
917 3736 1092 3806 noscebatur,
1118 3735 1169 3790 sub
1193 3735 1318 3807 exemplo
1342 3735 1529 3791 membrorum
1549 3743 1577 3792 et
1589 3735 1712 3808 corporis

67 3828 190 3900 Apollo:
206 3841 329 3896 agonem
344 3824 448 3897 Gepbe:
464 3840 512 3896 ego
533 3822 748 3880 aatcmClnisti
764 3822 863 3894 (lCcr.
918 3826 1076 3900 castigatur.
1114 3826 1225 3883 Decimo
1260 3825 1464 3881 resurrectionis
1487 3842 1550 3897 spes
1572 3825 1664 3882 multis
1687 3832 1714 3881 et

67 3934 86 3984 1,
103 3916 161 3988 12).
172 3915 208 3970 Et
222 3914 258 3969 ob
271 3914 323 3971 hoc
338 3913 447 3986 quidem
457 3914 556 3968 horum
565 3928 595 3968 se
606 3912 669 3968 dicit
680 3911 771 3968 lacere
782 3912 869 3967 nomi·
918 3915 1085 3989 argumentis
1100 3923 1127 3971 et
1140 3914 1290 3971 rationibus
1305 3914 1481 3987 approbatur.
1500 3916 1602 3974 Ultimo
1617 3916 1650 3971 de
1659 3914 1714 3972 col-

67 4022 132 4061 uum
156 4003 334 4068 mentionem,
365 4011 394 4057 ut
415 4003 499 4058 multo
513 4001 603 4075 magis
619 4000 782 4057 erubescant
796 4002 824 4057 id
839 4016 868 4056 se
917 4004 1036 4078 ligandis
1051 4005 1087 4059 ad
1095 4004 1284 4061 necessitatem
1299 4013 1455 4060 sanctornm
1470 4005 1580 4060 nomine
1595 4004 1713 4061 charita-

68 4094 161 4150 iacera
176 4092 234 4155 sub,
244 4091 376 4148 salsorum
398 4091 585 4162 apostolorum
600 4090 755 4146 nominibus
772 4108 778 4147 :
795 4089 904 4182 quodD
919 4089 953 4145 tis
968 4105 1033 4146 cura
1048 4089 1091 4145 vel
1105 4088 1248 4146 aedificatio
1263 4089 1345 4144 cultui
1360 4089 1518 4161 imponitur.
1535 4091 1710 4145 interserun-

68 4185 151 4239 etiam
166 4183 192 4236 si
206 4181 257 4236 sub
271 4181 348 4236 Pauli
363 4179 680 4248 etPetrilieretnomiue,
700 4179 867 4250 displiceret.
920 4187 962 4234 tur
989 4178 1032 4232 his
1059 4194 1143 4250 pauca
1168 4193 1228 4250 quae
1254 4185 1301 4233 aut
1328 4180 1368 4250 (ut
1403 4177 1566 4250 quibusdam
1594 4176 1713 4250 videtur)

73 4272 207 4329 Secunda
231 4285 314 4326 causa
334 4270 391 4340 ejus
412 4270 559 4336 inducitur,
576 4270 621 4341 qui
636 4277 756 4341 patemae
769 4268 869 4324 oblitus
918 4267 1039 4339 pendant
1054 4283 1086 4322 ex
1102 4266 1300 4338 superioribus,
1317 4275 1363 4324 aut
1374 4267 1484 4336 babent,
1501 4266 1564 4324 licet
1577 4265 1712 4339 proprias,
1763 4315 1767 4322 .

68 4360 244 4428 reverentia,
275 4374 389 4416 uxorem
420 4359 472 4414 sibi
499 4374 554 4415 non
587 4359 692 4415 erubuit
715 4357 806 4415 lacere
832 4356 867 4413 de
918 4365 1009 4412 tamen
1019 4356 1145 4429 purvulas
1155 4355 1286 4413 actiones.

763 4563 1020 4621 ARGUMENTUM.

103 4687 239 4745 Corinthii
254 4695 317 4744 sunt
330 4687 442 4745 Achaiai
458 4703 464 4742 :
482 4695 508 4744 et
522 4688 550 4744 hi
560 4688 684 4744 similiter
698 4689 734 4743 ab
748 4687 879 4760 hpostnlo
896 4687 1040 4744 audierunt
1053 4687 1168 4745 verbum
1191 4684 1324 4752 veritatis,
1337 4693 1363 4741 et
1377 4684 1502 4742 subversi
1517 4692 1579 4740 suut
1592 4683 1715 4740 multila·

69 4786 109 4841 rie
124 4803 139 4840 a
154 4784 233 4840 falsis
246 4784 384 4856 apostolis.
397 4784 514 4854 Quidam
528 4801 544 4839 a
558 4786 737 4857 philosophiae
752 4786 869 4843 verbosa
879 4785 1033 4859 eloquentia
1049 4804 1056 4852 3
1072 4785 1117 4840 alii
1130 4793 1205 4841 secta
1220 4783 1290 4856 legis
1305 4782 1423 4838 ludaicae
1446 4782 1549 4838 inducti
1571 4790 1643 4838 sunt.
1660 4784 1717 4840 llus

70 4893 182 4940 revocat
194 4884 342 4955 Apostolus
355 4884 390 4938 ad
405 4899 497 4940 veram
512 4882 595 4939 fidem
609 4891 636 4940 et
650 4884 844 4959 Evangelicam
867 4884 1029 4957 sapientiam
1046 4900 1052 4940 :
1069 4883 1195 4940 scribens
1216 4883 1256 4938 eis
1270 4882 1304 4939 ab
1329 4882 1439 4955 Epheso
1462 4897 1512 4953 per
1534 4880 1716 4952 Timotheum,

70 4981 236 5054 discipulum
249 4998 337 5038 suum.

459 5161 753 5226 ARGUMENTUM
774 5165 813 5224 Β.
836 5161 1046 5226 BRUNONIS
1068 5162 1110 5224 IN
1130 5161 1316 5224 EAMDEM.

104 5299 207 5354 Paulus
229 5296 422 5368 predicaverat
445 5295 601 5361 Corinthiis,
628 5304 655 5351 et
676 5312 724 5352 eos
738 5298 773 5352 ad
786 5296 868 5353 fidem
919 5296 1001 5352 nimis
1015 5298 1192 5354 adherebant
1214 5296 1377 5354 carnalitati.
1401 5295 1525 5365 Quandiu
1541 5308 1630 5355 autern
1644 5300 1719 5356 Pau-

72 5395 271 5444 converterat:
301 5386 374 5457 apud
401 5402 469 5458 quos
497 5401 546 5456 per
561 5400 661 5441 aunum
681 5394 707 5441 et
727 5386 869 5441 dimidium
919 5386 962 5441 lus
977 5403 1100 5458 praeseus
1114 5386 1172 5455 luit,
1191 5387 1369 5443 adhaeserunt
1382 5403 1444 5442 curn
1459 5387 1631 5459 simplicitate
1645 5402 1719 5458 prse-

71 5478 150 5547 (sieut
165 5476 304 5533 credimus
318 5474 512 5546 commoratus)
536 5482 578 5530 est
597 5490 603 5530 :
624 5474 720 5531 videns
734 5475 807 5547 quod
822 5475 869 5531 diu
919 5476 1005 5547 ceptis
1016 5477 1074 5546 ejus
1091 5493 1098 5530 ε
1115 5475 1213 5546 quibus
1224 5476 1372 5551 ipsequasi
1382 5475 1551 5548 simplicibus
1561 5475 1721 5548 simpliciter

72 5575 97 5623 et
124 5567 154 5623 iu
177 5564 271 5622 multis
293 5564 491 5623 consulendum
506 5572 588 5623 esset
615 5562 775 5635 Corinthiis,
804 5563 869 5638 quia
918 5564 1126 5638 praedicaverat,
1144 5564 1235 5623 sciens
1248 5564 1609 5640 carnalitati-corumpotius
1622 5565 1722 5626 obesse
