3742 5986
91 132 145 187 bib
770 144 1073 209 CONSUETUDINES.

126 257 173 311 25.
189 254 401 326 completorium
415 266 509 330 postea
523 269 644 318 sonatur.

128 353 175 407 26.
192 351 222 406 In
237 351 390 411 Parasceve
404 371 493 426 genua
507 356 649 427 flectimus,
666 362 795 421 Miserere
808 367 876 438 mei,
887 369 970 437 Dens,
983 370 1111 428 dicimus.

123 447 169 502 27.
186 447 314 520 Totisque
328 450 370 506 bis
385 451 470 506 tribus
485 452 581 510 diebus
595 470 692 527 preces
702 458 802 532 singuli
818 462 919 536 quique
933 465 962 520 in
976 465 1083 523 silentio
1097 468 1213 526 dicimus
1226 471 1255 527 in
1278 473 1403 530 omnibus
1418 476 1509 544 horis,
1528 479 1587 537 hac
1602 495 1656 536 una
1676 496 1741 539 ora·

92 540 170 596 tione
184 544 318 612 contenti,
339 548 463 619 Respice,
478 566 648 621 qnoercmns,
666 555 802 626 Darnine,·
819 566 958 633 totumque
980 561 1038 620 iera
1061 564 1180 623 officinm
1199 568 1277 638 juxta
1295 570 1457 628 clericorum
1481 589 1586 631 morem
1608 578 1740 651 exsequi-

91 651 164 690 mur.
181 637 342 695 Psalterium
354 641 413 697 aliis
427 643 536 699 omissis
547 647 673 718 operibus
687 649 910 723 frequentamus3
925 673 942 714 a
956 661 1071 719 sacrista
1093 663 1170 721 laicis
1181 668 1339 736 juvantibus
1352 670 1496 726 mundatur
1512 673 1638 730 ecclesia.
1656 674 1741 748 Signo

91 734 229 807 aliquanto
244 738 346 795 tardius
359 756 441 812 quam
457 743 526 800 solet
541 745 614 814 dato,
630 756 708 805 sexta
722 759 749 805 et
761 767 834 808 nona
847 755 1024 815 continuatim
1038 761 1066 816 in
1086 762 1162 819 cellis
1180 764 1316 834 dicuntur,
1334 775 1362 824 et
1374 768 1483 825 interim
1497 771 1628 827 sacerdos
1649 772 1740 829 indui·

90 836 147 898 tur,
162 832 280 905 datoque
295 834 394 891 iterum
409 837 489 910 siguo
504 839 539 894 ad
553 842 696 899 ecclesiam
707 848 900 909 convenientes
914 853 1031 912 officium
1046 875 1079 914 ex
1089 876 1164 917 more
1180 862 1358 920 celebramus.
1375 866 1508 923 Praecedit
1517 867 1608 939 lectio,
1619 869 1741 941 seqnitur

89 934 195 983 tractus
209 935 237 985 et
250 929 419 989 oratioDeus
431 951 449 990 c
463 951 515 1007 quo
530 940 560 993 et
571 939 677 1008 dadas,-
690 942 755 998 item
768 944 821 1000 alia
834 946 924 1019 lectio,
939 959 965 1008 et
980 960 1092 1028 tractus,
1109 957 1207 1016 deinde
1222 962 1314 1033 passio
1326 963 1430 1035 absque
1440 964 1576 1020 Dominus
1588 964 1737 1036 uobiscum,

89 1032 152 1094 post
167 1039 248 1096 quatu
263 1028 418 1096 orationes;
434 1030 532 1103 quibus
547 1033 629 1091 sinitis
644 1039 751 1095 exuitur
764 1047 895 1103 sacerdos
905 1050 1007 1118 casula,
1023 1054 1156 1111 nudamus
1166 1059 1260 1128 pedes,
1277 1059 1449 1133 oblatamque
1467 1076 1482 1115 a
1497 1061 1611 1117 diacono
1626 1076 1736 1118 crucem

91 1122 285 1179 venerabiliter
298 1125 465 1196 osculamur,
482 1130 686 1191 dicentesintra
699 1152 750 1193 uos
769 1138 870 1212 singuli
887 1145 1065 1206 :Adorcmas
1081 1155 1117 1222 te,
1142 1151 1261 1224 Christe,
1278 1159 1307 1211 ct
1322 1156 1511 1213 benedicimus
1529 1158 1588 1224 tibi,
1608 1158 1674 1230 qnia
1687 1173 1738 1230 per

89 1225 219 1277 sanciam
233 1239 346 1280 crnecm
370 1230 450 1282 tuom
471 1229 615 1287 redemisti
634 1237 782 1293 rnnndnm.
806 1239 916 1297 Interlm
939 1253 1088 1302 conventus
1103 1257 1192 1307 cantat
1209 1253 1394 1325 antiphonam,
1420 1256 1473 1312 Noa
1496 1259 1594 1311 cutem
1616 1255 1737 1326 ploricri

88 1321 210 1388 oportet,
227 1325 254 1375 et
269 1321 464 1392 Respousoria,
488 1329 594 1399 Popuie
611 1348 691 1388 mens
710 1340 737 1389 et
758 1337 891 1408 Expandi
908 1357 1012 1399 manns
1035 1361 1122 1402 mens.
1148 1348 1212 1404 Post
1235 1364 1295 1420 quae
1315 1349 1350 1405 ad
1374 1351 1463 1407 locum
1488 1351 1630 1422 pristinum
1653 1366 1735 1407 cruce

87 1413 185 1483 relata,
201 1417 333 1475 sacerdos
347 1419 410 1476 lotis
424 1423 550 1480 manibus
564 1428 711 1502 casulaque
725 1432 844 1505 indutus,
861 1437 975 1495 calicem
990 1457 1051 1497 cum
1066 1443 1129 1501 vino
1141 1460 1254 1517 corpore
1268 1447 1377 1503 Domini
1391 1448 1572 1520 superposito,
1588 1462 1605 1503 a
1619 1447 1734 1504 diacono

88 1512 212 1584 suscipit,
227 1513 370 1572 inchoante
385 1518 483 1575 eodem
496 1525 724 1598 communionem,
741 1531 795 1587 lloc
810 1548 924 1606 eorpus.
945 1535 1049 1605 Quibus
1058 1538 1086 1592 in
1102 1539 1181 1595 altari
1190 1541 1357 1613 compositis,
1374 1551 1436 1614 post
1449 1543 1585 1600 modicum
1600 1543 1735 1599 silentium

86 1608 164 1680 icipit
177 1610 226 1680 sic,
245 1613 369 1680 Orcmns,
385 1621 532 1690 preceptis
547 1623 722 1682 salutaribus
737 1631 850 1686 moniti.
866 1632 962 1705 ianas
977 1635 1027 1692 Dei
1041 1652 1096 1692 uon
1109 1637 1216 1708 dicitur,
1228 1655 1279 1697 nec
1288 1638 1317 1696 in
1328 1641 1457 1697 Sabbata.
1474 1641 1607 1713 Percepto
1621 1648 1735 1697 autema

85 1706 231 1764 sacerdote
245 1709 353 1766 Domini
368 1727 493 1785 corpore,
513 1732 642 1789 vesperas
656 1722 817 1782 altemtrum
831 1745 892 1784 cum
907 1731 1015 1789 silentio
1029 1733 1156 1791 dicimus.

121 1806 167 1861 28.
184 1804 314 1877 Sabbata,
324 1809 437 1865 cantatis
452 1811 480 1866 iu
494 1813 598 1870 cellulis
612 1825 689 1874 sexta
703 1827 729 1875 et
742 1838 824 1892 nona,
837 1833 864 1882 et
877 1826 984 1885 interim
998 1831 1138 1887 sacerdote
1152 1831 1256 1901 induto,
1272 1834 1308 1889 ad
1322 1832 1466 1890 ecclesiam
1481 1832 1651 1905 congregati,
1664 1846 1734 1903 prte-

86 1902 178 1957 missis
201 1911 318 1975 quatuor
338 1905 499 1965 lectionibus
521 1927 583 1967 curn
604 1914 689 1971 tribus
717 1921 847 1977 tractibus
870 1930 898 1980 et
920 1925 1014 1982 litania
1031 1928 1166 2000 perbrevi,
1187 1930 1332 1987 missama
1350 1933 1432 2004 ltpric
1451 1933 1556 1988 eleison
1576 1929 1735 1986 solemniter

85 1999 264 2069 inchoamus,
278 2003 372 2060 Gloria
386 2005 418 2060 in
429 2008 550 2064 excelsis
565 2011 619 2068 Deo
635 2011 759 2081 dicimus,
775 2017 844 2073 duas
858 2022 988 2078 candelas
1003 2025 1188 2095 accendimus,
1204 2044 1301 2099 pacem
1314 2029 1479 2101 accipimus,
1503 2028 1643 2085 incensum
1667 2041 1733 2083 uero

85 2111 142 2152 non
156 2097 306 2155 adolemus.
324 2100 429 2170 Quibus
443 2103 558 2175 expletis
572 2107 679 2178 pulsato
698 2111 877 2172 tintinnabulo
891 2133 1021 2190 vesperas
1033 2104 1109 2190 iuxta
1128 2139 1235 2180 morem
1248 2125 1436 2182 monachicum
1449 2124 1649 2182 solemnissime
1663 2139 1732 2180 can·

83 2203 183 2252 miuus.

120 2295 165 2350 29.
181 2293 213 2347 ln
226 2291 270 2349 die
285 2301 378 2350 sancto
392 2296 506 2353 Paschae
519 2297 589 2356 inter
602 2303 745 2361 matutinas
760 2316 786 2364 et
801 2312 926 2383 primam,
942 2317 1055 2387 cunctis,
1072 2318 1100 2374 in
1115 2327 1246 2392 quantum
1261 2336 1355 2377 eorum
1370 2320 1461 2376 sinunt
1475 2318 1645 2386 obedientiae,
1656 2318 1732 2374 laicis

82 2391 262 2461 presentibus
276 2400 303 2448 et
318 2395 590 2468 communicantibus,
607 2416 640 2456 ea
659 2403 816 2463 celebritate
837 2424 889 2480 qua
912 2412 1062 2471 Dominicis
1088 2414 1156 2472 solet
1175 2404 1272 2474 diebus
1295 2418 1380 2473 missa
1405 2422 1537 2484 cantatur,
1563 2414 1670 2472 duobus
1689 2413 1731 2471 uel

83 2486 172 2543 tribus
186 2490 383 2546 monachorum
393 2493 737 2564 sacerdotemjuvantibns.

121 2587 165 2639 ³0.
182 2585 212 2639 ln
225 2585 324 2655 majori
335 2585 419 2642 missa
433 2589 613 2646 communicat
626 2605 784 2665 conventus,
802 2608 828 2657 ct
845 2603 938 2675 quide
952 2605 1029 2661 laicis
1044 2607 1271 2664 communicaturi
1284 2615 1357 2663 sunt.

120 2683 164 2736 31.
181 2681 265 2737 Totos
280 2690 397 2753 quatuor
410 2683 461 2738 hos
475 2684 534 2741 dies
548 2687 744 2749 celeberrimos
766 2695 899 2756 ducimus.
925 2701 1002 2758 Feria
1025 2703 1153 2770 secunda,
1173 2704 1261 2772 tertia,
1287 2711 1384 2776 quarta
1401 2703 1430 2758 in
1443 2702 1583 2760 matutinis
1604 2700 1731 2758 laudibus

83 2775 153 2831 duas
177 2777 304 2833 candelas
328 2779 503 2835 accendimus
524 2781 720 2859 incensumque
743 2791 893 2852 offerimus.
913 2798 992 2855 Feria
1007 2808 1102 2873 quarta
1123 2801 1253 2857 recedunt
1266 2801 1339 2856 laici.
1365 2800 1473 2871 Quinta,
1489 2807 1575 2866 sexta,
1600 2799 1729 2866 Sabbato,
1767 2841 1769 2845 a
1820 2814 1823 2825 ·

83 2879 189 2928 sextam
203 2872 231 2927 in
245 2872 361 2929 ecclesia
371 2882 509 2957 cantantes
517 2878 597 2934 simul
604 2881 751 2942 reficimus.
763 2890 1003 2952 Hebdomadarum
1017 2897 1128 2954 Paschae
1136 2905 1161 2953 et
1171 2897 1347 2954 Pentecostes
1356 2896 1495 2968 prioribus
1510 2896 1606 2952 diebus
1620 2903 1734 2967 quatuor

82 2966 188 3024 nullum
203 2969 312 3026 omnino
330 2978 487 3027 sanctorum
502 2971 600 3030 festum
614 2978 793 3041 celebramus.
810 2987 906 3046 Tribus
919 3007 986 3049 vero
1000 2992 1203 3064 posterioribus,
1220 2994 1244 3050 si
1258 2993 1340 3049 triam
1349 2994 1495 3050 lectionum
1510 2992 1608 3047 iestum
1632 3005 1731 3047 occur-

79 3065 159 3216 Elerg,
176 3065 261 3122 solam
276 3068 573 3142 commemorationem,
589 3072 734 3135 sinautem
750 3081 905 3158 duodecim,
917 3096 1003 3146 totum
1016 3090 1142 3149 lacinus.
1170 3091 1353 3165 desponsaria
1372 3089 1509 3163 paschalia
1528 3087 1730 3163 quatuordecim

101 3160 126 3216 'e
145 3177 179 3217 us
193 3170 345 3219 canamus.

116 3261 160 3316 32.
176 3261 259 3316 Actus
272 3260 456 3332 apostolomm
472 3261 558 3318 tribas
573 3262 799 3334 hebdomadibus,
815 3266 961 3322 canonicas
976 3282 1042 3323 vero
1065 3267 1202 3339 Epistolas
1225 3267 1326 3324 exinde
1349 3282 1437 3339 usque
1458 3266 1494 3322 ad
1513 3264 1727 3331 Ascensionem3

79 3363 105 3411 ct
120 3354 155 3410 ab
169 3355 337 3413 escensione
351 3373 439 3430 usque
453 3358 488 3414 ad
503 3359 681 3418 Pentecosten
704 3362 897 3436 apocalypsim
916 3365 1119 3434 tantummodo,
1135 3364 1274 3437 partimin
1290 3365 1417 3432 ecclesia,
1433 3363 1531 3436 partim
1545 3363 1574 3421 in
1587 3361 1729 3420 refectorio

80 3450 258 3523 perlegimus.

116 3550 161 3605 33.
176 3548 257 3606 Feria
269 3549 348 3607 tertia
362 3550 545 3625 Rogatianum
560 3550 647 3608 semel
659 3546 807 3613 reficimus,
824 3543 874 3600 sed
888 3544 1032 3618 coquinam
1047 3545 1172 3602 iacimus.

754 3662 1047 3720 couuuutaatuu.

77 3758 191 3832 speciali
200 3775 261 3833 cap.
277 3763 311 3816 35
325 3760 512 3834 primaepartis
525 3762 696 3834 antiquorum
710 3761 876 3816 statutorum
889 3765 916 3825 Δ
927 3760 976 3817 Hic
991 3773 1125 3830 apparere
1138 3757 1233 3830 incipit
1245 3773 1311 3814 usus
1331 3758 1463 3815 iestorum
1478 3755 1650 3827 solemnium,
1665 3769 1727 3828 qum

78 3846 141 3904 tuse
155 3864 315 3920 expressum
329 3849 455 3918 habetur,
477 3858 558 3922 prout
581 3850 648 3906 ratio
672 3848 878 3905 condendorum
928 3849 991 3905 ideo
1019 3847 1205 3904 candelarum
1223 3846 1251 3901 in
1266 3846 1384 3919 antiquis
1408 3845 1515 3902 statutis
1538 3853 1565 3901 et
1587 3843 1726 3902 veteribus

77 3942 243 3991 statutorum
253 3935 346 4008 exigit.
363 3937 489 3993 Monachi
503 3937 531 3992 in
547 3937 698 3994 claustrum
713 3936 793 3992 simul
809 3950 878 3992 con·
927 3935 1006 3992 libris
1020 3935 1125 3993 ordinis
1140 3934 1321 4007 appellantur,
1338 3935 1402 4007 quia
1416 3933 1444 3989 in
1464 3934 1574 4008 siquam
1596 3931 1727 3989 solemnis

76 4023 318 4081 ueniebantcertis
331 4025 439 4093 diebus,
460 4033 486 4082 et
510 4025 564 4082 alia
578 4025 713 4081 iaciebant
726 4024 760 4080 de
779 4024 878 4097 quibus
927 4024 1021 4096 gaudii
1034 4023 1062 4079 in
1077 4024 1214 4080 matutinis
1228 4030 1255 4080 et
1279 4024 1402 4096 vesperis
1424 4023 1534 4080 illarum
1552 4021 1729 4079 festivitatum

74 4126 127 4167 suo
144 4110 205 4169 loco
228 4119 335 4184 agetur.
357 4113 407 4170 llic
426 4120 530 4169 tantam
544 4113 706 4169 adnotamus
730 4112 798 4169 nibil
813 4112 878 4168 novi
928 4113 999 4170 cerei
1013 4112 1242 4169 accendebantur.

75 4198 178 4255 debere
193 4199 318 4271 imputari
332 4216 368 4258 ex
384 4203 436 4258 hoc
450 4201 512 4259 loco
524 4201 723 4272 posterioribus
748 4202 780 4257 a.
803 4199 877 4256 Patri
962 4201 1044 4256 Nam.
1061 4205 1106 4256 33.
1121 4231 1156 4242 -
1169 4202 1252 4256 Feric
1267 4203 1355 4257 tertia
1370 4203 1652 4272 liopcticnnmsemel
1665 4204 1728 4274 refi-

74 4286 195 4359 Guiqoni
210 4289 345 4356 Patribus,
357 4290 404 4361 qui
417 4290 445 4344 in
461 4289 580 4361 antiquis
590 4289 698 4345 statutis
713 4297 829 4362 egerunt
842 4290 876 4344 de
926 4290 1027 4356 cimas,
1040 4290 1088 4345 scd
1102 4291 1252 4362 coquinam
1266 4289 1399 4360 [ammas.
1421 4291 1452 4344 ln
1475 4289 1593 4363 antiquis
1614 4291 1727 4348 Statutis

74 4375 308 4432 recordationibus
334 4395 341 4432 :
364 4393 427 4433 narn
461 4376 514 4433 late
550 4385 652 4433 tantum
686 4377 823 4449 explicant
850 4383 878 4432 et
926 4384 1024 4448 1part.
1044 4391 1105 4448 cap.
1123 4379 1166 4445 ta,
1183 4391 1212 4432 u.
1236 4379 1262 4445 6,
1285 4376 1385 4450 legitur
1401 4394 1408 4431 :
1424 4379 1506 4434 Ferin
1530 4381 1618 4436 tertia
1631 4383 1661 4436 ct
1678 4395 1725 4438 te-

73 4461 186 4519 firmant
200 4480 281 4521 usum
296 4465 437 4537 aanuum
452 4465 682 4537 recordationum,
707 4465 754 4539 qui
776 4466 820 4522 hic
838 4464 877 4520 in·
926 4465 1020 4522 canda
1030 4465 1216 4535 uocationem
1226 4463 1313 4521 semei
1328 4464 1479 4534 reficimus,
1491 4466 1539 4521 scd
1548 4468 1623 4537 serie
1639 4469 1727 4525 tertia

73 4549 225 4624 digitatur3
241 4553 291 4610 sed
304 4553 415 4624 clarius,
437 4554 572 4611 succincte
590 4562 691 4623 tamen,
716 4553 876 4626 exprimitur
925 4557 1043 4610 cnseret
1054 4553 1112 4609 ocis
1128 4553 1195 4609 ticet
1208 4553 1261 4609 nti.
1277 4551 1319 4608 td
1334 4551 1541 4624 intelligendum
1556 4561 1646 4611 antem
1661 4555 1727 4627 quid

75 4637 148 4693 inira
159 4654 220 4713 cap.
237 4643 263 4695 9.
925 4641 977 4696 sibi
991 4641 1055 4698 velit
1070 4641 1105 4697 ll.
1126 4641 1155 4696 P.
1173 4640 1263 4713 Guigo
1277 4640 1362 4697 verbo
1376 4641 1608 4712 coquinoeinboc
1623 4651 1649 4698 ct
1664 4641 1726 4698 aliis

110 4727 192 4785 Num.
209 4732 254 4787 28.
271 4729 389 4786 Sabbata
404 4732 531 4788 cantatis
541 4733 574 4788 in
587 4732 705 4788 cellula.
721 4731 802 4786 idest
811 4745 875 4802 per·
924 4729 1003 4800 locis,
1020 4729 1160 4786 sciendum
1178 4736 1220 4785 est
1248 4736 1312 4786 tunc
1335 4728 1419 4785 iuisse
1444 4729 1472 4784 in
1494 4746 1545 4785 usu
1567 4729 1640 4802 apud
1663 4744 1725 4801 nos,

72 4815 180 4885 solatis,
197 4833 261 4872 nam
274 4824 353 4874 extra
367 4818 481 4874 chorum
500 4818 571 4891 apud
587 4834 791 4892 nosnunquam
810 4817 874 4875 oili·
897 4837 900 4843 ·
924 4813 1006 4886 idque
1018 4831 1068 4886 per
1084 4813 1160 4885 plura
1174 4813 1275 4870 saecula
1290 4813 1475 4870 continuatum
1491 4813 1586 4881 luisse,
1609 4820 1639 4868 ut
1662 4829 1725 4870 mo·

72 4902 119 4960 cia
133 4902 224 4959 dirina
236 4905 345 4962 luerunt
360 4915 476 4977 cantata,
494 4914 521 4964 et
533 4907 672 4980 piissimas
687 4907 803 4979 scriptor
815 4905 875 4962 lere
924 4903 1003 4958 nachi
1016 4910 1123 4974 partem
1136 4902 1224 4958 victus
1249 4901 1291 4957 sui
1315 4901 1367 4957 sibi
1391 4908 1539 4974 coquerent
1561 4901 1590 4957 in
1612 4901 1727 4974 propria

72 4989 175 5064 ubique
189 4992 303 5049 verbum
313 4998 431 5051 cantare
441 5011 490 5067 pro
503 4997 661 5068 persolvere
676 5003 800 5067 usurpat.
924 4990 1003 5058 cella,
1018 4989 1087 5046 offas
1102 5005 1201 5062 nempe
1214 4997 1242 5046 et
1256 4990 1382 5063 quaedam
1397 4988 1536 5063 legumina
1557 4989 1652 5062 eisque
1669 4998 1726 5046 tan·

107 5079 189 5135 Ntttn.
205 5084 250 5137 29.
267 5083 378 5139 Duobus
398 5085 441 5140 vel
456 5083 547 5141 tribus
556 5084 760 5141 monachorum
777 5086 978 5172 sacer-Blutn
1007 5078 1206 5134 ministraretur
1233 5094 1248 5133 a
1275 5078 1449 5152 coquinario,
1480 5085 1507 5134 ei
1536 5078 1724 5150 dispensatore

70 5167 166 5224 Diem
182 5170 362 5240 juvantibus.
391 5171 456 5226 Inde
480 5179 594 5243 apparet
614 5173 688 5244 quod
714 5179 778 5228 tunc
800 5179 874 5228 recto
925 5167 1063 5225 communi
1072 5168 1162 5239 panis,
1174 5166 1268 5223 vinum
1283 5174 1310 5222 et
1324 5167 1353 5222 id
1367 5167 1440 5239 quod
1454 5166 1481 5222 in
1496 5164 1636 5239 plerisque
1655 5167 1724 5224 locis

72 5261 177 5311 tanttun
192 5263 256 5313 tono
279 5257 394 5314 missam
414 5259 496 5316 istam
513 5267 672 5327 cantarent3
693 5275 765 5316 nuuc
781 5274 875 5315 mona·
925 5256 1157 5313 consuetudinum
1172 5256 1204 5311 ii.
1222 5256 1252 5312 P.
1268 5255 1403 5329 Guiqonis
1414 5257 1545 5328 pitantia
1559 5254 1723 5327 appellatur.

72 5342 117 5400 chi
133 5358 229 5401 omnes
244 5345 307 5402 huic
330 5346 422 5403 missac
445 5346 577 5404 assistunt
600 5355 626 5404 et
651 5363 712 5404 carn
735 5347 808 5404 notis
823 5347 875 5404 de·
925 5344 1075 5417 Coquinam
1089 5360 1156 5418 ergo
1170 5343 1251 5400 istam
1265 5359 1375 5414 semper
1387 5343 1440 5401 sibi
1455 5343 1590 5401 iaciebant
1603 5342 1725 5413 exceptis

73 5439 194 5488 canunt.
924 5432 1022 5489 diebus
1037 5432 1217 5503 abstinentiae,
1232 5441 1259 5489 et
1273 5432 1371 5487 diebus
1384 5432 1534 5501 refectorii,
1550 5430 1649 5502 quibus
1662 5437 1726 5488 tunc

104 5519 186 5576 Num.
198 5523 242 5577 ³1.
256 5521 340 5580 l'crta
353 5522 486 5591 secanda,
500 5529 565 5594 etc,
578 5521 804 5593 dncrccndetat,
819 5529 873 5582 etc.
925 5521 1047 5579 simulin
1068 5519 1527 5579 relectoriocomcdabant.1ncus
1549 5517 1725 5588 antiquorum
