3742 5986
154 177 208 232 Dlh
430 172 458 229 S.
478 170 656 229 BRUNONIS
674 167 995 230 GARTHUSIANOHUM
1013 159 1256 225 tttsvtrttroats'
1274 166 1354 224 OPP.
1378 165 1467 224 PARS
1486 167 1529 223 11..
1744 164 1800 226 uta

158 299 216 354 ain
239 297 370 356 charitate
393 296 468 353 liant.
495 296 617 354 Obsecro
641 304 731 352 autern
753 312 812 364 vos,
837 294 986 359 tratres,A
998 292 1097 348 itumm
1107 292 1141 348 ad
1151 308 1209 359 vos,
1220 291 1296 363 prius
1308 296 1404 347 tumen
1415 292 1582 364 permanebo
1594 289 1695 363 Ephesi
1708 307 1797 364 usque

159 409 170 438 ι
185 386 270 443 nostis
281 386 392 443 domum
407 386 561 456 Stephanae,
580 394 606 441 et
616 385 767 451 Fortunati,
778 393 805 440 et
818 382 948 450 Achaici;
999 380 1239 439 uchntccorten.
1255 382 1289 435 Et
1304 395 1417 437 necesse
1432 387 1473 436 est
1487 378 1525 434 ibi
1544 392 1708 450 permanere
1731 395 1796 446 me,

158 498 171 523 ι
187 475 314 546 quoniam
328 481 392 529 sunt
405 473 532 545 primitiae
554 473 672 539 Acbaiae,
690 481 716 528 et
729 473 757 528 iu
771 471 950 526 ministerium
1000 468 1063 540 quia
1077 470 1181 526 ostium
1196 473 1326 541 apertum
1340 471 1384 525 est
1393 468 1465 524 mibi
1474 484 1620 540 muqnum,
1636 466 1665 522 id
1679 474 1720 523 est
1731 467 1797 538 quia

157 585 168 616 ι
186 570 341 619 sanctorum
362 561 554 617 ordinavemnt
573 562 689 632 seipsos,
704 569 733 616 ut
747 568 774 616 et
788 575 837 617 vos
851 558 952 614 subditi
1000 557 1076 612 multi
1090 557 1273 628 Ephesiorum
1287 558 1323 612 ad
1338 554 1419 612 fidem
1429 572 1459 612 se
1468 563 1630 629 praeparent.
1641 556 1676 610 lit
1690 557 1796 612 ostium

158 672 169 703 ι
188 651 248 706 sitis
262 649 405 719 ejusmodi,
426 655 453 705 et
476 650 550 704 omni
574 648 731 720 cooperanti
754 656 780 704 et
801 646 947 702 laboranti.
1000 646 1133 712 euidens,·
1149 645 1279 716 quiajam
1299 645 1422 718 quaedm
1437 645 1517 718 sigua
1531 643 1594 701 fidei
1605 644 1686 700 video
1696 644 1725 700 in
1735 645 1796 700 eis:

156 761 169 791 a
187 738 301 795 Gaudeo
322 745 411 793 autem
434 737 623 809 inpraesentia
645 736 796 807 Stephanae,
814 744 841 791 et
854 735 952 791 Fortu-
1001 741 1027 789 et
1043 741 1149 804 oportet
1164 749 1207 789 me
1222 733 1367 802 insistere;
1383 732 1445 805 quia
1458 734 1614 790 adueramii
1628 733 1796 797 multisunt,

157 848 169 879 ι
185 826 249 894 nati,
266 833 293 882 et
316 826 425 883 Achaici
440 842 447 881 :
465 825 592 898 quoniam
616 825 642 879 id
666 824 740 897 quod
755 824 832 880 vobis
847 824 950 889 deerat,
1001 822 1046 894 qui
1060 821 1151 877 volunt
1166 836 1213 877 eos
1228 822 1380 878 subducere
1394 821 1512 878 Christo.
1523 821 1583 894 Ego
1598 819 1680 876 modo
1695 821 1800 892 Ephesi

156 937 168 964 a
186 914 238 988 ipsi
253 914 457 986 suppleverunt.
482 913 643 970 llelecerunt
663 914 735 968 enim
749 921 776 969 et
788 929 879 969 meum
894 912 952 983 spi·
1001 910 1127 965 manebo:
1138 911 1168 966 Si
1180 909 1399 967 antem154
1412 910 1581 975 Timotheus,
1592 908 1799 966 delereushanc

159 1026 170 1051 ι
189 1003 281 1071 ritum,
299 1011 325 1057 et
348 1009 479 1058 vestrum.
503 1001 667 1074 cognoscite
682 1017 748 1073 ergo
761 1001 808 1073 qui
820 1000 954 1070 ejusmodi
1002 998 1162 1069 Epistolam,
1178 1000 1288 1055 uenerit
1299 999 1336 1055 nd
1352 1015 1408 1065 uos,
1424 999 1515 1055 videte
1529 1000 1634 1053 utsinc
1647 999 1749 1054 timore
1759 1000 1798 1054 sit
1819 1058 1821 1062 ,

157 1098 259 1146 «sunt.
277 1090 401 1146 Salutaut
425 1106 475 1146 vos
497 1106 592 1146 omnes
612 1090 743 1146 Ecclesiae
765 1089 846 1145 Asiae.
871 1088 953 1144 Salu—
1002 1088 1078 1158 upad
1092 1103 1148 1142 uos.
1164 1084 1303 1158 Quidquid
1317 1086 1389 1143 enim
1412 1086 1478 1142 mihi
1499 1087 1534 1142 de
1562 1086 1796 1153 vohisnuntiavit,

157 1187 244 1234 «tent
259 1194 307 1235 vos
323 1177 350 1233 in
366 1178 482 1234 Domino
497 1178 610 1233 multum
624 1178 722 1249 Aquila
737 1186 764 1233 et
778 1177 879 1248 Prisca,
892 1192 954 1233 curn
1003 1175 1038 1230 ad
1062 1175 1262 1245 correptionem
1283 1183 1403 1230 vestram
1424 1174 1498 1245 iecit,
1524 1181 1550 1231 et
1573 1173 1635 1230 ideo
1658 1173 1748 1230 videte
1763 1189 1798 1229 ne

156 1287 168 1318 ι
185 1266 335 1323 domestica
358 1281 408 1322 sua
431 1266 555 1322 Ecclesia
572 1266 666 1337 :apud
687 1282 756 1338 quos
778 1274 804 1322 et
823 1265 953 1336 hospitor.
1003 1278 1066 1319 eum
1084 1261 1249 1335 inquietetis,
1265 1263 1357 1336 utique
1372 1264 1430 1319 siue
1445 1264 1542 1320 timore
1555 1262 1636 1319 debet
1650 1278 1713 1318 esse
1726 1262 1799 1334 apud

156 1375 168 1403 ι
186 1353 311 1410 Salutant
330 1371 378 1411 vos
402 1370 498 1410 omnes
521 1353 629 1410 tratres.
656 1353 775 1410 Salutate
798 1353 914 1410 invicem
928 1354 956 1409 in
1003 1367 1070 1417 v0s;
1082 1352 1148 1423 qnia
1162 1368 1234 1425 opus
1247 1353 1360 1408 Domini
1374 1356 1509 1425 operatur
1522 1352 1634 1409 invehis
1649 1352 1724 1407 sicut
1738 1367 1797 1423 epo,

155 1464 167 1490 n
183 1442 277 1499 osculo
302 1451 404 1499 sancto.
425 1443 554 1499 Salutatio
577 1458 639 1498 mea
652 1457 735 1498 manu
750 1442 834 1498 Pauli.
851 1443 879 1498 Si
895 1443 956 1514 quis
1004 1447 1031 1494 et
1045 1438 1092 1494 alii
1105 1439 1240 1510 discipuli,
1257 1447 1284 1495 et
1298 1440 1360 1511 quia
1372 1455 1439 1510 opus
1454 1439 1563 1495 Domini
1576 1446 1707 1511 operatur
1719 1457 1726 1494 ε
1736 1456 1799 1512 erpo

156 1553 168 1579 ι
186 1546 242 1587 non
256 1539 330 1586 amat
343 1532 490 1587 Dominum
513 1539 634 1587 nostrum
649 1531 741 1586 lesum
756 1531 905 1596 Christum,
923 1531 958 1586 sit
1005 1527 1094 1583 videte
1104 1544 1140 1583 ne
1150 1529 1212 1600 quis
1222 1531 1340 1599 spernat
1349 1544 1424 1593 eum,
1436 1527 1485 1583 sed
1494 1527 1680 1600 obtemperate
1690 1528 1801 1583 monitis

156 1619 339 1687 «anathema,
371 1623 463 1675 llaran
495 1622 574 1675 Atha.
607 1619 699 1674 Gratia
728 1620 839 1675 Domini
870 1620 991 1706 nostriB
1007 1616 1075 1685 ejus.
1092 1616 1151 1672 Neo
1165 1616 1254 1671 solum
1268 1615 1701 1686 nonspernatiseum,scdetiam
1715 1617 1800 1672 illum

156 1727 167 1758 ι
184 1708 249 1762 lesu
264 1708 362 1764 Christi
377 1709 527 1766 vobiscum.
543 1708 733 1764 Charitasmea
750 1723 813 1764 cum
827 1709 954 1766 omnibus
1006 1711 1187 1760 revertentem
1202 1703 1235 1758 ad
1248 1719 1292 1759 me
1307 1703 1437 1760 deducite
1451 1706 1483 1760 in
1495 1720 1575 1777 Date,
1591 1709 1624 1760 nt
1638 1703 1742 1760 illaesus
1756 1721 1800 1762 ve·

154 1815 167 1842 «
184 1795 262 1851 vobis
276 1795 303 1851 in
318 1796 427 1854 christo
440 1798 516 1865 Jesu,
531 1801 629 1852 Amen.
649 1818 660 1843 ι
1003 1790 1166 1847 nintudme
1182 1808 1188 1846 :
1205 1793 1351 1864 egoenim
1376 1796 1508 1858 exspecto
1540 1793 1625 1848 illum
1643 1809 1708 1849 eum
1733 1794 1800 1849 aliis

1004 1880 1153 1951 tratribus.
1173 1879 1271 1950 Apollo
1295 1880 1441 1952 episcopus
1469 1879 1668 1936 Corinthiorum
1693 1880 1802 1953 lugiens

496 2019 641 2061 mom
1003 1967 1203 2023 dissensionem
1228 1983 1323 2023 eorum
1349 1983 1478 2024 reversus
1498 1967 1587 2024 fuerat
1618 1969 1653 2024 ad
1673 1968 1799 2037 Paulum,

644 2047 650 2060 '
1003 2055 1038 2111 de
1057 2071 1110 2128 quo
1125 2055 1256 2112 Corinthii
1269 2056 1434 2126 scripserant
1456 2056 1540 2112 Paulo
1554 2064 1581 2111 ut
1595 2056 1635 2112 eis
1650 2056 1800 2114 remitteret

191 2146 336 2216 Postquam
351 2141 459 2216 singula
473 2159 534 2215 quoe
549 2145 741 2218 praecipiendia
755 2155 840 2213 erant,
858 2146 953 2217 dispo·
1003 2144 1162 2215 episcopum
1203 2160 1290 2199 sunm.
1329 2142 1485 2216 Respondet
1522 2144 1562 2201 eis
1591 2145 1692 2200 Paulus
1729 2145 1803 2217 quod

156 2233 223 2301 suit,
241 2231 391 2289 secuudum
414 2231 537 2287 ordinem
561 2242 641 2290 rectae
656 2233 719 2290 fidei
734 2235 763 2289 in
776 2234 830 2291 tine
844 2235 953 2306 Episto-
1002 2231 1100 2302 Apollo
1123 2231 1189 2287 nolit
1211 2233 1319 2298 reverti,
1341 2233 1501 2304 priusquam
1515 2232 1585 2288 bene
1599 2232 1653 2287 sint
1675 2234 1800 2300 correcti,

155 2321 199 2390 lae,
215 2321 249 2376 de
262 2319 423 2392 quibusdam
447 2319 559 2390 privatis
583 2337 630 2377 eos
651 2322 788 2389 admouet,
805 2323 909 2379 scilicet
924 2331 954 2377 ut
1002 2319 1096 2375 dicens
1113 2335 1121 2374 ε
1144 2320 1185 2374 De
1208 2320 1350 2376 Timotheo
1378 2320 1418 2375 sic
1441 2320 1533 2393 agite3
1548 2320 1581 2376 de
1594 2321 1692 2392 Apollo
1705 2327 1802 2379 nutem

157 2408 245 2465 sancti
268 2407 314 2480 qui
337 2416 413 2463 eraut
435 2408 464 2462 in
478 2407 659 2477 Hierusalem,
675 2427 744 2483 quos
759 2419 784 2466 et
800 2412 894 2483 rapina
908 2411 953 2466 in·
1002 2410 1094 2480 fratrc
1104 2412 1211 2475 nostro,
1224 2416 1250 2464 et
1261 2408 1633 2481 episcopovestro‚siqnifico
1643 2409 1802 2482 nobismo-

157 2495 288 2562 lidelium,
304 2503 331 2551 et
344 2494 454 2567 publica
466 2495 551 2552 tames
566 2507 749 2569 oppresserat,
766 2500 951 2566 subvenirent,
1002 2497 1083 2552 nium
1091 2498 1318 2567 multumropnui
1331 2501 1363 2552 ut
1374 2499 1525 2553 ueniretud
1534 2499 1735 2571 nemetumque
1743 2515 1802 2555 non

155 2584 341 2640 ministrantes
366 2583 466 2655 ahquid
481 2585 515 2640 de
530 2585 586 2640 suis
602 2587 785 2643 abundantiis.
801 2588 899 2643 Littera
914 2587 953 2644 sic
1001 2586 1197 2655 [nituntuntus
1206 2588 1277 2657 ejus,
1289 2589 1322 2641 ut
1331 2601 1409 2641 nunc
1418 2587 1528 2642 ueniret
1540 2586 1573 2640 ad
1585 2587 1700 2650 vested
1708 2589 1802 2644 veniet

154 2672 278 2746 jungitur
294 2689 301 2727 :
317 2673 358 2729 De
381 2673 578 2731 resurrectione
600 2683 770 2732 mortuorum
785 2677 825 2732 sic
837 2675 951 2732 credite.
1003 2689 1069 2730 cum
1088 2689 1209 2729 uacuum
1227 2676 1254 2729 ei
1269 2675 1369 2744 suerit,
1382 2681 1409 2729 et
1422 2689 1471 2729 vos
1486 2674 1556 2729 hene
1570 2681 1709 2731 correctos
1723 2674 1803 2730 intel·

157 2763 196 2816 De
210 2761 338 2818 collectis
352 2762 608 2833 antemuranum
623 2763 951 2829 deferendaeinsonctor,
1002 2759 1108 2816 lexerit.
1125 2761 1159 2816 Ut
1179 2768 1270 2815 autem
1292 2760 1437 2816 adventum
1456 2761 1534 2830 hujus
1545 2761 1629 2832 patris
1648 2763 1732 2818 vestri
1745 2779 1803 2819 me·

156 2848 203 2921 qui
218 2856 281 2903 sunt
299 2848 327 2903 in
351 2848 529 2916 Hierusalem,
545 2852 587 2906 ita
602 2855 631 2907 et
644 2869 688 2908 uos
698 2854 786 2924 facite
799 2869 850 2926 per
865 2869 953 2908 unum
1002 2847 1130 2918 reamini,
1155 2849 1281 2919 cipilutc,
1295 2848 1323 2903 id
1348 2857 1390 2905 est
1414 2849 1534 2905 studiose
1558 2857 1651 2906 cavete
1677 2851 1804 2907 vobisne

158 2935 231 2991 diem
245 2936 366 3003 sabbati,
383 2935 410 2991 id
430 2945 471 2992 est
485 2937 652 3009 septimane,
668 2940 743 2995 sieut
756 2939 884 2996 ordinavi
900 2939 952 2994 de·
1002 2938 1110 3003 erretis,
1127 2944 1153 2992 et
1166 2941 1241 2992 state
1250 2939 1282 2993 in
1298 2938 1361 3006 fide,
1377 2945 1407 2992 ut
1420 2953 1435 2992 a
1448 2953 1516 2993 sena
1530 2936 1584 2996 lide
1607 2954 1663 2994 non
1677 2931 1802 3007 devietis,

157 3024 224 3080 bere
239 3023 299 3080 lieri
319 3024 347 3079 in
365 3025 499 3081 Ecctcriis
524 3012 652 3082 Galatiae.
675 3027 711 3082 Et
735 3044 769 3083 ne
782 3028 882 3099 putetis
896 2997 987 3084 haec⁰
1004 3026 1072 3081 etin
1087 3025 1140 3081 lide
1155 3033 1257 3081 stantes
1271 3028 1345 3098 cpite
1368 3028 1502 3094 uiriliter,
1527 3027 1555 3082 id
1569 3035 1611 3082 est
1624 3028 1694 3084 bene
1708 3043 1805 3100 opera-

158 3112 272 3169 collecta
286 3112 355 3168 meis
370 3112 464 3167 usibus
479 3129 523 3168 me
543 3113 612 3170 velle
630 3114 768 3186 deputare,
785 3115 914 3188 praecipio
927 3124 955 3171 ut
1002 3114 1079 3169 mini.
1099 3114 1157 3170 Nec
1172 3114 1208 3169 ad
1223 3114 1317 3169 horam
1340 3114 1432 3170 sedin
1456 3115 1536 3170 bonis
1557 3115 1662 3171 actibus
1676 3132 1803 3188 perseve-

157 3201 348 3274 unusquisque
364 3205 487 3256 uestrum
507 3207 625 3274 reponat
640 3204 716 3276 apud
727 3220 757 3259 se
773 3219 780 3259 :
796 3212 956 3260 nontamen
1004 3202 1092 3257 raudo
1106 3205 1320 3274 confortamini,
1332 3203 1472 3258 studentes
1482 3210 1511 3259 ut
1518 3206 1614 3260 omnin
1625 3209 1719 3260 uestra
1729 3206 1803 3275 finnt

157 3289 197 3345 sic
212 3296 240 3343 ut
255 3304 332 3343 suum
348 3304 409 3344 esse
423 3295 497 3359 putet
507 3289 584 3360 illud,
596 3291 645 3346 sed
655 3292 820 3359 recondens,
836 3301 863 3348 et
877 3293 955 3365 quasi
1005 3293 1037 3347 in
1053 3293 1205 3355 charitate,
1219 3290 1247 3345 id
1262 3290 1345 3346 estin
1359 3291 1505 3347 dilectione
1527 3292 1577 3347 Dei
1592 3299 1619 3348 et
1633 3293 1761 3363 proximi,
1775 3294 1804 3349 in

158 3376 279 3432 alienum
300 3376 406 3450 integre
421 3386 565 3433 conservet
582 3396 589 3433 :
604 3380 676 3451 quod
690 3381 718 3436 ei
731 3379 799 3436 bene
814 3381 955 3453 placuerit
1007 3395 1059 3452 qua
1069 3380 1208 3451 hucusque
1222 3378 1334 3434 nimium
1350 3378 1482 3450 tepuistis.
1495 3379 1673 3448 obsecranda,
1687 3384 1802 3452 fratres,

85 3497 91 3510 ·
156 3463 324 3538 pauperihus
332 3464 433 3521 sanctis
441 3467 798 3540 erogareldeodicofncitc
807 3485 858 3541 per
868 3487 957 3525 unum
1006 3475 1036 3521 ut
1050 3466 1148 3522 subditi
1172 3467 1230 3521 sitis
1250 3467 1395 3537 Stephanae
1418 3475 1445 3522 et
1467 3467 1622 3534 Fortunato,
1639 3476 1666 3523 et
1680 3468 1800 3525 debetis.

158 3554 281 3620 Sublati,
299 3557 332 3608 ut
346 3569 405 3609 nen
419 3571 605 3622 cumvenero,
619 3557 818 3630 tuncprimum
832 3558 957 3614 collecte
1008 3556 1100 3612 Nostis
1122 3555 1194 3611 enim
1223 3555 1337 3611 domum
1364 3556 1514 3629 Stephanae
1537 3560 1565 3612 et
1590 3558 1751 3628 Fortunati,
1777 3562 1805 3615 et

158 3643 303 3714 incipiunt
317 3642 390 3711 fieri.
416 3644 449 3699 Ut
464 3650 554 3698 autem
578 3659 686 3699 omnem
710 3645 894 3716 suspicionem
909 3660 957 3700 au·
1008 3644 1132 3701 Achaici.
1149 3644 1216 3711 Hoc,
1227 3645 1346 3716 iuquam,
1361 3644 1447 3699 nostis
1456 3644 1527 3717 quod
1536 3644 1582 3698 isti
1591 3647 1805 3717 suntprimitioe

158 3727 276 3785 ierama
298 3731 376 3786 vohis
398 3730 468 3786 male
491 3730 659 3802 suspiciosis,
679 3749 744 3800 cum
762 3749 814 3805 ego
834 3750 958 3806 proesens
1007 3731 1129 3788 Achaiae.
1147 3733 1228 3787 Primi
1240 3732 1312 3787 enirn
1330 3733 1365 3787 de
1384 3731 1486 3788 Achaia
1500 3732 1684 3788 crediderunt.
1704 3733 1803 3789 Coriu-

157 3817 237 3873 vobis
251 3820 340 3888 sucro,
356 3832 410 3872 non
424 3818 548 3890 proprios
563 3818 680 3892 legatos,
698 3819 747 3875 sed
759 3819 808 3878 boa
819 3837 885 3893 quos
895 3837 958 3894 pro·
1008 3819 1070 3873 thus
1084 3818 1112 3873 in
1127 3821 1229 3876 Achaia
1245 3828 1295 3875 est.
1318 3820 1412 3875 Nostis
1427 3820 1509 3875 etiam
1519 3821 1571 3876 hoc
1581 3820 1654 3893 quod
1663 3823 1715 3877 isti
1730 3822 1805 3879 ordi-

157 3903 290 3962 bnueritis
300 3905 339 3974 (id
350 3913 391 3961 est
401 3921 470 3977 quos
480 3921 513 3961 ex
522 3906 674 3978 vobisipsis
684 3908 832 3982 elegeritis)
843 3911 959 3965 mittam
1008 3910 1259 3980 naveruntscipsos
1267 3910 1298 3964 in
1305 3909 1499 3965 ministerium
1510 3913 1676 3965 sanctorum
1687 3925 1694 3965 ε
1707 3910 1806 3981 quibus

157 3995 287 4066 perferre
301 3995 425 4065 pretium
450 3998 583 4061 oestrum,
598 3995 678 4050 idest
698 3997 845 4069 gratuitum
858 3997 959 4053 donum
1008 3996 1125 4067 propriis
1149 3996 1274 4051 manibus
1297 4004 1323 4051 et
1346 3996 1381 4052 de
1402 3996 1458 4051 suis
1474 3996 1557 4052 rebus
1570 3996 1805 4055 ministraverunt.

159 4088 281 4137 vestrum
295 4081 328 4136 in
341 4082 525 4138 Hierusalem.
538 4084 649 4139 llittum
664 4084 726 4141 dico
741 4102 793 4157 pcr
809 4087 957 4155 Epictetus,
1008 4084 1076 4152 Hoc,
1093 4085 1213 4155 iuquam,
1230 4084 1346 4140 obsecro
1360 4099 1420 4150 vos,
1441 4089 1474 4140 ut
1484 4086 1588 4142 subditi
1603 4087 1667 4142 sitis
1683 4085 1726 4142 his
1744 4102 1806 4143 om·

159 4169 188 4225 id
203 4177 245 4224 est
259 4185 322 4226 cum
336 4169 466 4240 Epistolis
481 4170 560 4236 meis,
584 4172 733 4246 insignum
755 4173 822 4244 ipsis
837 4174 955 4230 traditis.
1008 4171 1089 4226 nibus
1104 4189 1164 4243 quae
1180 4172 1206 4226 iu
1223 4172 1300 4228 vohis
1325 4176 1394 4228 aunt
1404 4174 1552 4245 ejusmodi,
1569 4177 1597 4229 et
1615 4175 1693 4228 omni
1706 4189 1806 4245 coope-

195 4258 323 4314 Dicereut
337 4258 469 4314 Corinthii
484 4274 490 4313 :
506 4258 628 4316 Aliorum
652 4278 764 4317 munera
778 4263 837 4334 ipsa
856 4262 958 4331 defers,
1008 4261 1087 4316 ronti
1096 4259 1150 4314 illis
1160 4260 1189 4314 in
1199 4260 1281 4327 bono,
1294 4264 1322 4316 ct
1334 4261 1475 4317 laboranti
1485 4260 1607 4317 similiter
1616 4261 1643 4316 in
1656 4261 1807 4319 ministerio

159 4353 186 4402 et
199 4353 293 4402 nostre
308 4363 391 4425 quare
402 4346 509 4403 deterre
520 4348 704 4422 dedignaris?
718 4351 761 4406 Ad
771 4352 823 4407 hoc
834 4351 930 4407 Paulus
947 4354 992 4414 :D
1007 4356 1171 4404 sauctorum.
1195 4349 1230 4405 Ut
1243 4356 1334 4404 autem
1353 4348 1454 4404 subditi
1469 4349 1526 4404 sitis
1542 4349 1605 4417 illis,
1623 4349 1719 4406 scitote
1739 4367 1806 4423 quo·

160 4433 240 4489 Certe
254 4436 280 4490 si
302 4435 418 4506 dunum
432 4438 522 4506 fucrit
536 4436 639 4492 donum
653 4446 783 4505 vestrum,
801 4444 834 4495 ut
849 4456 895 4513 eqo
915 4441 957 4496 ire
1007 4437 1078 4491 niam
1089 4453 1141 4508 ego
1152 4438 1295 4508 puudeoin
1307 4440 1460 4509 proesentic
1473 4439 1632 4510 Stephanae,
1643 4439 1806 4508 Fortunati,

159 4520 286 4592 debeam,
302 4521 505 4581 muniuerunt
519 4525 604 4599 legati
615 4527 706 4594 vestri,
717 4535 746 4582 ut
757 4527 898 4600 egosimul
911 4545 957 4584 ve·
1007 4530 1036 4581 ct
1046 4525 1160 4581 Achaici
1182 4544 1189 4579 ε
1205 4525 1244 4581 sic
1259 4525 1331 4581 enim
1350 4525 1416 4580 mihi
1431 4533 1472 4581 cst
1487 4525 1522 4580 de
1537 4525 1590 4581 illis
1605 4527 1681 4598 quasi
1695 4525 1719 4581 si
1733 4544 1808 4599 prae-

159 4610 238 4667 uiens
257 4612 444 4668 commendem
459 4614 573 4686 gratiam
591 4623 719 4670 vestram.
746 4615 790 4671 Sic
811 4614 908 4671 faciam
923 4617 957 4671 de
1008 4621 1099 4669 sentes
1122 4629 1169 4669 eos
1192 4613 1317 4669 habeam.
1344 4614 1468 4684 Gaudeo,
1493 4613 1613 4686 inquam,
1640 4622 1667 4669 et
1689 4615 1806 4684 merito;

158 4700 247 4773 gratia
255 4707 358 4770 vestra,
373 4701 485 4757 Veniam
495 4702 577 4757 etiam
587 4703 624 4758 nd
633 4720 680 4759 uos
688 4718 753 4759 cum
762 4706 956 4776 pertransiero
1007 4706 1140 4773 arconium
1159 4705 1215 4776 ipsi
1239 4704 1430 4776 impleverunt
1446 4703 1472 4756 in
1488 4720 1532 4759 me
1554 4712 1580 4759 ot
1594 4704 1621 4759 in
1637 4704 1738 4761 sanctis
1754 4705 1805 4761 bec

158 4789 374 4845 Macedonium:
390 4789 464 4860 prius
479 4806 538 4845 sum
555 4791 626 4846 enim
641 4791 675 4846 ad
687 4791 851 4847 Macedonas
861 4792 955 4847 iturus.
1007 4792 1078 4862 quod
1093 4792 1191 4848 dccrnt
1207 4793 1280 4848 uobis
1296 4812 1304 4846 :
1320 4792 1372 4862 ipsi
1395 4792 1469 4846 enim
1487 4792 1712 4848 ministraverunt
1727 4791 1807 4848 nobis

157 4876 297 4932 Benedico
306 4878 599 4949 pertransieromnm
609 4894 674 4934 vere
683 4878 862 4951 pertransibo
874 4881 958 4937 llaec·
1007 4879 1035 4933 in
1060 4879 1262 4950 temporalibus,
1295 4879 1368 4951 quod
1392 4895 1454 4934 cum
1479 4894 1529 4934 vos
1554 4879 1728 4949 debuissetis,
1755 4897 1807 4936 ne-

158 4961 292 5030 donium;
309 4965 358 5019 sed
372 4972 468 5035 postea
488 4965 606 5022 manebo
621 4966 697 5039 apud
713 4983 759 5022 voe
780 4969 912 5036 turritan,
929 4968 956 5024 id
1007 4967 1141 5040 glexistis.
1161 4969 1230 5023 Vere
1253 4967 1305 5038 ipsi
1321 4967 1536 5039 suppleveruut;
1553 4985 1621 5024 num
1641 4972 1806 5040 refecerunt

157 5057 200 5105 est
216 5050 239 5104 si
266 5051 339 5105 Deus
360 5053 536 5109 concesserit.
562 5056 606 5111 Vel
621 5055 702 5110 etiam
725 5063 754 5110 ut
776 5056 837 5126 plus
856 5056 954 5112 dicam.
1007 5057 1141 5127 spiritum
1154 5072 1248 5111 meum
1270 5055 1449 5110 ministrando
1464 5056 1631 5124 necessaria,
1648 5060 1677 5112 et
1691 5073 1741 5127 per
1753 5057 1807 5114 hoc

158 5135 289 5194 Hiemcdo
303 5154 388 5209 penes
403 5155 462 5207 vos,
479 5145 512 5197 ut
526 5142 729 5200 vosdeducctis
740 5160 956 5218 mequocunque
1007 5143 1132 5214 spiritum
1157 5148 1290 5200 uestrum.
1315 5143 1375 5198 Nisi
1398 5144 1470 5199 enim
1492 5143 1571 5199 bonis
1592 5144 1648 5199 suis
1676 5143 1807 5200 fovissent

158 5242 176 5282 a
199 5225 278 5282 vobis
306 5226 451 5282 discedens
473 5230 541 5286 iero.
559 5231 622 5286 ldeo
646 5232 788 5298 hiemaho;
805 5232 867 5304 quia
891 5235 956 5289 noto
1007 5248 1067 5298 uos,
1083 5247 1138 5287 nou
1152 5248 1295 5303 possemus
1318 5231 1411 5287 tandiu
1426 5232 1564 5287 immorari
1588 5232 1806 5288 vestraeinstru-

156 5332 203 5372 uos
218 5315 298 5370 modo
321 5314 415 5371 uidere
435 5319 466 5372 in
490 5321 626 5375 transitu.
653 5320 716 5375 ldeo
731 5335 785 5375 non
798 5320 826 5374 in
841 5321 956 5376 transitu
1007 5320 1098 5385 ctioni,
1115 5320 1150 5375 Et
1165 5321 1227 5392 qnia
1237 5319 1392 5376 reiecerunt
1402 5321 1526 5391 spiritum
1538 5337 1628 5376 meum
1639 5329 1665 5376 et
1674 5328 1806 5388 vestrum,

157 5404 257 5459 videbo
268 5419 317 5459 vos
328 5421 336 5470 3
347 5407 499 5477 quinspcro
510 5424 554 5462 mc
565 5408 745 5480 alimentum
756 5425 871 5465 manere
881 5411 956 5480 apud
1006 5425 1070 5478 erpo
1086 5410 1253 5481 connascitc,
1279 5408 1305 5462 id
1330 5416 1371 5464 ost
1386 5425 1418 5463 ox
1434 5408 1577 5464 dilectione
1591 5408 1700 5465 obedite
1715 5410 1765 5477 eis,
1781 5417 1809 5465 et

155 5508 202 5550 uos
213 5495 240 5549 si
253 5494 391 5550 Dominus
402 5496 574 5568 permiserit.
591 5497 624 5552 Ht
639 5496 701 5553 licet
711 5497 800 5554 dicam
807 5513 852 5554 me
866 5505 955 5554 trans·
1006 5497 1131 5553 omuibus
1145 5499 1192 5570 qui
1207 5501 1275 5554 sunt
1290 5495 1438 5568 ejusmodi.
1457 5498 1592 5554 satutant
1604 5513 1661 5565 uos,
1677 5513 1694 5554 o
1708 5497 1807 5554 Corin-
