3742 5986
104 165 157 222 aas
721 160 724 168 ‘
770 166 1075 226 CONSUEi'UhiNEs.
1700 165 1752 220 ιιι
1839 130 1844 137 “

138 293 165 345 ιι.
182 289 213 344 ln
226 287 372 345 Nativitate
387 304 496 363 quoque
510 298 538 347 et
551 293 656 350 Pascha
671 298 698 348 et
712 294 882 360 Pentecoste,
899 301 927 350 et
947 308 1008 349 cum
1030 290 1112 346 irater
1133 288 1230 362 aliquis
1248 288 1448 361 professionem
1470 286 1591 343 tacturus
1613 293 1665 352 est,
1682 285 1751 340 mis-

102 399 163 439 sam
178 391 269 441 cantat
286 387 427 456 majorem.
443 386 521 456 Quod
537 387 641 444 idcirco
656 386 815 452 scribimus,
832 402 867 442 ne
882 386 942 459 quis
957 386 1027 444 sorte
1046 394 1219 460 posterorum
1243 402 1343 443 cornua
1367 387 1419 443 sihi
1442 385 1507 442 velit
1527 398 1684 450 assumere,
1709 382 1753 438 vel

102 495 204 537 nomen
220 498 299 536 suurn
313 499 483 554 quacumque
498 483 587 557 gloria
601 484 645 539 vel
659 483 806 540 eminentia
824 482 972 540 celebrare.

112 565 114 568 ⁴
141 581 167 633 6.
184 580 215 634 ln
229 581 356 636 Adventu
370 587 459 636 autem
475 589 501 637 et
515 581 729 655 Quadragesima
743 590 857 653 propter
872 581 1018 639 arctiorem
1033 582 1075 639 sui
1089 584 1249 653 custodiam,
1266 584 1423 655 apraedicta
1447 580 1528 636 etiarn
1556 577 1674 634 abstinet
1687 577 1755 634 visi-

102 675 215 744 tatione,
231 676 284 731 nisi
298 676 389 750 aliqua
404 693 504 750 magna
519 679 668 735 necessitas
682 677 805 751 coegerit
819 678 862 736 vel
873 678 983 735 utilitas.
1000 681 1054 736 Sed
1069 689 1096 736 et
1108 679 1214 737 caeteris
1228 680 1397 751 temporibus
1411 696 1466 736 non
1481 677 1584 751 passim
1598 684 1643 733 ant
1657 675 1755 732 leviter

104 779 132 828 et
147 789 198 845 pro
215 790 378 848 quacunque
392 775 436 832 vel
450 789 569 847 persona
584 774 627 833 vel
641 791 722 832 causa
736 775 772 831 ad
785 775 896 831 domum
910 775 1052 833 descendit
1066 777 1233 834 inferiorem.

760 897 1048 959 COMMENTARIUS.

102 1013 202 1070 eadem
216 1030 310 1070 eremo
333 1014 511 1071 carthusiana
534 1013 683 1086 possessio,
705 1030 755 1085 per
775 1014 945 1085 pietatemA
989 1017 1067 1073 llunc
1080 1016 1245 1073 laudabilem
1268 1031 1349 1070 usum
1363 1014 1495 1070 terminos
1518 1026 1573 1069 non
1596 1006 1755 1084 egrediendi

103 1102 253 1174 proborum
268 1103 449 1170 secularium,
464 1103 511 1176 qui
525 1102 579 1158 illis
604 1119 638 1159 ex
663 1102 794 1159 charitate
816 1102 904 1159 dede·
957 1120 1065 1176 semper
1076 1112 1256 1161 servaverunt
1269 1104 1377 1175 priores
1400 1101 1560 1166 Carthusiae,
1577 1097 1691 1155 subaudi
1705 1112 1755 1153 ιι-

103 1199 168 1246 ιιιι
183 1190 255 1263 quod
269 1190 297 1247 in
311 1205 343 1247 ea
359 1190 544 1263 possidebant,
562 1190 644 1246 etiam
657 1189 806 1263 aliquando
819 1190 847 1246 id
861 1206 908 1262 po
957 1200 1000 1249 tra
1015 1208 1095 1249 casus
1110 1193 1234 1267 urgentis
1248 1191 1429 1258 necessitatis,
1448 1197 1529 1262 prout
1548 1195 1610 1243 sunt
1622 1185 1755 1241 bellorum

104 1279 267 1335 stulantibus
286 1279 387 1336 nostris
412 1279 542 1350 eremitis,
558 1288 587 1334 ut
607 1279 642 1334 ab
665 1278 906 1352 inquietudinibus,
957 1281 1095 1348 turnultus,
1123 1281 1217 1352 pestis,
1242 1279 1350 1337 vocatio
1374 1279 1472 1334 summi
1496 1275 1632 1349 pontificis
1653 1271 1755 1330 atalia

105 1385 174 1440 quas
187 1384 244 1423 non
267 1384 329 1424 raro
344 1385 359 1423 a
374 1367 483 1423 rusticis
507 1367 687 1439 patiebantur,
713 1367 905 1435 eximerentur,
957 1368 1121 1439 hujusmodi,
1142 1386 1204 1440 quae
1217 1369 1307 1442 legem
1331 1383 1385 1423 non
1407 1367 1517 1432 habent,
1543 1373 1570 1420 et
1593 1379 1647 1418 non
1669 1359 1755 1418 semel

104 1471 157 1513 nec
172 1472 227 1513 non
240 1463 268 1511 ιι
282 1456 390 1512 termini
405 1455 476 1510 illius
492 1454 691 1511 carthusiensis
706 1455 801 1522 eremi,
817 1455 907 1511 maxi·
957 1466 1106 1515 evenerunt
1120 1457 1147 1512 in
1162 1457 1270 1513 ordine.
1289 1456 1346 1512 Nec
1361 1455 1394 1510 ab
1410 1456 1462 1510 hoc
1485 1451 1614 1508 laudabili
1637 1467 1688 1506 usu
1701 1465 1755 1504 un-

103 1560 149 1600 me
163 1560 179 1599 a
192 1552 270 1616 parte
290 1544 383 1600 Sancti
405 1544 551 1610 Laurentii,
577 1560 627 1615 per
650 1544 788 1600 naturales
810 1544 907 1599 termi-
956 1562 1047 1618 quam,
1063 1547 1121 1602 Deo
1135 1553 1306 1618 protegente,
1321 1543 1473 1611 discedent,
1490 1540 1524 1597 ad
1549 1539 1664 1595 aliorum
1679 1537 1757 1592 Prio-

103 1648 167 1701 nos,
183 1631 210 1689 id
225 1640 266 1689 est
279 1648 329 1703 per
344 1641 495 1705 praeruptas
510 1648 602 1705 rupes,
618 1640 775 1689 notarentur
788 1641 814 1689 et
828 1633 907 1690 clau·
956 1651 1018 1691 rum
1032 1634 1134 1691 ordinis
1149 1634 1312 1705 exemplum,
1337 1631 1463 1704 quamvis
1478 1629 1550 1686 circa
1567 1627 1638 1695 illos,
1655 1640 1754 1682 neccs-

104 1721 244 1779 derentur.
957 1725 1036 1780 ritate
1050 1731 1176 1795 cogente,
1193 1738 1236 1778 res
1249 1721 1329 1777 aliter
1343 1719 1447 1777 sancita
1461 1717 1552 1786 tuerit,
1568 1723 1596 1772 ut
1615 1713 1672 1771 suis
1687 1713 1756 1770 locis

143 1812 188 1868 Sic
203 1827 255 1883 ego
270 1811 371 1867 sensim
387 1818 530 1868 creverunt
544 1811 653 1867 termini
677 1810 837 1880 Carthusiie,
860 1812 907 1880 ju·
957 1812 1108 1868 notabitur.

105 1900 233 1957 vantibus
248 1900 328 1956 etiarn
343 1899 465 1955 certatim
489 1899 672 1956 illustrissimo
693 1900 811 1972 capitulo
835 1900 907 1956 Gra·
994 1901 1058 1956 llaec
1083 1906 1174 1956 autem
1199 1899 1292 1954 stricta
1323 1896 1467 1953 residentia
1490 1893 1587 1967 prioris
1608 1890 1757 1948 Carthasim

105 1989 301 2061 tianopolitano
325 1997 351 2044 et
376 1988 448 2057 aliis,
471 1989 545 2045 uude
568 1988 716 2045 Cartbnsiae
739 1988 908 2044 obvenerunt
957 1990 1028 2045 intra
1055 1988 1192 2061 propriam
1227 2003 1350 2043 eremum
1374 1984 1530 2042 necessaria
1549 1981 1669 2052 judicata
1704 1986 1755 2035 est.

106 2093 210 2149 pascua
222 2077 269 2133 illa
284 2077 384 2149 ampla,
402 2094 462 2151 ιιι
475 2077 502 2132 iu
519 2076 673 2132 summitate
694 2076 817 2133 altissimi
831 2092 908 2132 mon·
957 2093 1012 2134 non
1026 2085 1131 2133 tantum
1146 2083 1175 2131 ut
1190 2091 1223 2132 eo
1238 2075 1363 2147 exemplo
1378 2073 1469 2131 caeteri
1491 2071 1597 2144 priores
1619 2069 1652 2124 ab
1673 2066 1756 2123 inuti-

104 2166 141 2220 ιιι
154 2164 242 2222 vocati
258 2164 468 2222 Charinum-soa
483 2164 568 2237 (quod
582 2164 764 2221 Latinesonat
778 2165 910 2221 amenis·
957 2166 1028 2222 libus
1042 2165 1210 2222 discursibus
1228 2171 1304 2220 extra
1331 2162 1460 2219 terminos
1484 2161 1627 2216 domorum
1648 2171 1757 2212 suarum

105 2255 210 2312 simam
225 2254 431 2324 summitatem)
442 2253 493 2309 sita
504 2262 574 2309 sunt.
589 2253 697 2309 Etinde
711 2261 753 2309 est
766 2254 838 2326 quod
849 2261 908 2309 ter·
958 2255 1137 2321 abstinerent,
1146 2261 1173 2309 et
1181 2267 1313 2309 concessa
1322 2267 1355 2309 cx
1364 2249 1525 2307 necessitate
1535 2254 1612 2304 eitra
1622 2260 1669 2301 eos
1678 2259 1757 2316 egre-

104 2342 173 2399 mini
196 2342 347 2398 Canthusiae
369 2341 493 2397 hilariam
524 2341 734 2415 distinguantur,
760 2357 858 2414 nempe
879 2341 944 2431 inB
958 2343 1050 2400 diendi
1063 2342 1188 2397 libertate
1201 2355 1256 2396 non
1270 2340 1456 2409 abuterentur,
1471 2337 1520 2393 sed
1534 2336 1615 2393 etiam
1630 2341 1658 2390 ut
1671 2345 1757 2404 nego-

106 2430 240 2487 terminos
263 2430 459 2503 privilegiatos,
484 2437 510 2485 et
533 2429 663 2486 terminos
684 2430 903 2502 possessionum.
958 2431 994 2487 tia
1008 2429 1119 2496 ordinis,
1137 2445 1197 2502 quae
1209 2429 1328 2500 undique
1343 2428 1377 2483 ad
1400 2426 1491 2493 illurn,
1508 2424 1565 2481 sive
1578 2438 1629 2495 per
1641 2421 1755 2486 litteras,

105 2519 228 2575 Termini
247 2518 407 2591 privilegiati
431 2518 558 2575 dicuntur
579 2518 618 2574 illi
639 2518 685 2590 qui
706 2518 782 2574 initio
805 2518 909 2574 ordinis
958 2520 1015 2576 sive
1029 2535 1079 2592 per
1093 2533 1239 2590 expressos
1253 2516 1361 2572 nuntios
1375 2511 1604 2580 deferuntur,sic
1627 2511 1757 2565 damnum

106 2607 244 2680 designati
259 2606 377 2677 inerunt,
400 2624 450 2679 per
472 2607 586 2678 gratiam
609 2621 778 2663 summorum
801 2605 909 2678 pontiti-
931 2621 934 2628 ·
958 2625 991 2664 ex
1005 2607 1215 2679 responsionum
1228 2604 1423 2661 dilationenon
1436 2608 1604 2676 paterentur,
1619 2612 1758 2655 cumsem·

106 2712 169 2753 cum
184 2697 234 2751 sub
248 2696 415 2767 protectione
429 2697 503 2751 sedis
516 2695 771 2768 apostohcapositi,
789 2704 816 2752 et
826 2695 909 2753 variis
957 2714 1008 2770 per
1021 2696 1049 2751 in
1063 2696 1146 2752 domo
1158 2694 1319 2763 Carthusiae,
1335 2693 1379 2750 vel
1393 2694 1488 2748 saltem
1509 2691 1578 2746 intra
1596 2687 1681 2745 eremi
1695 2702 1756 2741 am-

109 2784 262 2858 privilegiis
286 2784 427 2855 decorati,
448 2791 529 2855 prout
550 2793 613 2840 sunt
635 2785 848 2856 prohibitiones,
874 2801 909 2839 nc
957 2787 1043 2842 bitum
1056 2785 1134 2858 prior
1156 2783 1303 2840 Carthusiae
1322 2790 1395 2838 certo
1419 2780 1532 2853 reperiri
1555 2779 1666 2835 sciatur.
1691 2777 1756 2832 llaec

109 2873 238 2929 mulieres
251 2873 358 2945 possint
372 2872 434 2929 illos
449 2872 568 2946 ingredi,
592 2889 627 2929 ne
642 2873 724 2929 homo
738 2873 825 2945 possit
838 2873 909 2930 intra
957 2892 1044 2949 pauca
1059 2876 1094 2931 de
1108 2889 1200 2930 eremo
1215 2871 1364 2929 Carthusiae
1379 2877 1405 2927 et
1420 2870 1454 2927 de
1476 2868 1599 2942 priomm
1614 2867 1672 2938 ejus
1685 2865 1756 2922 resi·

108 2961 172 3019 illos
187 2961 258 3032 capi,
276 2962 349 3033 quod
364 2969 406 3017 est
419 2961 511 3033 aliqua
525 2961 701 3017 immunitatis
715 2961 909 3019 ecclesiasticae
959 2965 1051 3021 dantia
1064 2978 1137 3020 nuuc
1152 2962 1253 3019 dixisse
1268 2959 1391 3017 sufficiat.

108 3049 290 3124 participatio,
306 3050 400 3104 atalia
416 3049 581 3118 hujusmodi,
599 3065 658 3122 quae
677 3050 796 3121 antiquis
809 3056 835 3106 et
849 3051 908 3122 pri·
993 3053 1062 3110 ibid.
1090 3052 1173 3110 Sedes
1196 3053 1258 3124 ejas
1281 3050 1396 3107 ubilibet
1424 3049 1467 3104 vel
1488 3047 1617 3105 vestitas.
1642 3045 1682 3099 Ex
1704 3044 1757 3099 hoc

108 3139 164 3193 mis
184 3138 239 3194 illis
258 3138 381 3193 terminis
401 3136 507 3193 iuemnt
532 3153 674 3195 concessa.
699 3138 817 3195 Termini
841 3154 908 3194 vero
957 3142 1018 3199 loeo
1033 3141 1126 3213 incipit
1140 3155 1272 3212 apparere
1286 3154 1334 3195 cur
1355 3138 1384 3193 in
1407 3137 1503 3193 ordine
1527 3133 1619 3190 titulus
1638 3131 1755 3198 abbatis,

109 3227 316 3300 possessionum
339 3226 467 3282 dicuntur
479 3226 527 3293 illi,
545 3226 590 3298 qui
614 3226 675 3282 ahis
697 3227 821 3282 terminis
842 3242 907 3282 sen·
957 3246 1009 3287 nec
1023 3230 1057 3285 ab
1071 3230 1132 3301 ipso
1143 3228 1235 3300 priore
1249 3227 1400 3282 carthusiae
1410 3224 1514 3281 ordinis
1529 3220 1660 3297 generali,
1676 3219 1756 3285 eham

110 3315 164 3371 sim
178 3314 313 3386 pervarie
329 3322 452 3387 tempora
467 3321 653 3384 accesserunt,
669 3331 702 3371 ex
717 3315 908 3372 donationibus
957 3316 1113 3391 impellente
1128 3316 1275 3388 aliquando
1290 3315 1319 3371 S.
1334 3314 1401 3371 sede
1421 3312 1582 3386 apostolica,
1606 3309 1687 3367 fuerit
1708 3325 1757 3366 ac·

110 3407 138 3455 el
160 3398 377 3454 attributionibns
400 3412 557 3466 newsum,
574 3413 755 3471 P¹¹⁸⁰⁰0l¹¹m2
781 3406 807 3454 0⁸
827 3399 908 3455 eiiam
957 3414 1088 3479 captatus.
1113 3407 1189 3461 blena
1217 3404 1289 3461 enirn
1311 3403 1424 3470 ordinis,
1448 3401 1529 3458 amici
1558 3408 1585 3457 et
1607 3398 1707 3455 imtres
1729 3398 1758 3454 in

108 3502 249 3562 agrorum,
268 3503 329 3558 que
342 3494 434 3542 tamen
455 3487 573 3560 antiquis
595 3487 718 3543 terminis
741 3495 804 3543 sunt
818 3487 908 3544 conti·
958 3497 1064 3554 cnristo
1079 3493 1249 3551 dilectissimi
1263 3491 1372 3563 (iisdem
1387 3490 1460 3547 enim
1482 3488 1584 3558 vernis,
1600 3487 1698 3560 quibus
1714 3501 1760 3542 ιι

109 3591 175 3650 gua,
191 3582 218 3631 et
232 3575 258 3630 in
274 3575 332 3647 ipsa
346 3590 447 3648 magna
462 3591 555 3632 cremo
577 3576 758 3633 continentur.
775 3575 839 3632 Sine
855 3592 909 3648 quo
958 3584 1015 3641 cios
1030 3583 1176 3656 alloquitur
1190 3583 1223 3638 it.
1239 3582 1269 3637 P.
1286 3579 1386 3652 Guigo,
1402 3593 1471 3652 erga
1484 3593 1534 3635 vos
1556 3576 1594 3632 uti
1614 3591 1668 3631 non
1684 3574 1757 3631 desi-

110 3669 288 3721 termlnorum
302 3672 448 3736 augmento
463 3672 567 3721 certum
583 3672 625 3720 est
646 3680 782 3738 nunquam
797 3665 908 3721 domum
958 3676 1045 3744 nem),
1061 3688 1149 3738 mens,
1166 3671 1288 3744 inquam,
1308 3667 1414 3725 ordinis
1428 3674 1479 3734 est,
1491 3665 1535 3722 hic
1560 3674 1587 3721 et
1607 3663 1708 3736 ubique
1730 3662 1759 3718 iu
1788 3661 1792 3665 ’

109 3752 260 3810 carthusiae
274 3753 406 3824 potuisse,
423 3754 609 3809 crescentibus
630 3754 658 3809 in
681 3753 740 3810 dies
763 3754 909 3825 oneribus,
960 3759 1066 3816 staturis
1080 3767 1177 3832 postea
1192 3773 1330 3830 expressa,
1345 3764 1375 3812 ut
1397 3756 1425 3811 in
1447 3753 1592 3812 dilectione
1605 3759 1633 3808 ct
1654 3750 1759 3808 hnmili-

108 3841 258 3897 subsistere
279 3841 382 3913 absque
403 3841 520 3913 vagandi
553 3849 580 3898 et
601 3842 742 3915 querendi
761 3842 910 3899 necessitu-
960 3857 1013 3906 tate
1028 3848 1207 3915 ambulemus,
1224 3855 1251 3903 ct
1265 3846 1372 3918 priores
1387 3845 1454 3901 nihil
1472 3843 1525 3899 sihi
1547 3849 1686 3915 usurpent,
1708 3855 1760 3898 nec

109 3930 183 3997 dine,
200 3947 261 4004 quae
274 3946 324 4002 per
339 3945 369 3986 sc
384 3931 470 3987 nostri
484 3930 597 3986 instituti
618 3931 783 3988 destructiva
806 3940 857 3998 est,
881 3939 910 3987 ut
961 3938 988 3994 in
1003 3937 1086 3993 titulis
1100 3936 1191 3993 necin
1205 3935 1295 4003 rebus,
1312 3935 1372 3991 sive
1382 3933 1418 3990 ad
1430 3933 1541 4000 victum,
1555 3931 1613 3989 sive
1627 3931 1661 3987 ad
1676 3928 1759 3988 vesti·

109 4019 238 4075 omnibus
253 4018 375 4074 cordatis
389 4019 512 4090 pervium
527 4026 578 4075 est.
594 4017 683 4089 Quam
696 4019 777 4075 etium
787 4020 911 4076 decausa
960 4035 1027 4093 tum,
1048 4027 1105 4082 sive
1119 4024 1155 4081 ad
1169 4023 1365 4097 supeheetilem
1375 4020 1583 4095 pertinentibus,
1595 4019 1669 4093 quod
1682 4033 1760 4075 eosa

107 4124 165 4164 non
175 4107 293 4180 vagandi
309 4123 360 4164 nec
378 4107 517 4179 quaerendi
540 4123 654 4164 necesse
668 4107 735 4178 init,
751 4115 780 4163 ut
803 4117 859 4164 tum
882 4109 911 4164 in
960 4113 1102 4171 monachis
1121 4113 1279 4186 distinguat.
1294 4112 1329 4167 Et
1344 4110 1476 4184 quidquid
1489 4116 1601 4181 apparet
1614 4108 1642 4163 in
1653 4107 1697 4163 his
1710 4122 1760 4179 per

109 4196 208 4265 majori
222 4195 366 4251 carthusia
381 4202 436 4251 tum
453 4196 480 4250 in
495 4195 557 4251 aliis
579 4195 705 4252 domibus
719 4197 828 4253 licentia
842 4212 910 4269 pos·
961 4210 1063 4259 starum
1093 4201 1234 4258 monachis
1257 4216 1312 4257 non
1340 4216 1402 4257 esse
1420 4213 1592 4263 eoncessum,
1616 4196 1668 4251 sibi
1690 4195 1758 4267 ipsis

110 4282 218 4340 sidendi
232 4290 388 4356 augeretur,
400 4291 427 4338 nt
438 4283 494 4339 suis
508 4283 577 4340 locis
599 4284 766 4355 probabitur.
782 4286 836 4341 Sed
851 4301 911 4358 ιιι
961 4291 1043 4347 etiam
1057 4289 1157 4346 debent
1171 4290 1283 4346 credere
1299 4304 1354 4344 non
1368 4286 1481 4354 licitum,
1507 4284 1626 4358 exceptis
1650 4284 1683 4340 iis
1698 4299 1759 4357 quaa

109 4380 137 4429 et
152 4377 253 4445 quanta
268 4388 329 4428 esse
341 4372 397 4441 iarn
412 4372 564 4444 inciperent
576 4372 624 4428 illa
638 4388 721 4428 onera
740 4379 862 4444 ternpore
877 4375 910 4430 ii.
961 4378 999 4435 ite
1008 4378 1144 4451 prioratus
1159 4377 1258 4433 muniis
1272 4382 1334 4433 sunt
1348 4391 1463 4442 annexa,
1479 4381 1509 4430 ut
1520 4374 1624 4447 absque
1639 4373 1693 4428 illis
1706 4387 1762 4431 non

109 4461 141 4516 P.
157 4459 303 4532 Guigonis,
319 4460 377 4530 ipse
392 4460 513 4515 narrabit
528 4459 640 4516 iuferius
654 4476 715 4531 cap.
734 4464 777 4516 is.
962 4466 1067 4539 possint
1082 4466 1152 4523 hene
1166 4473 1193 4522 ιι
1203 4467 1279 4536 juxta
1292 4474 1410 4536 mentem
1425 4463 1529 4519 ordinis
1544 4461 1697 4536 adimpleri.

145 4547 338 4603 crescentibus
353 4564 421 4621 ergo
437 4549 475 4605 sic
490 4549 615 4605 terminis
627 4549 831 4621 possessionum
846 4550 912 4606 Car·
996 4556 1078 4612 Num.
1095 4559 1121 4611 5.
1140 4555 1215 4624 Quod
1224 4555 1328 4613 ideireo
1338 4553 1521 4611 scribimus...
1532 4568 1640 4609 cornua
1649 4549 1703 4608 siit
1716 4567 1761 4608 ιι-

107 4636 208 4692 thusiae
223 4636 250 4690 in
264 4636 329 4707 ipsa
339 4652 441 4704 eremo,
467 4637 545 4708 qnasi
571 4653 621 4709 per
641 4639 717 4707 iuxta
736 4639 910 4710 positionem,
964 4645 1008 4712 ιιι,
1024 4653 1068 4701 etc
1094 4646 1177 4700 istum
1198 4643 1326 4716 loquendi
1343 4641 1484 4698 modume
1507 4640 1651 4713 scripturis
1674 4639 1760 4697 sacris

109 4723 197 4780 crevit
212 4723 293 4779 etiam
308 4723 377 4780 ratio
389 4725 416 4778 in
435 4724 571 4796 prioribus
586 4725 737 4781 Cartbusiae
751 4726 912 4797 inspiciendi
962 4733 1107 4804 assumpsit
1121 4733 1154 4788 it.
1172 4734 1201 4789 Ρ.
1218 4732 1318 4805 Guigo,
1334 4731 1475 4803 inquibus
1498 4746 1553 4786 nou
1567 4745 1630 4786 raro
1644 4728 1760 4786 ambitus

111 4810 178 4884 quid
191 4819 329 4885 ageretur,
346 4819 392 4867 aut
406 4813 470 4885 quid
492 4813 631 4887 agendum
655 4822 727 4870 esset
740 4814 811 4870 intra
825 4815 912 4872 dictos
962 4817 1052 4873 illese
1067 4816 1233 4889 supraalios
1257 4816 1401 4886 exaltandi,
1425 4831 1476 4888 per
1497 4829 1599 4870 cornua
1621 4821 1761 4885 assumpta

111 4904 258 4956 terminos.
276 4901 311 4956 Et
325 4901 388 4956 inde
403 4909 444 4956 est
459 4902 532 4974 quod
547 4902 582 4956 ab
597 4902 672 4958 initio
696 4903 798 4959 ordinis
814 4919 912 4961 serva-
963 4905 1130 4977 exprimitur,
1146 4905 1228 4961 veluti
1241 4905 1310 4977 psal.
1327 4919 1415 4960 cxxiv
1431 4918 1438 4958 :
1460 4904 1551 4960 Nolite
1575 4904 1714 4961 extollere
1727 4903 1760 4960 in

110 4994 211 5044 verunt
225 4988 277 5042 sihi
294 4988 443 5044 libertatem
467 4990 649 5060 personaliter
672 4991 806 5048 invisendi
831 4992 912 5065 quid·
962 4995 1056 5050 uttam
1071 5009 1161 5050 corma
1181 4998 1315 5050 oestrum.

112 5075 179 5148 quid
193 5076 311 5148 antiquis
334 5077 456 5132 terminis
484 5071 642 5150 contiguuni
654 5080 689 5135 de
712 5096 783 5137 novo
796 5065 950 5138 accede-D
1000 5082 1081 5137 Num.
1090 5084 1116 5135 6.
1128 5082 1180 5137 Sed
1185 5085 1331 5139 ctcoeteris
1338 5083 1569 5156 temporihasamr
1576 5083 1694 5155 passim,
1706 5089 1758 5139 etc.

111 5171 165 5231 ret,
181 5179 245 5220 cum
268 5181 377 5237 semper
400 5166 434 5221 ad
458 5182 582 5223 eremum
605 5168 753 5224 carthusiae
776 5170 914 5242 pertinere
963 5169 1013 5226 llic
1027 5177 1101 5242 patet
1117 5171 1190 5243 quod
1204 5170 1394 5241 hospitalitatis
1409 5170 1507 5243 gratia,
1517 5185 1648 5242 personas
1662 5186 1761 5244 grams

111 5260 301 5311 censerentur.
322 5253 430 5325 Quippe
444 5255 472 5309 iu
486 5271 580 5311 eremo
595 5258 911 5324 aconcursuhominnm‚
963 5265 990 5314 ct
1004 5259 1133 5315 honestas
1146 5258 1222 5332 prior
1235 5258 1388 5316 deducebat
1403 5259 1436 5314 ad
1459 5259 1569 5315 domum
1593 5257 1760 5330 interiorem,

87 5392 90 5396 .
112 5339 219 5412 apagis
233 5348 260 5396 et
275 5341 346 5397 villis
360 5351 464 5398 remota
474 5344 634 5411 consistunt,
647 5353 728 5418 atque
743 5347 777 5402 de
790 5347 913 5403 terminis
962 5345 1006 5403 vel
1016 5347 1052 5402 ibi
1067 5362 1115 5403 eas
1132 5346 1274 5415 visitabat;
1291 5364 1353 5403 nam
1378 5355 1441 5404 tnnc
1462 5348 1593 5420 temporis
1616 5346 1654 5402 ibi
1672 5361 1763 5404 came·

111 5442 169 5483 nou
183 5429 345 5500 scrupulose
360 5437 386 5486 et
400 5431 522 5503 physice,
539 5432 588 5488 sed
612 5433 752 5491 moraliter
763 5434 913 5508 intelligen·
961 5451 1014 5506 ras,
1031 5436 1173 5509 inquibus
1197 5437 1319 5509 hospites
1339 5437 1517 5495 communiter
1537 5435 1573 5491 ad
1592 5441 1762 5508 pernoctan-

113 5515 157 5572 dis
173 5516 218 5573 bic
233 5516 334 5588 agitur.
961 5524 1026 5581 dum
1040 5524 1069 5581 in
1083 5526 1134 5583 hac
1148 5524 1246 5593 majori
1260 5525 1402 5583 combusii
1412 5527 1612 5600 exciperentur,
1623 5523 1762 5602 exstitisse
