3742 5986
79 246 85 251 ¹
168 181 221 236 tet
435 183 463 239 S.
483 181 662 242 BEUNONIS
684 181 1008 242 CARTHUSleORUbl
1028 181 1272 242 INSTlTUTOIlIS
1290 184 1367 242 OPP.
1396 184 1485 244 Palas
1512 186 1547 243 11.
1765 190 1817 244 ¹88

169 325 182 357 ι
199 304 349 363 utilitatem.
366 307 419 364 atii
434 308 545 382 quidem
567 309 758 382 perspiritum
780 311 862 366 datur
878 312 1007 372 sermoA
1021 315 1127 380 perant,
1144 309 1335 381 desperabant,
1360 310 1423 383 quia
1446 310 1590 367 inferiores
1604 319 1680 367 erant
1694 311 1722 366 in
1737 311 1818 368 donis

170 395 354 467 «sapientiae3
380 397 425 453 alii
447 406 537 454 autern
557 414 647 454 sermo
666 400 796 466 scientim,
820 399 970 455 secundum
1022 397 1139 468 Spiritus
1163 400 1259 455 sancti.
1285 399 1337 470 Qui
1355 416 1419 456 vero
1442 400 1591 471 majoribus
1615 401 1713 475 gratiis
1727 401 1810 457 abun·

172 504 184 535 ι
201 484 328 540 eumdem
353 486 478 557 spiritum
492 507 499 553 ;
516 486 595 543 alteri
609 486 677 544 fides
701 489 729 543 in
744 489 840 544 eodem
856 487 969 559 spiritu;
1021 487 1136 556 dabant,
1155 489 1319 562 arrogabant
1333 490 1385 546 hoc
1400 489 1504 544 meritis
1519 489 1594 556 suis;
1611 496 1638 544 et
1653 489 1760 546 meritis
1774 489 1818 544 in-

172 592 183 622 «
202 573 248 627 alii
270 575 359 644 gratia
380 575 525 631 sanitatum
540 576 567 631 in
582 592 637 632 nuo
660 577 773 648 spiritu;
790 577 836 632 alii
849 576 971 647 operatio
1021 574 1151 631 seriorum
1163 577 1217 633 hoc
1236 578 1465 648 improperabant,
1482 578 1509 633 in
1523 579 1596 634 bunc
1611 578 1723 635 modum
1737 579 1819 634 dero·

173 680 185 712 a
203 661 352 730 virtutum;
370 663 415 719 alii
431 665 591 736 prophetia3
608 666 655 720 alii
669 666 796 722 discretio
807 665 969 737 spirituum
1021 665 1111 738 gando
1126 665 1242 736 spiritui.
1260 667 1396 722 Errabant
1410 667 1491 722 etiam
1505 667 1532 722 in
1547 668 1608 735 boc,
1626 667 1699 740 qnod
1714 668 1820 742 gratias

173 750 246 805 salii
269 767 370 824 genera
394 752 548 826 linguarum
562 773 570 820 3
585 754 631 809 alii
654 755 841 826 interpretatio
866 770 971 810 sermo·
1020 753 1082 808 illas
1106 770 1167 825 qua
1192 753 1335 811 inferiores
1358 763 1445 823 erant,
1470 763 1499 810 ut
1523 772 1627 827 genera
1649 756 1818 829 linguarum,

172 855 277 894 «num.
301 834 366 897 Haec
392 849 483 897 antem
511 844 604 899 omnia
636 852 764 915 operatur
792 860 862 898 unus
889 851 970 915 atque
1020 841 1205 912 preferebant
1225 845 1342 912 caeteris,
1366 846 1508 919 magisque
1529 846 1705 917 appetebant.
1722 847 1759 902 Ut
1773 861 1821 903 au-

171 948 183 976 «
200 927 273 983 idern
296 929 418 1000 spiritua,
442 931 566 988 dividens
583 932 698 1004 singulis
712 940 793 1003 prout
808 932 864 988 vult
879 932 968 1002 (Rern.
1021 938 1076 985 tem
1084 933 1155 988 hunc
1165 949 1288 989 errorem
1299 934 1458 1006 depelleret,
1470 935 1578 990 instruit
1588 951 1636 990 eos
1647 935 1696 1002 sic,
1706 935 1819 991 dicens:

172 1038 184 1064 a
206 1032 255 1083 xu,
270 1019 306 1084 63
322 1018 425 1091 Epiros.
448 1036 486 1089 tv,
514 1022 552 1091 7).
579 1020 654 1077 Sicut
678 1021 749 1076 enim
771 1036 872 1092 corpus
887 1036 971 1076 uuum
1025 1018 1145 1077 133
1173 1022 1277 1077 Caetera
1301 1039 1363 1096 quae
1388 1023 1531 1094 disponam
1553 1039 1615 1080 cum
1629 1039 1732 1080 venero
1745 1040 1822 1094 prae·

171 1127 183 1152 ι
201 1113 251 1172 est,
268 1113 295 1162 et
317 1108 442 1164 membra
456 1109 537 1165 babet
558 1109 652 1178 multa,
668 1110 761 1166 omnia
775 1117 865 1166 autem
880 1126 970 1165 meru-
1020 1109 1151 1178 termitto,
1169 1111 1218 1166 sed
1233 1110 1266 1168 de
1276 1112 1476 1184 spiritualibus
1490 1127 1540 1168 vos
1550 1112 1650 1169 docere
1664 1112 1731 1169 illud
1746 1112 1822 1169 nullo

172 1214 183 1245 ι
204 1194 254 1250 bra
267 1196 389 1267 corporis
413 1213 474 1255 curn
492 1199 547 1254 sint
563 1197 658 1266 multa,
676 1215 759 1254 unum
775 1214 874 1270 corpus
890 1207 969 1265 sunt3
1019 1197 1102 1253 modo
1117 1197 1222 1255 differo.
1245 1201 1321 1267 Nolo,
1343 1200 1464 1272 inquam,
1480 1217 1538 1268 uos,
1553 1204 1670 1271 fratres,
1686 1203 1821 1274 ignoraus

173 1303 185 1333 ι
202 1283 240 1339 ita
256 1291 282 1340 et
297 1285 432 1342 Christus.
456 1287 563 1342 Etenim
585 1287 612 1342 in
627 1303 682 1343 uno
697 1287 794 1358 spiritu
809 1304 904 1343 omnes
920 1303 970 1343 nos
1020 1284 1054 1340 de
1066 1285 1261 1357 spiritualibus,
1280 1288 1308 1343 id
1323 1297 1364 1345 est
1378 1289 1413 1346 de
1423 1288 1502 1344 donis
1514 1289 1631 1360 Spiritus
1641 1289 1738 1357 sancti,
1755 1290 1821 1361 quid

171 1391 183 1422 ι
200 1373 324 1428 inunum
339 1390 439 1446 corpus
453 1374 580 1446 baptizati
594 1392 708 1443 sumus,
725 1376 783 1432 sive
797 1376 894 1443 iudaei,
911 1376 969 1433 sive
1020 1374 1054 1429 de
1068 1374 1110 1430 bis
1133 1376 1305 1432 sentiendum
1328 1377 1362 1432 sit
1384 1377 1472 1434 vobis.
1494 1379 1552 1434 lloe
1566 1386 1656 1435 autem
1668 1378 1703 1434 de
1717 1378 1821 1450 Spiritu

171 1482 182 1509 α
198 1461 327 1532 gentiles,
354 1462 411 1519 sive
435 1464 516 1532 servi,
533 1465 591 1520 sire
605 1464 703 1531 liberi;
719 1473 746 1520 et
760 1481 856 1521 omnes
871 1465 899 1519 in
916 1482 970 1521 uno
1021 1462 1084 1518 dico
1098 1465 1170 1535 quod
1193 1463 1257 1521 iacit
1272 1481 1383 1521 cessare
1398 1481 1414 1522 a
1429 1467 1511 1533 malo,
1536 1474 1562 1523 et
1576 1467 1684 1538 operari
1699 1467 1816 1522 bonurn.

172 1569 184 1600 ι
202 1550 298 1621 spiritu
311 1551 396 1622 potati
410 1568 513 1607 snmus.
530 1553 599 1608 Nam
614 1561 639 1608 et
650 1568 748 1625 corpus
761 1570 815 1609 non
831 1561 970 1609 estunam
1021 1551 1076 1607 Sed
1091 1552 1125 1606 ad
1140 1554 1192 1609 hoc
1206 1553 1389 1611 inducendum
1403 1556 1540 1627 praemittit
1548 1555 1764 1624 similitudinem,
1780 1556 1822 1611 di·

173 1659 184 1684 v
202 1639 374 1706 membrum,
400 1641 447 1696 sed
470 1642 565 1698 multa.
589 1642 618 1697 Si
635 1642 733 1698 dixerit
756 1659 815 1714 pes,
841 1643 1006 1730 quoniamB
1020 1655 1086 1696 cens
1103 1659 1109 1695 :
1126 1641 1190 1697 ldeo
1214 1642 1309 1698 scitote
1323 1644 1397 1715 quod
1411 1644 1529 1714 Spiritus
1542 1653 1653 1701 sanctus
1667 1643 1747 1700 iaciat
1766 1661 1822 1701 non

173 1748 184 1779 t
201 1741 257 1782 non
272 1744 333 1783 snm
351 1745 457 1798 manns,
475 1746 529 1786 non
549 1746 608 1786 sun
621 1730 656 1787 de
672 1747 788 1803 corpore
804 1749 811 1788 ε
828 1748 893 1787 num
908 1732 971 1788 ideo
1020 1726 1143 1796 separari
1158 1743 1173 1782 a
1189 1727 1306 1795 christo,
1323 1731 1456 1802 amotam
1468 1730 1548 1785 scitis
1558 1730 1638 1802 cuod.
1650 1746 1717 1786 cum
1730 1730 1822 1786 annuo

173 1837 184 1864 α
202 1830 257 1871 non
272 1823 314 1872 est
328 1818 363 1872 de
386 1820 522 1890 corpore?
536 1820 570 1874 Et
587 1820 610 1874 si
625 1819 722 1876 dixerit
737 1820 821 1886 auris,
838 1821 971 1892 quianon
1021 1817 1120 1870 essetis
1139 1820 1246 1887 pentes,
1258 1817 1286 1871 id
1297 1823 1338 1872 est
1348 1818 1474 1890 gentiles,
1484 1819 1526 1873 vel
1538 1817 1677 1890 gentiliter
1686 1819 1820 1886 viventes,

171 1931 183 1954 a
201 1920 263 1960 sum
279 1907 386 1974 oculus,
402 1923 457 1963 non
483 1924 542 1964 sum
559 1909 593 1964 de
608 1916 743 1981 corpore3
760 1926 824 1964 num
840 1910 902 1966 ideo
917 1926 972 1965 noo
1020 1903 1103 1958 eratis
1113 1908 1212 1960 euntes
1223 1904 1261 1962 ud
1271 1907 1427 1962 simulacra
1438 1911 1520 1963 mutu
1528 1906 1822 1979 prouiduccbominia

173 2014 185 2044 ι
203 2002 244 2049 est
257 1994 292 2051 de
308 1997 449 2067 corporei
465 1997 493 2053 Si
511 2004 596 2053 totum
621 2013 720 2069 corpus
735 1998 842 2065 oculus,
857 1999 904 2054 ubi
919 2015 971 2054 au·
1020 1991 1143 2063 maligno
1169 1994 1282 2064 spiritu;
1298 1995 1361 2066 quia
1375 1995 1445 2050 ilius
1466 1996 1501 2050 ad
1524 1994 1729 2062 ifflmOlflssdum.
1753 1996 1822 2050 alius

172 2082 298 2139 aditus?
321 2084 349 2140 si
373 2092 457 2140 totum
490 2086 617 2153 auditas,
650 2086 697 2141 ahi
721 2087 872 2143 odoratas?
893 2088 972 2144 Naao
1019 2080 1055 2135 ad
1072 2081 1293 2153 thurificandum,
1317 2083 1388 2138 aliua
1415 2085 1449 2139 ad
1473 2084 1643 2140 adoraudum
1658 2083 1819 2141 ducebatur.

172 2192 184 2223 ι
199 2179 289 2227 autam
302 2173 393 2244 posuit
407 2175 480 2229 Deus
494 2175 626 2242 membra,
643 2176 855 2249 unumquodque
877 2192 972 2232 corum
1021 2169 1072 2226 Ubi
1087 2170 1134 2236 ait,
1151 2175 1233 2228 muto
1248 2171 1331 2239 idola,
1348 2173 1467 2229 ostendit
1476 2173 1550 2245 quod
1560 2173 1664 2229 ratione
1674 2188 1730 2229 non
1741 2174 1824 2229 duce·

171 2260 228 2315 «in
252 2275 369 2332 corpure
393 2262 465 2319 sicut
488 2263 582 2319 voluit.
617 2263 697 2334 Quod
720 2264 746 2319 sl
765 2273 859 2320 assant
881 2266 972 2320 omnia
1020 2256 1125 2325 bantur,
1143 2275 1203 2330 quse
1219 2260 1285 2315 satis
1299 2261 1457 2317 discernere
1467 2271 1568 2333 posset,
1577 2262 1680 2317 idolum
1690 2277 1743 2318 non
1759 2277 1822 2319 esse

172 2369 185 2400 a
201 2365 283 2404 unum
298 2351 460 2417 membrum,
487 2351 534 2407 nbi
548 2353 673 2424 corpus?
686 2354 766 2410 Nunc
780 2361 872 2410 autem
886 2355 972 2410 multa
1020 2346 1118 2417 Deum,
1136 2349 1186 2403 sed
1199 2364 1250 2419 per
1275 2350 1425 2423 malignum
1447 2351 1581 2422 spiritum.
1603 2351 1639 2405 Et
1651 2350 1713 2408 ideo
1729 2351 1823 2422 quiea

172 2438 310 2510 «quidam
333 2440 467 2506 membra,
493 2457 576 2496 unum
595 2450 685 2498 autom
709 2458 821 2514 eorpus,
844 2444 904 2498 Non
917 2459 971 2515 po·
1020 2435 1143 2507 maligno
1165 2437 1260 2508 spitiltl
1284 2439 1319 2494 ad
1344 2439 1445 2495 malunt
1470 2439 1653 2510 ducebamini,
1668 2439 1822 2510 persimile

173 2533 360 2583 «testantem
384 2529 481 2585 oculus
501 2529 594 2586 dicere
618 2531 711 2586 manui
728 2549 735 2586 ι
752 2530 840 2603 Opera
854 2541 899 2586 tua
913 2548 968 2587 nou
1020 2529 1121 2580 notum
1142 2528 1216 2598 facio
1237 2528 1319 2593 vobis
1344 2528 1417 2599 quod
1437 2544 1487 2599 per
1510 2528 1637 2599 Spiritum
1661 2536 1786 2584 aarum
1805 2544 1823 2582 a

172 2615 307 2690 «indigeo
320 2635 327 2684 ;
343 2626 390 2672 aut
399 2618 498 2674 iterum
511 2628 592 2691 caput
603 2620 719 2691 pedibus
736 2636 742 2677 :
758 2622 819 2678 Non
830 2621 896 2676 estis
907 2621 971 2676 mihi
1020 2611 1106 2683 ιιιὶθιί
1120 2613 1192 2668 malo
1215 2614 1354 2669 desistitis·
1373 2613 1451 2684 Quod
1466 2615 1673 2687 aequipolleniet
1686 2616 1724 2671 cil
1740 2634 1748 2671 ι
1763 2616 1823 2672 Hoc

174 2724 186 2754 ι
203 2706 361 2761 necessarii.
380 2707 434 2763 Sed
455 2707 644 2782 multomagis
659 2725 720 2781 qum
736 2709 863 2766 videntur
879 2727 971 2765 mom.
1022 2700 1175 2757 iaciovobis
1186 2710 1289 2770 notum,
1299 2705 1371 2776 quod
1381 2720 1464 2761 uemo
1476 2706 1632 2777 loquentiu
1644 2705 1820 2777 SpirituDei‚

173 2813 185 2844 ι
206 2794 256 2849 bra
270 2794 394 2865 corporis
418 2795 567 2853 infirmiora
589 2813 660 2866 essa,
682 2798 871 2854 necessariora
898 2807 970 2855 suat,
1021 2787 1138 2860 loquens
1159 2799 1229 2861 actu,
1255 2792 1420 2864 cogitatione
1444 2802 1470 2849 et
1488 2793 1594 2849 verbo:
1618 2793 1729 2865 spiritus
1749 2794 1822 2849 enim

175 2903 186 2935 ι
203 2883 238 2938 Et
252 2899 313 2956 quae
327 2892 453 2955 putamus
475 2885 639 2957 ignobiliora
657 2888 782 2942 mamhra
795 2903 858 2943 oasa
874 2903 972 2959 aaa-po.
1023 2878 1069 2949 qui
1087 2895 1132 2934 res
1147 2888 1188 2935 est
1211 2880 1365 2950 invisibilis,
1382 2898 1436 2938 non
1452 2882 1628 2954 cognoscitur
1642 2898 1704 2939 esse
1726 2882 1755 2938 in
1770 2882 1823 2938 ho-

173 2971 262 3040 «ris,
283 2972 327 3028 hia
352 2975 484 3030 honoram
508 2975 730 3032 abundantiorem
751 2976 966 3032 oiaaomaamoa.
1020 2967 1104 3034 mine,
1127 2969 1179 3023 nisi
1203 2986 1252 3040 par
1275 2971 1333 3028 haec
1353 2988 1414 3043 quar
1432 2972 1601 3027 extrinsecus
1624 2971 1752 3027 videntur
1779 2970 1823 3026 vel

174 3082 186 3113 ι
204 3062 239 3118 Ει
253 3079 314 3134 quae
328 3062 472 3119 inhonesta
487 3071 549 3119 sunt
564 3072 667 3131 nostra,
684 3064 908 3122 abundantiorem
923 3067 970 3122 ho·
986 3032 1181 3113 Caudinum·
1197 3060 1293 3126 Nemo,
1315 3060 1437 3132 inquam,
1463 3062 1577 3132 winedi
1591 3061 1623 3115 fn
1638 3061 1747 3133 Sitifim
1760 3061 1821 3130 Dei,

174 3171 186 3202 ι
203 3158 337 3209 nestatern
365 3152 466 3208 babent
483 3169 490 3207 :
506 3154 621 3209 honesta
644 3161 734 3210 autem
757 3162 851 3210 nostra
872 3154 972 3210 nullius
1022 3144 1093 3200 dicii
1106 3145 1231 3204 Similiter
1243 3157 1314 3216 ³01⁰,
1326 3149 1420 3215 ιθΐῧῡι
1434 3149 1607 3220 ῡθὲῑῑθῑὶθΰθι
1618 3148 1783 3215 cuatiemu,
1795 3148 1823 3203 id

174 3247 300 3312 «egent3
318 3241 366 3296 sed
390 3242 464 3297 Deus
478 3241 638 3313 temperavit
652 3258 763 3314 corpus,
780 3243 805 3299 ei
820 3243 864 3299 cui
878 3243 972 3299 deerat
1022 3247 1064 3293 est
1088 3238 1290 3310 separationem
1305 3254 1321 3293 a
1336 3239 1410 3295 iesu.
1436 3239 1524 3294 Nemo
1548 3238 1621 3293 enirn
1645 3237 1749 3293 babens
1770 3238 1824 3293 do-

174 3327 427 3385 ‹abundanttorem
462 3330 607 3386 tribuendo
624 3332 773 3397 bonorem,
803 3340 832 3386 ut
858 3347 913 3388 nou
939 3332 974 3386 sit
1022 3347 1087 3387 num
1107 3329 1223 3401 Spiritus
1246 3327 1334 3383 sancti
1354 3327 1451 3398 poterit
1476 3327 1598 3398 operari,
1625 3326 1757 3400 cogitare,
1780 3325 1824 3382 vel

172 3417 319 3473 «schisma
332 3418 360 3473 in
383 3434 509 3490 corpore,
534 3418 584 3475 sed
607 3419 768 3491 inidipsum
790 3436 840 3491 pro
855 3420 972 3477 invicem
1022 3419 1107 3491 loqui,
1132 3433 1182 3490 pro
1203 3432 1255 3489 quo
1279 3416 1537 3487 separeturaiesn,
1563 3415 1681 3486 quandin
1705 3415 1823 3486 Spiritus

175 3506 319 3562 «sollicita
346 3507 400 3562 siut
419 3508 552 3564 membra.
576 3509 610 3564 Et
634 3508 658 3563 si
681 3509 745 3581 quid
770 3509 869 3581 patitur
889 3526 973 3565 unum
1022 3509 1050 3563 in
1064 3523 1098 3564 eo
1111 3506 1252 3561 manserit.
1268 3506 1297 3560 ln
1322 3506 1374 3561 boc
1396 3504 1508 3560 multum
1532 3503 1638 3560 relevat
1651 3503 1823 3574 desperatio·

174 3595 377 3662 emembrem,
404 3597 608 3668 compatiuntur
630 3597 722 3652 omnia
749 3598 891 3665 membra;
915 3598 973 3654 sive
1023 3613 1086 3652 nem
1106 3612 1211 3662 eornm,
1227 3594 1273 3666 qui
1296 3593 1417 3649 minores
1440 3593 1544 3667 gratias
1569 3598 1742 3663 acceperant,
1760 3608 1823 3649 cum

174 3683 339 3757 -gtoriatur
362 3701 446 3741 uuum
479 3685 651 3753 membrum,
684 3687 859 3759 congaudent
881 3686 974 3742 omnia
1023 3685 1095 3741 dicat
1110 3701 1165 3740 non
1179 3698 1263 3754 posse
1282 3682 1404 3753 separari
1419 3697 1436 3737 a
1450 3683 1525 3749 Jesu,
1542 3681 1569 3737 in
1581 3696 1635 3753 quo
1645 3680 1763 3753 Spiritus
1774 3681 1826 3737 Dei
1861 3699 1863 3702 ⁴

176 3793 187 3824 ι
205 3774 335 3828 membra.
352 3774 511 3829 vosautem
526 3774 592 3829 estis
607 3789 708 3846 corpus
723 3775 833 3841 Christi,
849 3783 876 3830 et
891 3791 975 3831 mern·
1023 3791 1072 3846 per
1083 3773 1192 3846 aliquod
1207 3773 1309 3827 donum
1322 3772 1462 3828 manserit.

175 3861 254 3915 «bra
267 3861 302 3917 de
317 3862 451 3917 membro.
471 3863 506 3917 Et
523 3862 653 3934 quosdam
670 3862 780 3934 quidem
794 3864 884 3935 posuit
900 3864 974 3920 Deus
1059 3863 1117 3919 Nec
1139 3861 1226 3917 solum
1247 3861 1310 3917 lacit
1329 3860 1446 3931 Spiritus
1468 3876 1502 3916 ne
1524 3875 1685 3931 separemur
1704 3875 1720 3914 a
1745 3860 1823 3929 Jesn,

176 3968 188 3996 a
205 3947 233 4003 in
247 3948 372 4006 Ecclesia
389 3967 396 4005 :
411 3949 528 4021 primurn
551 3951 699 4022 apostolos,
715 3951 836 4007 secundo
852 3953 973 4024 prophe·
1024 3951 1171 4007 sedetiam
1186 3967 1267 4006 nemo
1286 3953 1377 4023 potest
1392 3950 1484 4006 dicere
1498 3949 1592 4016 verbo,
1609 3964 1702 4020 opere,
1718 3948 1825 4021 cogita·

176 4045 257 4106 ntas,
273 4037 353 4094 tertio
367 4038 503 4108 doctores,
529 4039 628 4096 deiude
644 4040 775 4106 virtutes;
792 4041 890 4097 exinde
906 4057 974 4114 gra·
1024 4041 1108 4096 tione.
1132 4042 1213 4097 iesus
1231 4046 1271 4095 est
1303 4039 1439 4095 Dominus
1458 4054 1546 4106 meus,
1569 4037 1633 4110 quia
1651 4053 1704 4110 ego
1727 4053 1826 4092 servus

177 4147 190 4178 ι
207 4126 260 4183 tias
274 4127 456 4196 curationum,
472 4128 672 4199 opitulationes,
682 4129 905 4200 gubernationes,
922 4146 974 4202 ge·
1025 4130 1095 4200 ejus,
1123 4129 1215 4194 idest,
1232 4143 1314 4183 nemo
1336 4135 1426 4198 potest
1451 4127 1552 4182 bouum
1575 4127 1692 4198 operari,
1719 4127 1780 4183 uisi
1793 4128 1827 4182 iu

178 4236 190 4268 ι
207 4232 274 4272 nera
288 4216 453 4290 linguarum,
469 4217 884 4288 interpretationessennonum.
899 4220 975 4275 Nun·
1028 4220 1140 4291 Spiritu
1154 4221 1264 4283 saucio,
1281 4216 1327 4287 qui
1340 4232 1390 4287 por
1402 4232 1464 4272 eum
1476 4223 1614 4287 operatur.
1623 4216 1704 4271 Jesus
1718 4215 1826 4271 estlio·

203 4305 269 4377 quid
285 4320 381 4362 omues
394 4306 534 4378 apostoli?
557 4307 685 4379 Nunquid
700 4323 795 4365 omnes
811 4308 975 4393 propbeta?
1024 4307 1115 4362 minus
1129 4322 1217 4361 meus.
1236 4305 1294 4361 Hoc
1307 4305 1401 4377 nequit
1415 4305 1517 4371 dicere,
1541 4304 1586 4376 qui
1601 4319 1656 4359 non
1670 4312 1713 4359 cst
1727 4319 1825 4359 servus

178 4413 189 4445 ι
206 4394 336 4466 Nunquid
360 4411 455 4451 omnes
480 4396 631 4453 doctores?
655 4397 783 4469 Nunquid
806 4413 902 4452 omnes
925 4394 1101 4464 vir-Dejns,
1118 4395 1190 4466 quia,
1207 4395 1231 4448 si
1245 4410 1299 4450 non
1314 4401 1355 4448 est
1369 4409 1481 4459 servus,
1496 4394 1623 4449 mentitur
1637 4392 1727 4463 potius
1742 4406 1825 4464 quam

176 4502 188 4532 ι
207 4484 302 4538 tutes?
333 4483 461 4555 Nunquid
476 4500 573 4539 omnes
594 4485 714 4557 gratiam
732 4486 834 4541 habent
857 4486 976 4541 curatio·
1025 4499 1121 4540 verum
1136 4482 1217 4539 dicat.
1233 4482 1283 4538 llic
1306 4482 1420 4537 multum
1443 4481 1570 4553 deprimit
1582 4496 1640 4546 eos,
1657 4480 1703 4552 qui
1717 4481 1752 4536 de
1767 4495 1828 4535 ma·

178 4572 297 4627 inum?
318 4571 447 4644 Nunquid
471 4588 567 4629 omnes
590 4573 692 4646 linguis
716 4572 887 4645 loquuntur?
901 4575 977 4630 Nun·
1023 4573 1128 4641 joribus
1143 4571 1222 4627 donis
1246 4587 1277 4627 se
1295 4570 1475 4642 praeierebant
1496 4570 1576 4637 aliis;
1593 4586 1656 4627 cum
1671 4570 1744 4625 dicat
1757 4569 1825 4625 nihil

178 4660 272 4732 «quid
300 4675 397 4716 omnes
431 4660 665 4732 interpretantur?
687 4662 860 4717 Emulamini
884 4669 976 4718 autem
1025 4676 1088 4717 esse
1104 4677 1137 4717 ex
1150 4661 1247 4717 merito
1262 4659 1389 4725 hominis,
1407 4659 1456 4715 sed
1470 4667 1556 4715 toturn
1565 4659 1591 4715 in
1603 4659 1707 4730 Spiritu
1717 4665 1823 4714 sancto.

177 4749 370 4805 «charismata
393 4749 506 4805 meliora
530 4747 592 4822 [cl.,
619 4749 741 4823 majoral.
767 4752 801 4806 Et
821 4751 909 4807 adbuc
930 4767 977 4807 ex·
1025 4750 1099 4805 licet
1119 4751 1172 4805 hoc
1185 4747 1372 4804 indifferenter
1385 4748 1431 4804 det
1447 4747 1556 4819 spiritus
1569 4747 1704 4803 declinare
1719 4761 1736 4801 a
1751 4746 1824 4803 malo

178 4838 390 4895 «cellentiorem
405 4839 478 4895 viam
493 4838 572 4895 vobis
587 4837 756 4895 demonstro.
775 4863 785 4886 n
1025 4848 1052 4895 et
1075 4838 1162 4896 iacere
1186 4839 1303 4904 bonum;
1328 4836 1425 4911 gratiae
1448 4845 1538 4892 tumen
1561 4836 1685 4906 ejusdem
1708 4835 1826 4906 Spiritus

1025 4927 1135 4984 divisim
1150 4926 1349 4982 distribuuntur
1363 4926 1490 4982 diversis.
1516 4926 1570 4982 Sed
1588 4926 1655 4982 licei
1671 4924 1825 4980 divisiones

498 5048 652 5090 mosfflo,
1024 5017 1263 5086 siutpratiurum,
1271 5019 1366 5071 tumen
1376 5015 1451 5071 wem
1461 5022 1487 5070 et
1495 5014 1627 5070 indivisus
1637 5022 1679 5069 est
1688 5013 1825 5086 Spiritus,

1025 5104 1071 5176 qui
1084 5103 1185 5159 divisas
1199 5103 1246 5158 dut
1259 5103 1373 5174 gratias.
1389 5105 1424 5158 Et
1439 5104 1508 5160 sicut
1522 5110 1584 5157 sunt
1593 5101 1744 5157 divisiones
1759 5118 1826 5173 gra·

211 5183 261 5240 llic
275 5181 337 5239 linis
352 5191 395 5240 est
410 5184 445 5240 de
466 5185 646 5242 sacramentis
660 5185 755 5241 altaria
770 5202 777 5242 :
794 5203 867 5244 nnnc
881 5188 977 5244 transit
1025 5193 1134 5258 tiarum,
1157 5191 1193 5247 ita
1213 5200 1274 5247 sunt
1290 5191 1438 5248 divisiones
1459 5191 1607 5248 effectuum
1634 5206 1742 5256 earum,
1770 5190 1827 5247 sci-

176 5282 206 5330 ιιι
220 5274 320 5330 doceat
342 5288 390 5328 eos
414 5274 449 5329 de
471 5273 550 5329 donis
568 5275 685 5345 Spiritus
708 5277 855 5339 sanctim
877 5278 976 5348 quibus
1024 5281 1086 5338 licet
1101 5281 1338 5338 ministrationum.
1356 5281 1405 5336 llic
1429 5280 1501 5336 enirn
1524 5280 1700 5334 ministratio
1716 5279 1828 5350 episco-

111 5432 118 5444 θ
176 5363 299 5437 graviter
314 5361 448 5418 errabant.
474 5360 526 5431 Qui
545 5363 617 5418 enim
635 5363 740 5433 majora
764 5364 835 5420 dona
858 5380 976 5437 accepe-
1025 5371 1081 5442 pio,
1103 5371 1147 5427 hic
1166 5371 1194 5425 in
1216 5370 1378 5436 sacerdotio,
1404 5378 1432 5425 et
1454 5369 1494 5424 sie
1518 5369 1545 5423 in
1565 5370 1671 5424 caeteris
1694 5368 1828 5439 gradibus

176 5459 247 5519 rant,
271 5450 458 5525 gloriabantur
489 5451 624 5507 adversus·
656 5467 704 5508 eos
735 5453 833 5526 quibus
855 5455 976 5512 minores
1024 5459 1168 5515 Ecclesiae.
1196 5459 1318 5515 Dicimus
1342 5457 1424 5514 etiam
1442 5457 1656 5514 ministrationes
1671 5457 1699 5511 in
1715 5456 1829 5528 quibus-

176 5540 276 5614 gretite
287 5554 428 5603 concessu
449 5539 566 5601 lucrant.
583 5539 618 5599 lli
630 5549 719 5600 auteur
729 5541 775 5618 qui
788 5542 879 5601 minus
892 5558 975 5605 acce·
1025 5562 1143 5621 cunque,
1157 5547 1256 5606 idonee
1275 5545 1463 5605 ministramus
1477 5545 1613 5634 proximo.
1629 5547 1664 5605 Et
1678 5545 1742 5605 licet
1754 5545 1826 5604 divi·
