3742 5986
101 144 153 198 763

521 141 694 199 GUiGONlS
713 142 724 196 I
743 138 950 197 CARTHUSIAE
968 139 1115 196 MAJORIS
1135 142 1275 200 entonis
1294 146 1327 201 V.

1709 153 1761 209 'tot

101 263 150 325 sed
165 268 283 324 maxime
297 283 350 324 non
362 267 524 340 spemendae
534 266 702 324 auctoritatis
713 265 842 321 arialdus
861 265 938 336 (8)A
953 262 1061 319 infirma
1086 264 1182 321 mundi
1205 266 1289 340 elegit
1312 270 1396 339 Deos,
1412 280 1442 329 nt
1464 273 1613 332 coniuud'at
1626 276 1721 343 fortia,
1737 285 1764 334 et

101 364 128 412 et
144 357 222 429 liugn
233 357 283 427 (a),
295 357 514 412 Mauriennensis
527 356 584 427 (10)
599 354 902 425 etGratianepoiitanus
951 353 1083 424 ignobilia
1098 354 1191 409 mundi
1206 363 1233 410 et
1248 360 1459 429 contemptibilia
1474 363 1557 437 elegit
1572 365 1661 442 Deus,
1689 373 1716 420 et
1729 380 1761 420 ea

102 444 233 515 episcopi.
250 445 386 515 liquibus
406 446 490 515 prior,
509 444 603 498 babitu
623 450 650 498 et
673 443 727 497 vita
756 440 899 515 regularis,

104 532 174 587 beati
189 532 240 588 viri
256 533 283 587 in
304 533 452 589 tractandis
467 532 661 588 ecclesiasticis
689 531 769 586 rebus
784 546 834 600 per
847 529 899 583 tri-

104 621 180 693 ginta
192 621 249 675 fera
273 636 366 677 comes
391 621 491 676 exstitit
511 636 618 685 annos;
634 619 770 689 posterior
781 633 856 682 vero,
869 633 902 672 ex

104 708 183 764 nobis
193 709 354 776 monacbuS,
371 709 407 762 ita
418 718 444 763 et
459 709 485 763 in
496 707 683 764 ecclesiastico
694 706 825 779 regimine
840 721 902 761 stro·

104 796 186 853 cessit
201 805 229 851 ut
242 803 354 868 propter
382 797 536 852 diuturnam
553 812 585 851 ae
611 796 800 851 vehementem
824 791 902 846 inirr-

104 885 224 940 mitatem
235 885 330 955 ipsius,
341 885 368 939 in
383 886 441 954 ejus
451 884 551 950 iocum,
564 885 623 954 ipso
638 892 746 953 petente
757 889 902 951 vestraque

104 973 205 1043 pietate
218 973 341 1042 jubente,
358 974 517 1044 priusquam
532 972 621 1027 obiret
634 972 707 1042 ipse,
724 984 902 1026 consecrare-

104 1069 157 1116 tur.
169 1062 203 1115 Et
217 1076 284 1134 erga
298 1076 346 1116 eos
357 1061 466 1132 quidem
481 1075 549 1133 qnos
564 1060 712 1132 praelonga
724 1057 903 1113 familiaritate

105 1148 147 1205 vel
163 1149 288 1204 convictu
304 1150 388 1204 latere
402 1165 456 1203 non
484 1158 616 1220 poteram,
633 1156 726 1202 nostra
748 1163 799 1201 uos
814 1147 903 1215 impe-

104 1236 164 1290 ritia
177 1252 226 1291 seu
241 1237 414 1303 uerecundia,
430 1246 457 1291 et
473 1253 534 1308 quae
547 1235 617 1292 forte
642 1251 695 1290 non
710 1235 799 1288 minus
814 1234 903 1304 impe-

105 1324 197 1380 diebat
219 1325 309 1380 carnis
323 1324 482 1388 infirmitas,
500 1323 664 1379 sufficienter
678 1329 805 1392 poterant
819 1336 903 1376 excu-

105 1428 175 1480 sare,
192 1413 227 1467 ad
247 1420 328 1466 tantae
350 1428 416 1467 vero
432 1412 539 1482 pondus
563 1411 741 1480 auctoritatis,
756 1426 791 1465 ne
806 1410 903 1464 mutire

953 457 1013 511 quae
1028 457 1083 496 non
1106 451 1178 508 sunt,
1195 450 1223 497 ut
1237 459 1270 498 ea
1297 462 1358 516 quae
1373 455 1436 501 sunt
1465 448 1639 516 destrueret;
1658 459 1759 506 utnon

953 528 1182 600 glorieturomnis
1193 532 1296 587 careia
1306 543 1456 604 conspectu
1467 537 1559 609 ejus(i
1567 538 1629 594 Cor.
1640 553 1661 606 r,
1672 537 1730 608 26).
1745 563 1757 587 ι

953 619 1052 672 Verum
1070 619 1200 688 quoniam
1213 619 1231 673 ii
1248 620 1294 691 qui
1306 620 1340 676 da
1361 621 1505 679 virtutibus
1520 632 1677 681 tractavere
1692 641 1758 681 san·

953 714 1066 771 storum,
1084 706 1164 761 etiarn
1178 706 1306 763 carnales
1314 709 1489 766 inveniuntur
1502 728 1556 767 non
1573 713 1700 770 tacuisse
1710 730 1758 769 na-

953 792 1030 857 tales,
1047 794 1169 849 dieamus
1180 802 1207 849 et
1221 811 1271 850 nos
1282 795 1401 852 breviter
1412 800 1485 870 quod
1499 801 1528 855 B.
1542 802 1634 872 liugo,
1645 804 1758 860 natione

955 882 1165 948 valentinensis,
1177 882 1238 938 loeo
1247 884 1323 953 juxta
1334 885 1439 941 Isaram
1449 888 1506 959 (ii)
1517 887 1627 945 ilrrvium
1639 890 1705 956 sito,
1718 892 1759 947 cui

954 969 1205 1025 Castrum-Novum
1234 988 1333 1028 nomen
1349 982 1401 1041 est,
1418 985 1545 1046 parentes
1559 977 1659 1033 habuit
1675 987 1703 1034 et
1718 995 1759 1034 se·

953 1060 1072 1113 cundum
1105 1061 1199 1116 saecuii
1222 1062 1383 1133 dignitatem
1412 1081 1467 1119 non
1490 1064 1612 1135 infimos,
1629 1075 1659 1123 et
1674 1069 1758 1140 (quod

954 1147 1072 1208 excellit)
1088 1149 1237 1203 sanctitatis
1265 1154 1443 1222 praerogativa
1466 1155 1643 1225 conspicuos.
1660 1157 1686 1210 E
1702 1157 1758 1229 qoi-

955 1236 1004 1288 bns
1020 1243 1104 1305 pater,
1121 1236 1201 1292 Odilo
1224 1238 1344 1303 nomine,
1362 1249 1462 1310 praeter
1476 1241 1526 1296 alia
1542 1243 1758 1314 quamplurima,

954 1340 1015 1394 quae
1037 1324 1146 1377 militari
1171 1325 1233 1380 iicet
1255 1327 1283 1380 in
1301 1328 1394 1383 habitu
1424 1329 1598 1386 laudabiliter
1613 1333 1706 1402 gessit
1720 1333 1759 1388 rel

954 1412 1056 1476 babuit,
1074 1413 1196 1468 veritatis
1212 1422 1237 1469 et
1249 1416 1383 1471 castitatis
1396 1425 1504 1473 amator
1518 1419 1632 1474 exstitit.
1647 1418 1720 1475 Nam
1735 1429 1759 1476 et

106 1501 214 1571 quidam
236 1501 471 1571 praesumpsimus,
489 1516 523 1555 ne
549 1501 611 1554 dum
640 1499 664 1554 ei
680 1515 734 1554 non
761 1498 904 1553 obedimus
954 1500 1107 1564 mendacia,
1119 1502 1238 1571 ingenua
1249 1504 1347 1558 mentis
1358 1503 1511 1570 affectione,
1525 1506 1668 1579 religiosis
1679 1524 1757 1580 qnam

105 1588 150 1644 cui
171 1596 244 1643 totus
272 1588 434 1644 commissus
462 1596 503 1643 est
532 1587 659 1650 mundus,
674 1603 736 1642 cum
750 1585 939 1672 offendere-B
955 1587 1077 1657 plurimis
1089 1590 1206 1660 amplius
1226 1592 1363 1658 evitabat3
1388 1601 1413 1648 et
1428 1593 1491 1649 iicet
1504 1595 1585 1661 duas,
1598 1596 1695 1666 priore
1710 1596 1757 1651 de·

104 1692 266 1747 musaque
289 1676 377 1732 inatus
392 1686 433 1733 est
446 1677 581 1743 mundus;
597 1684 622 1731 et
638 1676 703 1730 dum
719 1675 791 1746 apud
816 1675 905 1729 homi-
954 1676 1054 1743 innota,
1072 1678 1149 1732 eitius
1168 1677 1247 1733 fuerit
1274 1680 1386 1735 sortitus
1414 1697 1529 1748 uxores,
1545 1682 1640 1738 nullos
1655 1692 1754 1749 tamen,

106 1780 156 1820 nes
180 1765 297 1821 vitamus
322 1765 465 1836 imperitia
494 1764 787 1834 confusionem,apud
817 1765 904 1818 Deum
954 1765 1027 1835 quod
1043 1765 1084 1819 iris
1099 1767 1267 1836 temporibus
1282 1776 1308 1823 et
1319 1768 1370 1823 bac
1386 1777 1538 1841 temporum
1549 1770 1615 1826 labe
1631 1774 1757 1842 (praesen

106 1853 308 1908 incurreremus
324 1853 533 1908 damnationem.
551 1853 735 1909 Obsecramus
750 1860 841 1906 autem
857 1866 906 1906 eos
955 1854 1002 1907 tim
1017 1853 1043 1907 in
1072 1855 1238 1924 potentibus)
1257 1864 1380 1912 monstro
1402 1857 1489 1914 simile
1513 1858 1635 1924 ducitur,
1659 1868 1756 1931 praeter

34 1972 37 1977 ,
107 1942 153 2012 qui
168 1942 226 1998 baec
238 1941 367 2014 legerint,
384 1958 418 1997 ne
429 1942 495 1997 tanti
511 1941 680 1997 sanctitatem
695 1940 790 2007 Patris,
810 1948 905 1995 nostra
954 1942 1258 2013 uxoriosestexpertns
1274 1944 1423 2016 amplexus.
1454 1946 1583 2018 idemque
1610 1948 1675 2018 ipse
1702 1964 1756 2003 aro

106 2044 162 2084 non
176 2030 263 2085 solum
285 2030 422 2094 facundia,
440 2030 488 2085 sed
503 2038 529 2084 et
544 2029 708 2102 cogitatione
724 2028 806 2100 ionga
821 2028 905 2097 majo·
951 2029 1005 2098 jam
1021 2031 1124 2101 gravis,
1149 2032 1322 2088 sanctissimo
1333 2041 1460 2089 monente
1475 2033 1541 2102 filio,
1558 2043 1636 2090 tanto
1652 2035 1755 2093 terrore

104 2133 164 2171 rem
179 2134 211 2173 ex
226 2118 278 2172 ista
293 2119 425 2188 scriptura
449 2118 604 2184 metiantur,
621 2125 647 2172 et
661 2117 789 2184 maxime,
806 2132 840 2170 ne
851 2133 904 2186 pu·
954 2119 1116 2189 contempsit
1126 2120 1270 2184 amoarium,
1288 2129 1317 2175 ut
1331 2122 1480 2184 senectutis
1507 2122 1659 2180 immemor
1670 2131 1698 2180 et
1711 2124 1755 2180 de·

107 2214 163 2260 tent
178 2221 238 2270 nos,
255 2205 326 2260 ultra
349 2221 430 2277 quam
458 2220 509 2260 sua
533 2206 667 2275 postulant
682 2206 787 2268 merita,
804 2204 905 2259 nostris
954 2204 1040 2260 licatre
1053 2207 1267 2275 consuetudinis,
1286 2208 1378 2275 duras,
1400 2226 1467 2281 quas
1483 2210 1629 2266 carthusia
1645 2220 1755 2283 propter

41 2304 44 2309 ·
106 2308 167 2348 enm
183 2293 354 2348 sermonibus
369 2292 466 2348 eiierre
477 2293 607 2363 potuisse.
620 2294 733 2347 Tantum
744 2292 815 2347 enim
827 2293 905 2346 abest
953 2293 1038 2349 verba
1052 2293 1186 2349 labiorum
1197 2296 1382 2362 Deienstodit,
1400 2297 1458 2351 rias
1472 2299 1591 2371 aggredi
1603 2315 1664 2354 non
1679 2299 1754 2354 dubi·

106 2389 135 2436 ut
149 2381 298 2438 sanctitatis
314 2381 387 2436 iilius
409 2382 624 2454 magnitudinem
644 2381 704 2451 pius
718 2396 797 2451 raquo
812 2379 905 2434 value-
955 2382 1052 2436 taverit
1064 2401 1071 2447 ;
1085 2383 1130 2436 ubi
1139 2383 1218 2437 annis
1229 2383 1285 2439 iare
1296 2384 1391 2440 decem
1405 2392 1431 2440 et
1445 2393 1508 2442 octo
1523 2386 1552 2440 in
1567 2394 1647 2442 tanta
1655 2387 1756 2443 sobrie·

106 2470 203 2536 rimus,
227 2471 305 2541 quasi
334 2469 529 2534 favorabiliter,
555 2469 698 2533 extollere,
715 2478 743 2523 ut
758 2484 808 2523 noc
831 2467 904 2522 iliam
954 2478 1018 2535 tate,
1036 2478 1110 2525 tanta
1131 2471 1196 2526 vixit
1227 2473 1384 2540 humilitate,
1401 2481 1430 2527 ut
1450 2473 1556 2529 cunetis
1571 2475 1680 2532 ibidem
1702 2477 1756 2532 Deo

108 2558 196 2629 ipsam
225 2567 326 2613 sanctae
354 2558 571 2613 conversationis
598 2558 657 2626 ejus
682 2557 902 2628 prerogativam,
953 2557 1145 2613 famulantibus
1162 2560 1270 2624 charus,
1286 2562 1391 2616 cunetis
1409 2562 1555 2617 baberetur
1578 2563 1755 2620 veneratione

109 2647 179 2718 quod
194 2647 252 2701 sine
268 2646 376 2701 fictione
392 2647 517 2710 dicimus,
534 2655 591 2700 tum
606 2655 715 2717 propter
731 2645 901 2714 imperitiam,
953 2646 1142 2718 dignissimus.
1159 2648 1205 2702 Cui
1221 2649 1292 2702 viam
1316 2649 1451 2704 universa
1478 2649 1570 2705 earnis
1594 2651 1755 2724 ingressuro

108 2742 164 2787 tum
179 2741 290 2804 propter
313 2734 447 2788 sermonis
462 2734 589 2804 inopiam,
606 2741 634 2788 ut
648 2732 835 2804 eratdignnm,
852 2748 904 2803 po·
954 2735 1023 2805 (orat
1051 2735 1150 2806 quippe
1169 2735 1254 2790 ferme
1279 2738 1336 2807 jam
1368 2738 1553 2803 centenarius)
1586 2740 1753 2795 venerabilis

107 2821 237 2876 tuerimus
261 2821 407 2892 explicare.
953 2822 1028 2877 affuit
1039 2822 1119 2889 filius,
1131 2840 1246 2896 eumque
1255 2826 1374 2895 propriis
1397 2833 1423 2881 et
1439 2827 1544 2881 inunxit
1553 2835 1581 2882 et
1591 2843 1674 2883 sacra
1684 2844 1754 2884 com·

953 2913 1082 2967 munione
1114 2913 1228 2983 replevit
1251 2914 1394 2981 manibus;
1425 2914 1588 2987 expletoque
1619 2918 1754 2990 condigna

373 2990 485 3046 CAPUT
501 2989 645 3046 PRIMUM·
914 2965 937 3025 ⁰
955 3000 1129 3056 veneratione
1142 3008 1196 3056 tam
1210 3009 1306 3058 sancto
1317 3001 1421 3067 sunere,
1434 3003 1523 3058 obitus
1542 3004 1629 3071 diem,
1647 3006 1716 3060 sicut
1730 3012 1756 3060 et

954 3089 1059 3154 matris,
1077 3089 1269 3160 eleemosynis,
1286 3090 1376 3162 quoad
1391 3090 1470 3158 vixit,
1488 3091 1630 3147 celebrem
1645 3092 1722 3149 duxit
1731 3102 1755 3149 et

954 3176 1107 3232 sacrifieiis.

177 3135 204 3189 S.
220 3134 493 3205 liuponisporentca,
510 3133 616 3199 studio,
634 3133 830 3188 canonicatus.

143 3277 169 3328 2.
187 3273 254 3328 Cum
269 3288 337 3346 ergo
351 3271 454 3343 praefati
478 3272 565 3328 Patris
592 3273 756 3328 sanctissimi
770 3288 862 3328 meres
877 3280 904 3328 et
989 3269 1015 3320 3.
1033 3265 1099 3333 Qua
1115 3265 1239 3321 videlicet
1255 3267 1417 3322 venerabilis
1428 3277 1514 3323 mater
1529 3269 1597 3339 ejus,
1615 3285 1681 3325 cum
1694 3277 1755 3343 post

106 3376 201 3432 opera,
213 3362 271 3417 Deo
281 3361 426 3432 placentia,
439 3360 615 3416 srrfficientem
626 3361 746 3416 sermoni
756 3361 903 3430 adeoprae-
954 3352 1114 3408 abscessum
1129 3354 1179 3408 iiii
1194 3355 1304 3424 limes
1318 3372 1400 3426 <luem
1415 3356 1517 3411 nullum
1541 3357 1654 3428 penitus
1669 3373 1753 3415 1¹0i'0·

107 3457 179 3506 stent
194 3450 333 3505 mererium
348 3458 377 3504 ur
392 3465 446 3505 eeu
470 3449 557 3505 selum
580 3457 710 3518 uestrum,
727 3449 777 3504 sed
792 3458 818 3504 er
833 3466 902 3521 que.
953 3443 1007 3513 rat)
1023 3442 1104 3497 uellet
1115 3451 1140 3497 et
1156 3442 1213 3514 ipsa
1230 3451 1327 3499 cuncta
1338 3443 1504 3515 relinquere,
1516 3445 1754 3516 quiaieminarum
1789 3499 1794 3510 ,

105 3539 233 3594 numlibet
255 3540 364 3595 vincant
387 3537 551 3603 facundiam,
568 3538 658 3594 carnis
683 3539 741 3607 ejus
760 3538 903 3594 tacendam
954 3528 1143 3602 teligiOSflrum
1172 3546 1235 3585 rasa
1260 3539 1323 3586 lunc
1359 3540 1436 3587 Orant
1459 3533 1639 3601 monasteria,
1655 3534 1694 3606 Pii
1709 3533 1754 3589 filii

107 3645 139 3684 ex
155 3636 211 3684 cete
225 3627 389 3683 duceremus
404 3627 548 3697 originem,
565 3642 597 3682 ee
622 3626 694 3698 qued
717 3625 903 3681 indifferenter
954 3618 1109 3674 salubribus
1123 3618 1254 3674 instructa
1269 3619 1388 3689 monitis,
1406 3620 1578 3677 continentiae
1594 3629 1623 3677 ct
1639 3622 1753 3679 eleemo

107 3712 236 3769 debonis
253 3712 349 3778 bonos,
366 3712 400 3766 de
415 3711 496 3767 maiis
511 3711 608 3775 maios,
625 3711 753 3766 debonis
775 3711 863 3765 maios
877 3718 904 3766 et
954 3708 1038 3777 synis,
1055 3707 1224 3762 orationibus
1239 3714 1321 3779 atque
1332 3708 1452 3779 jejuniis,
1469 3723 1500 3765 ae
1519 3709 1638 3781 reliquis
1653 3710 1752 3767 sannis

107 3802 141 3856 de
156 3800 236 3856 maiis
252 3800 350 3865 bonos,
365 3816 416 3871 per
430 3800 514 3855 divini
532 3799 624 3868 judieii
647 3799 848 3854 inscrutabilem
863 3798 902 3853 al·
953 3796 1081 3867 operibus
1095 3795 1122 3849 in
1141 3796 1223 3850 domo
1237 3795 1356 3867 propria,
1374 3797 1447 3868 qnod
1462 3797 1597 3869 reliquum
1622 3806 1683 3853 erat
1700 3799 1751 3853 irn-

105 3889 258 3954 titudinem,
274 3889 350 3943 nasci
366 3888 486 3959 quotidie
503 3888 593 3942 nulius
607 3887 724 3959 ignoret,
742 3902 793 3942 uec
804 3886 903 3942 referat
953 3884 1047 3955 pendit
1062 3883 1206 3954 temporis,
1231 3882 1301 3938 filios
1316 3884 1398 3939 etiarn
1415 3901 1488 3951 suos,
1501 3885 1666 3941 militaribus
1680 3894 1751 3942 stre·

107 3976 210 4048 aliquid
231 3975 357 4048 qualibus
372 3976 405 4031 sit
430 3985 505 4031 ortus
520 3975 636 4046 quisque
667 3975 836 4045 parentibus,
854 3975 902 4029 sed
953 3988 1022 4027 nuos
1036 3972 1151 4036 actibus,
1162 3973 1196 4025 ab
1212 3972 1407 4039 immoderatis,
1420 3981 1549 4045 quantum
1563 3982 1682 4045 poterat,
1700 3974 1751 4030 ire·

107 4065 231 4138 qualibus
256 4065 353 4120 vixerit
375 4065 506 4129 moribus,
522 4080 573 4119 nec
600 4070 747 4135 augmenta
779 4061 902 4119 conferat
953 4077 1020 4114 nans
1043 4061 1211 4116 excessibus.
1233 4060 1282 4115 Cui
1304 4060 1487 4128 decumbenti,
1504 4077 1537 4116 ea
1561 4078 1615 4134 qua
1631 4062 1698 4118 obiit
1712 4080 1750 4119 a·

106 4155 266 4209 meritorum
276 4153 406 4224 potentia,
417 4152 517 4206 divitiis
532 4160 558 4206 et
573 4152 715 4207 nobilitate
726 4161 836 4207 terrena
846 4151 902 4207 cla·
952 4148 1099 4220 gritudine,
1123 4156 1215 4218 optata
1243 4147 1290 4202 frlii
1317 4149 1394 4203 adest
1418 4150 1584 4219 praesentia3
1608 4151 1750 4206 adoranda

107 4243 204 4308 ruisse,
222 4243 269 4297 sed
292 4243 349 4297 naee
370 4241 462 4296 omnia
489 4255 540 4312 pro
555 4240 661 4295 Christo
685 4240 900 4310 contempsisse,
953 4237 1035 4290 tradit
1050 4237 1188 4307 mysteria,
1205 4246 1324 4292 extrema
1339 4253 1393 4292 non
1417 4237 1501 4292 multo
1519 4245 1581 4308 post
1603 4244 1751 4310 sepultura

106 4346 168 4385 cum
179 4331 318 4385 videamus
334 4338 359 4385 et
368 4329 513 4384 Dominum
525 4329 690 4400 pauperibus
702 4337 790 4384 ortum
803 4315 937 4399 paren-D
953 4324 1032 4379 solvit
1060 4325 1200 4396 obsequia,
1226 4334 1352 4396 prompto
1376 4325 1485 4380 solvens
1509 4325 1665 4382 obedientia
1681 4327 1750 4399 quod

10 4451 11 4455 =
107 4419 188 4483 tibus,
205 4426 231 4473 et
246 4419 273 4472 in
287 4418 417 4489 apostolis
431 4417 594 4490 insigniores
610 4425 733 4487 sumptos
756 4433 789 4472 en
810 4417 901 4487 pisca·
953 4414 1069 4483 imperat
1083 4414 1157 4468 Deus
1181 4413 1243 4484 lege
1259 4414 1387 4477 idosaioa,
1405 4414 1519 4469 dicens:
1540 4437 1550 4461 n
1569 4414 1686 4471 ilonora
1703 4432 1750 4487 pa-

58 4542 63 4552 =
105 4507 219 4562 toribus.
238 4507 314 4562 Unde
325 4514 351 4561 et
366 4507 461 4561 beatus
477 4507 510 4560 ad
526 4506 681 4561 Corinthios
696 4506 818 4560 scribens
830 4506 902 4559 Pan·
952 4509 1022 4556 trem
1035 4508 1109 4555 tuum
1126 4508 1152 4555 et
1167 4509 1291 4567 matram,
1311 4508 1338 4556 nt
1349 4501 1535 4574 sisiongaerus
1551 4512 1750 4573 superterram

104 4595 146 4652 lus
163 4610 169 4649 ε
188 4617 199 4642 n
219 4595 322 4662 l'idete,
340 4595 434 4667 inquit,
460 4594 567 4661 fratres,
588 4594 758 4649 vocationem
773 4602 900 4660 vestram,
953 4591 1051 4659 (daed.
1063 4605 1114 4655 xx,
1128 4589 1183 4658 ii.)
1202 4614 1212 4637 n
1230 4591 1269 4644 De
1281 4590 1437 4662 quantique
1453 4598 1525 4645 terra
1540 4590 1687 4647 Psalmista
1698 4594 1749 4648 bo

105 4685 238 4756 quianon
260 4683 336 4739 multi
362 4684 499 4753 sapientes
527 4683 675 4738 secundum
705 4697 825 4747 carnem,
847 4697 902 4736 non
951 4678 1025 4732 mino
1037 4677 1273 4732 dicereereditur:
1287 4701 1296 4724 a
1315 4678 1353 4733 Tu
1365 4695 1394 4733 es
1411 4695 1474 4749 spes
1490 4694 1562 4745 mea,
1579 4680 1669 4750 portio
1689 4696 1750 4736 mea

103 4773 180 4828 multi
197 4780 331 4843 potentes,
349 4787 404 4827 non
427 4772 504 4826 multi
527 4769 647 4836 nobiles,
665 4770 714 4825 sed
738 4786 799 4840 quac
819 4769 902 4824 stulta
952 4768 978 4822 in
990 4775 1061 4821 terra
1070 4766 1216 4821 viventium
1224 4769 1311 4836 (Psoi.
1324 4782 1396 4832 cant,
1408 4768 1445 4838 6).
1460 4789 1471 4817 r
1485 4768 1548 4822 iiaee
1558 4770 1750 4826 autemdicere

103 4871 166 4918 aunt
180 4862 272 4916 mundi
287 4861 370 4934 elegit
393 4862 476 4928 Deus,
494 4868 522 4914 ut
545 4859 693 4914 confundat
707 4859 855 4930 sapientes,
876 4865 902 4913 et
951 4854 1137 4925 fueratsolitu,
1149 4856 1293 4926 quoddam
1305 4871 1452 4927 praegnans
1462 4856 1517 4911 suis
1528 4872 1591 4910 eum
1602 4855 1688 4913 ferret
1699 4858 1750 4913 vis·

136 5040 173 5104 (8)
189 5039 311 5098 arialdus,
331 5039 356 5087 in
379 5051 438 5088 mss.
459 5037 548 5087 nostris
571 5039 703 5092 airaldus.
726 5043 750 5087 et
773 5037 900 5098 litardus,
951 5040 1040 5088 arcum
1061 5037 1161 5088 durium
1183 5049 1197 5087 e
1222 5039 1305 5087 monte
1325 5034 1409 5086 Giniso
1428 5033 1590 5094 delirantem,
1615 5034 1640 5084 in
1661 5036 1750 5086 ducatu

101 5107 159 5159 aiibi
183 5108 330 5167 eurardus,
351 5119 381 5155 ex
403 5105 523 5154 monacile
543 5106 567 5153 et
589 5105 669 5168 priore
689 5104 823 5155 Caribusia
836 5105 899 5153 l'or-
949 5103 1087 5166 sabaudiae,
1097 5116 1183 5154 versus
1196 5105 1324 5154 orientem.
1337 5102 1432 5152 distans
1443 5100 1611 5165 Gratianopoii
1623 5115 1649 5150 ru
1660 5103 1695 5153 it.
1710 5105 1750 5162 tt,

100 5178 191 5233 tarum,
201 5173 315 5224 diocesis
326 5171 504 5235 Lugdunensis,
519 5171 597 5221 factus
607 5173 734 5234 episeopus
747 5184 810 5220 anno
825 5170 898 5233 itta,
950 5171 992 5221 sed
1007 5170 1128 5220 montibus
1141 5170 1279 5232 interrupto
1293 5169 1391 5218 itinere.

102 5243 212 5292 mortuns
226 5251 266 5288 an.
284 5240 358 5287 ttot.
983 5236 1036 5300 (11)
1051 5238 1129 5300 Supra
1147 5237 1281 5286 Valentiam
1304 5236 1421 5284 itbodano
1436 5234 1518 5284 'inlinit
1536 5234 1619 5290 isara,
1633 5233 1749 5296 adquam

134 5307 172 5371 (iit
187 5308 255 5368 tingo
269 5305 300 5366 ii,
310 5317 340 5352 ex
352 5306 463 5367 professo
483 5304 619 5355 Gartnustae
637 5303 752 5365 Maioris,
774 5305 900 5366 episeopus
949 5303 1044 5363 adjacet
1056 5305 1165 5354 Castrum
1180 5305 1283 5365 bortum,
1297 5302 1375 5351 adbtrc
1388 5304 1434 5351 boo
1445 5305 1556 5362 tempore
1576 5295 1756 5362 catanance(

100 5372 359 5435 Gratianopoiitanus,
381 5372 437 5422 dein
460 5384 491 5421 an
525 5372 590 5422 1155
608 5371 689 5419 iactus
701 5370 899 5433 archiepiscopus
949 5370 1050 5419 dictum.
1065 5372 1196 5432 perperam
1209 5370 1291 5429 Wion,
1312 5369 1335 5417 in
1350 5369 1418 5418 notis
1430 5368 1460 5418 ad
1481 5366 1609 5429 iiartyml.
1623 5367 1749 5418 nenetnc

101 5440 255 5490 Viennensis.
949 5437 1085 5488 Valentiam
1098 5437 1255 5499 iiispanicam
1268 5435 1386 5497 assignat.

135 5505 187 5569 (10)
200 5505 350 5566 itaurienna,
372 5504 443 5566 vulgo
467 5504 485 5555 S
517 5502 621 5556 tornata
643 5503 674 5555 11
697 5503 896 5568 strumensem
