3742 5986
109 130 180 187 tuat
543 126 573 182 S.
593 124 752 185 HUGONIS
770 124 879 182 susc.
901 120 1064 182 LlNCOLN.
1085 122 1167 181 ORD.
1189 125 1316 182 CARTH.
1701 127 1771 183 1928

110 256 238 330 gulorum
260 252 429 311 orationibus
451 268 491 319 se,
514 251 659 324 praemissa
680 250 854 309 confessione
867 251 946 315 Μ
960 253 1031 303 tecta
1045 247 1141 319 ipsius,
1158 249 1233 323 quod
1247 266 1281 305 ex
1296 248 1380 305 aridis
1394 256 1452 306 erat
1462 248 1596 306 scindulis
1606 247 1770 305 conlectum

107 344 201 401 cissim
215 343 300 416 petita
324 349 350 399 et
376 347 516 415 percepta,
543 357 667 397 seorsum
682 342 757 414 prius
771 342 798 396 in
814 358 909 397 eorum
959 356 995 399 ex
1015 340 1141 413 proximo
1163 338 1332 395 imminebat.
1356 337 1467 395 Cellulae
1489 346 1626 411 praeterea
1652 338 1767 411 ligneae,

108 433 186 490 cellis
201 432 431 503 commendasset,
450 447 483 486 ex
497 445 575 485 more
598 429 707 485 demum
722 430 750 485 in
765 446 909 488 commune
958 445 1157 491 conversorum
1173 428 1267 484 usibus
1282 428 1428 500 deputatae,
1438 428 1511 484 haud
1524 427 1622 500 procul
1631 426 1663 482 in
1678 427 1769 499 girum

107 521 223 594 licentia
232 523 368 594 postulata
390 530 417 578 et
431 524 547 580 solemni
567 525 694 582 omuibus
714 521 778 577 data
792 520 908 577 benedi-
958 529 1036 579 erant
1051 517 1202 591 disposite.
1230 516 1285 589 lpsi
1306 516 1481 573 nihilominus
1504 517 1632 574 ecclesiae
1647 516 1769 572 vicinius

107 612 207 680 ctione,
233 611 316 669 libato
340 613 421 668 etiam
443 614 520 687 pacis
543 615 647 684 osculo,
672 613 724 668 sub
744 613 788 667 his
805 609 906 677 verbis,
960 609 1068 679 astanti,
1093 606 1295 679 circumpositis
1324 606 1444 680 undique
1467 605 1592 678 officinis,
1610 604 1769 676 justissime

108 717 170 774 quae
192 699 330 773 frequenti
352 719 420 769 usu,
444 710 471 759 ct
500 719 516 758 a
541 705 631 761 charis
656 701 713 759 suis
734 701 908 757 discessums
957 699 1111 757 timebatur.

106 789 273 862 proferebat,
290 791 325 846 ab
340 792 380 847 eis
395 792 508 849 recessit
525 811 532 848 ε
551 817 561 842 ι
577 794 669 863 Nunc,
685 790 821 864 inquiens,
833 804 908 846 com·
993 790 1117 846 Cernens
1131 787 1222 860 itaque
1236 787 1278 844 vir
1295 786 1428 859 providus
1438 785 1481 842 his
1492 788 1675 845 omnibussui
1685 805 1768 846 causa

108 879 209 935 mendo
223 895 274 935 vos
291 881 350 935 Deo
365 888 392 936 et
405 881 490 937 verbo
505 882 600 956 gratim
616 883 684 954 eius.
705 900 716 932 1
734 879 803 936 Hinc
817 878 853 934 ad
867 877 908 932 di·
957 877 1125 947 inevitabile,
1146 876 1199 932 nisi
1222 875 1315 933 divina
1333 875 1433 933 virtute
1454 884 1589 946 arceatur,
1615 878 1766 935 imminere

108 967 230 1024 versoria
244 967 356 1024 fratrum
382 969 523 1038 laicorum,
549 971 596 1027 ubi
610 969 702 1026 clerici
717 977 744 1025 et
759 969 908 1025 servientes
957 966 1121 1040 periculum,
1140 965 1232 1021 animo
1254 981 1401 1041 parumper
1423 973 1625 1035 consternatus,
1643 967 1694 1022 sed
1707 968 1769 1039 plu·

107 1056 150 1112 sui
164 1057 384 1125 commanebant,
400 1057 438 1113 ibi
448 1075 529 1115 mane
543 1060 691 1116 crastinum
701 1065 907 1131 exspectaturus
956 1055 1057 1111 rimum
1087 1054 1122 1110 de
1142 1053 1293 1110 salvatoris
1316 1053 1436 1110 bonitate
1459 1053 1588 1122 confisus,
1615 1055 1767 1112 salutiferae

108 1141 232 1198 accessit.
249 1141 309 1212 Quo
332 1150 393 1213 post
417 1143 535 1215 quietem
550 1144 585 1199 ad
600 1144 747 1200 solvendas
759 1150 907 1199 nocturnas
956 1144 1047 1202 crucis
1062 1143 1172 1216 signum
1189 1149 1285 1198 contra
1300 1141 1394 1216 ignem
1408 1141 1552 1215 aliquoties
1562 1143 1661 1199 edidit.
1679 1147 1767 1201 luter-

108 1230 271 1287 Deolsudes
287 1231 433 1288 ecclesiam
447 1233 584 1304 ingresso,
602 1250 651 1305 per
665 1233 766 1289 vitreas
781 1233 817 1287 eb
832 1231 907 1288 occi·
956 1233 1066 1288 mittens
1093 1248 1160 1288 vero
1184 1248 1295 1287 cursum
1320 1232 1488 1288 nocturnalis
1515 1232 1608 1299 officii,
1633 1234 1709 1305 quod
1733 1250 1767 1289 ex

108 1319 160 1375 dua
183 1320 295 1376 oratorii
320 1330 396 1392 parte
422 1321 556 1377 fenestras
580 1321 672 1394 fulgor
695 1320 783 1377 subito
807 1320 907 1375 nimius
956 1329 1035 1394 parte
1049 1322 1105 1390 iam
1130 1321 1315 1390 inchoaverat,
1340 1329 1493 1375 antennam
1512 1321 1686 1378 Dominicam
1703 1339 1765 1377 sese

106 1407 203 1475 illuxit,
219 1409 256 1464 ita
277 1417 306 1464 ut
329 1409 396 1464 solis
415 1411 498 1480 jubar
522 1410 618 1465 eadem
640 1410 776 1466 videretur
795 1410 907 1466 claritas
956 1410 1085 1483 protinus
1108 1409 1136 1463 in
1160 1408 1310 1465 orationem
1333 1408 1417 1465 dedit.
1442 1411 1501 1466 Nec
1522 1410 1598 1481 prius
1622 1410 1730 1467 destitit
1750 1427 1767 1465 a

108 1497 270 1554 excessisse.
286 1498 364 1554 Unde
379 1499 483 1553 attoniti
494 1498 613 1570 quidam,
626 1499 672 1570 qui
683 1498 768 1554 valvis
782 1498 907 1554 ecclesiae
954 1514 1036 1571 prece
1053 1513 1136 1570 quam
1160 1497 1352 1553 domunculam
1372 1497 1491 1553 funditus
1505 1498 1683 1572 absumptam
1698 1516 1763 1556 suc-

107 1586 222 1659 propius
252 1585 402 1652 astiterant,
425 1586 523 1643 festine
547 1596 700 1658 erumpunt,
738 1594 907 1659 cernuntque
921 1587 1086 1680 Bcubuisse
1104 1586 1231 1652 flammis,
1255 1595 1280 1641 et
1296 1585 1420 1642 incendia
1434 1587 1553 1658 tepuisse
1567 1589 1723 1655 nuntiatur,
1740 1597 1764 1643 et

110 1674 241 1744 culinam,
257 1674 284 1730 id
300 1681 351 1742 est,
375 1675 530 1746 coquinam,
555 1693 616 1748 quae
639 1675 770 1747 proximis
785 1676 905 1747 undique
956 1675 1067 1749 quidem
1081 1675 1150 1731 citra
1165 1675 1352 1746 cujuscunque
1371 1674 1412 1730 rei
1425 1675 1631 1743 detrimentum,
1648 1685 1764 1748 prseter-

107 1763 234 1819 domibus
255 1779 326 1834 pene
346 1762 435 1819 luerat
454 1765 593 1838 contigua,
615 1764 750 1837 porrectis
772 1764 855 1838 longe
877 1764 905 1819 in
955 1781 1037 1837 quam
1052 1764 1125 1819 illius
1148 1763 1320 1819 solummodo
1342 1761 1449 1819 aedificii
1465 1765 1648 1836 quodetiam,
1667 1765 1691 1821 si
1707 1774 1763 1822 ste-

106 1866 171 1907 aera
185 1852 302 1906 flammis
317 1852 403 1908 exuri.
420 1851 500 1921 Quod
524 1853 670 1925 episcopus
685 1869 839 1925 agnoscens
854 1869 904 1909 ve·
955 1852 1033 1909 tisset
1043 1853 1175 1919 illaesum,
1196 1852 1321 1907 manibus
1335 1852 1475 1908 bominum
1489 1853 1524 1908 de
1538 1853 1675 1909 industria
1693 1854 1762 1909 fuis-

105 1940 248 1997 hementer
268 1941 387 2012 expavit,
410 1949 535 1997 metuens
559 1941 670 2009 scilicet,
689 1958 724 1998 ne
738 1943 767 1997 in
780 1942 906 2014 proxima
957 1949 999 1997 set
1012 1941 1185 1997 diruendum.
1208 1941 1267 1996 tam
1293 1940 1366 1997 enirn
1389 1941 1489 2012 saepins
1504 1941 1624 2011 jusserat
1646 1943 1682 1998 ad
1697 1960 1762 1999 usus

107 2027 177 2086 forte
191 2029 307 2086 aedisrcia
330 2031 397 2086 edax
413 2030 570 2086 incendium
589 2031 743 2087 desaeviret.
759 2031 817 2086 Nee
832 2030 905 2086 enim
956 2030 1130 2087 necessarios
1155 2029 1293 2101 lapideum
1315 2045 1348 2086 ex
1372 2029 1501 2087 demolito
1522 2031 1627 2086 ibidem
1642 2033 1763 2089 construi

107 2133 186 2174 secus
200 2118 319 2174 futurum
333 2119 402 2174 situs
416 2127 441 2175 et
457 2127 544 2174 status
568 2119 666 2175 aedium
689 2119 905 2192 circumquaque
956 2118 1137 2185 domicilium,
1153 2120 1205 2174 hoc
1221 2117 1324 2174 scilicet
1338 2118 1411 2190 quod
1426 2119 1507 2175 modo
1531 2120 1642 2186 accidit,
1660 2121 1762 2177 veritus

105 2205 303 2262 imminentium
318 2207 446 2280 cuiquam
460 2208 581 2265 dictabat
595 2208 826 2280 presumendum.
844 2209 905 2280 Ipsa
955 2208 1019 2264 inde
1034 2208 1177 2280 provenire
1196 2207 1361 2279 periculum.
1390 2207 1474 2277 Cujus
1498 2224 1579 2265 mane
1603 2209 1761 2266 incendium

104 2311 173 2352 uero
194 2295 319 2361 edicula,
345 2295 489 2353 occasione
513 2297 691 2353 servientium
723 2312 774 2354 nec
799 2312 854 2352 non
879 2305 905 2352 et
957 2311 1021 2353 cum
1035 2296 1154 2353 universi
1178 2296 1343 2352 mirarentur
1364 2296 1434 2352 adeo
1457 2298 1593 2353 exstitisse
1609 2298 1759 2365 innoxium,

106 2384 245 2456 hospitum
258 2384 390 2456 episcopi,
407 2393 436 2440 ut
445 2401 540 2441 eorum
552 2386 647 2442 usibus
655 2386 794 2458 pulmenta
805 2402 903 2458 coque·
956 2385 1004 2441 ille
1020 2386 1049 2440 in
1066 2386 1183 2441 Domino
1194 2385 1332 2441 exsultans
1342 2385 1432 2441 aiebat
1448 2401 1454 2440 :
1472 2408 1483 2437 ι
1501 2387 1666 2444 Benedictus
1677 2389 1760 2454 Deus,

105 2480 199 2529 rentur
214 2473 241 2527 in
256 2489 299 2539 ea,
317 2473 405 2529 fuerat
430 2482 594 2543 constructe,
618 2483 730 2547 eratque
745 2491 778 2530 ex
793 2474 907 2548 virgulis
957 2475 1072 2546 quinon
1087 2475 1176 2530 solum
1200 2483 1362 2545 praesentem
1378 2474 1407 2529 in
1421 2475 1467 2530 tali
1482 2491 1549 2531 casu
1563 2476 1692 2532 timorem
1708 2493 1760 2532 no-

105 2576 138 2617 an
152 2561 277 2636 virgultis
297 2562 387 2619 vicem
408 2564 543 2634 parietum
565 2564 754 2635 supplentibus
769 2570 904 2630 contexta,
956 2571 1044 2620 strum
1059 2563 1197 2619 consolari
1214 2563 1310 2631 voluit,
1332 2564 1419 2620 sedet
1430 2562 1512 2619 futuri
1525 2572 1618 2621 metus
1631 2565 1761 2622 sollieitu-

106 2650 205 2722 stipula
227 2650 280 2706 levi
304 2651 412 2708 culmen
434 2651 519 2722 ipsius
543 2660 663 2725 tegente.
688 2650 757 2721 Quae
785 2653 820 2708 ab
844 2653 907 2708 aula
956 2653 1047 2709 dinem
1071 2652 1122 2709 sub
1142 2668 1205 2710 mea
1227 2653 1337 2710 tandem
1360 2653 1507 2726 prasentia
1520 2653 1646 2712 funditus
1661 2670 1761 2727 ampu-

103 2739 232 2810 hospitali
243 2755 292 2796 sex
306 2747 352 2795 aut
367 2748 473 2812 septem
488 2740 532 2798 vix
546 2740 648 2812 pedum
663 2741 752 2813 spatio
766 2741 907 2813 disparata
956 2741 1030 2799 tavit.
1050 2763 1062 2793 1

745 2990 874 3063 Explicit
895 2990 964 3049 tiber
984 2995 1113 3065 quartus.

666 3273 890 3340 PROLOGUS
911 3275 1021 3338 LIBRI
1042 3275 1193 3349 QUINTI.

140 3565 329 3638 Quatuorjam
353 3566 453 3623 libellis
477 3566 512 3623 de
536 3567 590 3623 vita
609 3567 695 3623 sancti
717 3566 804 3623 Patris
819 3568 941 3630 nostriO
956 3583 1033 3626 canae
1047 3567 1178 3626 Ecclesia
1202 3569 1380 3639 immunitate,
1402 3577 1455 3626 tam
1477 3577 1572 3627 contra
1593 3585 1692 3643 regem
1714 3570 1759 3627 tti-

105 3656 227 3729 llugouis
252 3655 379 3712 antistitis
403 3656 516 3726 juvante
545 3655 645 3712 Christi
668 3656 755 3729 gratia
770 3665 905 3730 utcunque
955 3659 1097 3726 chardum,
1123 3673 1206 3731 qnam
1230 3667 1327 3715 contra
1341 3661 1400 3731 ejus
1412 3658 1587 3730 iustitiarium
1602 3659 1760 3731 proprium·

105 3745 248 3818 explicitis,
275 3745 309 3802 de
334 3744 457 3816 ejusdem
482 3744 657 3816 opitulatione
672 3744 767 3801 confisi
783 3745 906 3817 quintum
956 3764 1008 3821 que
1036 3764 1115 3803 suum
1139 3747 1224 3819 ipsius
1247 3749 1495 3821 metropolitanum,
1520 3747 1638 3804 viriliter
1660 3748 1760 3805 decer·

106 3835 200 3907 (quem
215 3843 241 3890 et
256 3833 382 3889 ultimum
403 3834 485 3903 hujus
508 3832 634 3905 opusculi
650 3833 708 3890 lore
723 3834 905 3905 disponimus)
955 3836 1037 3891 tando
1060 3836 1228 3909 feliciterque
1252 3838 1310 3893 Deo
1333 3845 1494 3910 protegente
1508 3836 1678 3909 superando,
1695 3835 1759 3908 plu-

59 3959 62 3965 ·
105 3922 227 3978 subnexo
240 3921 355 3978 inferius
371 3922 467 3977 ordine
481 3922 645 3977 tentabimus
660 3921 770 3977 adoriri.
784 3924 813 3976 ln
829 3923 904 3994 cujus
955 3925 1054 3981 rimum
1076 3925 1237 3993 desudasse,
1262 3934 1344 3998 atque
1368 3926 1402 3982 ad
1426 3933 1597 3999 postremum
1622 3925 1676 3996 ipsi
1700 3924 1759 3997 regi

105 4010 175 4066 serie
190 4010 263 4065 nulla
279 4009 387 4081 penitus
403 4017 527 4065 retexere
543 4010 725 4077 decrevimus,
742 4010 794 4065 nisi
809 4027 842 4066 ca
857 4027 904 4067 so-
955 4029 1059 4086 suoque
1082 4014 1262 4086 persecutori,
1289 4015 1434 4086 sepultura
1456 4013 1654 4071 humanitatem
1684 4014 1761 4068 exhi·

104 4098 253 4168 lummodo,
270 4098 369 4171 quibus
391 4098 599 4170 presentialiter
614 4098 793 4167 interfuimus,
812 4107 905 4155 autea
955 4102 1046 4158 hendo
1061 4102 1207 4176 insigniter
1220 4103 1412 4175 triumphasse.
1430 4104 1478 4159 llis
1490 4101 1671 4175 quoquealia‚
1690 4103 1758 4159 scitu

103 4203 221 4260 quoque,
248 4204 310 4260 quse
332 4204 395 4243 mox
418 4195 497 4258 gesta
520 4203 571 4259 per
593 4204 665 4253 eum,
686 4188 766 4243 nobis
781 4187 904 4243 intimata
954 4191 1038 4266 digna
1060 4191 1095 4248 de
1119 4192 1232 4248 exordio
1254 4193 1331 4265 regni
1352 4193 1464 4249 loannis
1494 4192 1579 4263 (168),
1604 4206 1679 4248 nunc
1703 4192 1758 4261 jam

104 4276 188 4333 fuisse
203 4276 346 4333 evidenter
360 4276 506 4333 recolimus
521 4276 606 4349 (167).
623 4276 673 4334 llic
685 4293 750 4333 vero
764 4276 904 4332 narratio·
955 4295 1027 4336 anno
1041 4280 1127 4352 ipsius
1143 4289 1239 4352 quarto
1255 4281 1362 4338 decimo
1378 4283 1463 4352 (169),
1475 4296 1569 4337 mense
1585 4280 1679 4347 tertio,
1695 4280 1758 4351 plu-

104 4365 148 4421 nis
163 4373 286 4421 sumetur
299 4364 581 4439 initiumesingulari
591 4365 745 4431 devotione,
762 4382 815 4437 qus
829 4382 903 4437 prse-
954 4369 1053 4425 rimum
1085 4368 1245 4437 fatiscentis,
1275 4371 1442 4443 sensimque,
1466 4378 1494 4425 ut
1518 4369 1565 4425 ille
1588 4369 1758 4440 predixerat

104 4454 178 4508 ditus
193 4453 241 4508 luit
254 4470 320 4526 erga
344 4453 463 4509 studium
484 4454 631 4525 sepulturae
651 4462 818 4510 mortuorum
836 4471 843 4508 :
860 4453 904 4510 cui
954 4458 1085 4525 futurum,
1117 4457 1267 4515 deficientis
1289 4459 1416 4516 videntur
1449 4457 1629 4529 subjicienda.
1653 4457 1758 4513 Conse·

81 4551 86 4561 ·
106 4542 217 4598 demum
241 4542 426 4598 conclusionis
440 4558 521 4598 causa
540 4542 668 4600 succedet
682 4549 848 4614 postremum
869 4542 903 4597 de
954 4554 1070 4619 quenter
1090 4562 1166 4613 vero,
1192 4547 1500 4619 ntiipseCerthusiam,
1517 4545 1612 4602 atalia
1631 4545 1695 4601 loca
1711 4562 1757 4602 re-

102 4630 310 4703 incomparabili
332 4631 476 4703 sepulturae
497 4631 577 4687 simul
601 4640 628 4686 et
648 4632 836 4703 exsequiarum
851 4631 903 4686 ho·
953 4635 1056 4707 ligione
1069 4635 1249 4692 celeberrima
1263 4636 1369 4704 adierit,
1387 4653 1516 4693 reversus
1532 4650 1643 4707 quoque
1659 4635 1688 4689 in
1704 4637 1760 4691 hn-

103 4735 171 4776 nore
187 4728 213 4776 et
231 4720 341 4788 decore,
366 4720 463 4793 quibus
478 4720 584 4776 coehtus
600 4719 694 4775 donari
708 4719 819 4787 meruit,
836 4735 903 4790 per·
954 4733 1035 4807 gnam
1052 4732 1125 4804 apud
1148 4733 1313 4801 pomponius,
1337 4734 1371 4789 ad
1387 4733 1488 4808 gaudia
1502 4747 1627 4804 supemae
1642 4732 1758 4788 sel-usa.

104 4817 164 4867 ³0¹⁰
188 4810 332 4882 Pfaessesslss
355 4809 417 4866 Vilae
439 4824 539 4882 ⁸30⁰&
564 4808 653 4865 Media
681 4809 752 4865 intes
774 4809 833 4864 haess
856 4808 903 4862 illst
954 4822 1007 4879 lem
1022 4822 1095 4879 felici
1109 4823 1206 4879 beatus
1231 4839 1345 4882 excessu
1366 4822 1498 4899 migrarit,
1521 4820 1693 4879 tentabimus
1710 4839 1759 4878 ex·

102 4899 258 4970 praesertim
282 4898 469 4966 continebunt,
496 4897 594 4971 quibus
609 4898 723 4955 docetur
737 4912 788 4970 pro
803 4897 902 4971 hugli—
916 4910 1067 4989 Dplicqre,

137 5077 206 5143 (167)
219 5078 246 5129 ln
258 5079 305 5128 hnc
322 5079 396 5142 igitur
406 5077 469 5130 libra
480 5090 506 5140 v,
520 5077 597 5128 refert
609 5080 694 5128 auctor
705 5076 834 5141 quadam,
853 5076 903 5140 qui·
952 5088 1016 5152 apud
1027 5087 1288 5140 tuestmonqsqerim

102 5144 347 5208 eminerammi,
361 5150 386 5196 et
399 5145 447 5196 dia
457 5157 510 5222 uuae
522 5144 553 5195 ab
566 5144 621 5222 arus
633 5143 734 5194 audivit.
986 5154 1056 5220 (roa)
1068 5159 1138 5206 inno
1150 5156 1262 5207 videncet
1273 5155 1365 5206 cnrrsu
1379 5153 1459 5220 tara,
1471 5152 1576 5205 runnu
1588 5151 1673 5206 annno
1686 5152 1760 5206 enus

137 5211 208 5278 (168)
221 5213 327 5262 ioannes
340 5224 383 5263 rex
395 5211 489 5274 hughe
496 5211 601 5262 Louduu
612 5213 741 5261 comuntur
751 5223 815 5262 anno
827 5209 901 5273 1199,
952 5222 1167 5275 mummium
1179 5226 1204 5274 ,t
1216 5223 1329 5274 afiorum,

102 5280 129 5330 tn
140 5279 198 5343 dic,
219 5280 262 5329 ant
274 5278 399 5329 hominica
419 5277 484 5330 infra
502 5281 603 5330 octavas
621 5277 777 5329 ascensionis
795 5276 901 5340 bomini,

781 5465 911 5537 Explicit
927 5464 1070 5538 proloqui.
