3742 5986
741 153 1045 215 CONSUETUDINES.

654 279 915 337 CAPITULUII
938 276 1119 332 XXXIII.

681 371 718 425 De
742 370 863 441 jejuniis
889 371 973 439 alque
997 367 1078 423 cibis.

97 461 125 513 t.
144 459 220 517 Nune
235 460 269 515 de
280 461 392 530 jejuniis
406 463 529 537 cibisque
544 464 688 523 dicendum
705 475 755 524 est.
773 465 907 534 Secunda,
924 472 1033 538 quarta,
1052 470 1182 534 sextaque
1209 458 1286 525 feria,
1301 473 1381 530 pane,
1408 465 1435 513 et
1453 470 1535 528 aqua,
1557 460 1583 509 et
1604 453 1671 520 sale,
1690 452 1713 508 si

62 552 106 609 cui
121 553 218 626 placet,
236 559 355 612 contenti
372 575 474 615 sumus.

96 655 124 707 a.
141 653 242 719 Tertia,
259 655 353 725 quinta
368 665 394 712 et
409 658 527 714 Sabbata
542 659 690 731 legumina,
711 659 755 714 vel
770 657 874 731 aliquid
887 656 1041 727 hujusmodi
1055 655 1107 728 ipsi
1122 653 1201 711 nobis
1216 651 1369 725 coquimus,
1394 666 1410 704 a
1433 646 1591 721 coquinario
1605 646 1708 713 vinum,

61 755 89 804 et
100 749 129 802 in
144 749 238 821 quinta
251 750 321 808 seria
334 769 453 824 caseum,
470 757 512 812 vel
524 757 627 829 aliquid
638 757 691 814 eibi
705 756 829 812 lautiorIs
843 756 1018 828 accipientes.
1682 735 1687 744 Ι

97 850 123 901 3.
141 846 182 901 Ab
198 847 290 904 idibus
305 851 472 922 Septembris
488 870 574 926 usque
589 854 625 909 ad
640 854 754 922 Pascha,
769 855 891 926 exeeptis
904 853 1129 919 solemnitatibus,
1146 847 1268 906 nonnisi
1292 845 1377 903 semel
1396 845 1425 900 in
1444 843 1488 900 die
1502 844 1710 900 manducamus.

97 945 123 998 t.
143 943 283 1002 dPascba
297 956 485 1023 notamusque
500 950 534 1006 ad
550 950 708 1023 praedictum
722 951 877 1021 terminum,
895 952 995 1020 tertia,
1022 950 1155 1023 etqninta
1179 947 1256 1014 scria,
1280 959 1332 1001 uec
1355 959 1410 999 non
1433 949 1461 998 et
1477 940 1595 998 Sabbato
1614 940 1711 997 iterato

62 1039 212 1097 reficimus.

97 1141 123 1193 5.
140 1139 182 1193 Ad
197 1154 311 1206 coensm,
329 1137 372 1195 vel
388 1138 423 1194 ad
438 1138 594 1210 prandium,
611 1154 673 1195 eum
696 1138 782 1196 semel
798 1139 915 1207 edimus,
939 1137 1038 1194 herhas
1052 1137 1162 1208 crudas,
1188 1137 1232 1193 vel
1247 1136 1360 1205 fruetus,
1385 1137 1407 1192 si
1422 1136 1526 1206 adsint,
1550 1135 1711 1208 accipimus.

62 1236 130 1306 Quae
144 1237 291 1294 retinentes
306 1237 426 1310 quandiu
441 1236 589 1305 sufiiciunt,
601 1237 653 1292 alia
669 1237 790 1308 ejusdem
806 1238 937 1294 duntaxat
964 1236 1073 1309 generis
1089 1252 1144 1291 nan
1159 1235 1321 1307 accipimus.
1350 1236 1390 1291 Ile
1413 1251 1494 1292 caseo
1519 1251 1637 1308 nomque
1662 1250 1711 1290 seu

61 1333 183 1406 piscibus
197 1342 242 1391 aut
256 1334 325 1403 ovis,
343 1334 386 1391 vel
401 1334 423 1389 si
439 1334 502 1406 quid
518 1334 660 1405 ejusmodi
673 1351 734 1406 quae
747 1333 874 1406 pitantias
887 1349 1028 1403 vocamus,
1053 1331 1139 1390 semel
1163 1332 1304 1400 sumimus,
1322 1331 1397 1403 quod
1411 1340 1537 1403 superest
1561 1331 1711 1390 reddimus.

98 1434 124 1487 6.
141 1432 240 1490 Vinum
254 1431 363 1487 nonnisi
378 1431 405 1485 in
425 1432 541 1503 prandio
556 1432 598 1488 vel
614 1447 693 1488 caena
706 1439 844 1505 potamus.

735 1543 1023 1601 COMMENTARIUS.

60 1644 114 1700 sibi
129 1659 146 1699 a
159 1642 250 1716 priore
265 1642 441 1699 commissum
455 1640 663 1712 perficiendum,
680 1649 706 1697 et
720 1642 743 1696 si
758 1647 897 1705 conve-A
911 1644 986 1700 circa
1000 1642 1144 1715 coquinam
1159 1640 1243 1706 illam,
1260 1655 1343 1712 quem
1358 1638 1410 1694 sibi
1425 1637 1492 1710 Ipsis
1508 1637 1643 1694 iaciebant
1657 1637 1715 1693 sin-

60 1735 182 1802 nientes,
213 1731 303 1788 soluta
323 1739 390 1786 tuuc
409 1730 509 1785 silentii
533 1730 613 1803 lege,
633 1731 702 1785 iuter
726 1747 756 1786 se
779 1730 863 1787 libere
912 1731 968 1805 guli
983 1730 1108 1787 monachi
1123 1730 1152 1785 in
1166 1728 1274 1799 cellula,
1291 1728 1327 1783 ad
1357 1743 1438 1799 quam
1453 1726 1607 1783 taciendam
1635 1727 1714 1782 ordi-

60 1822 137 1895 loqui
159 1828 281 1892 possent,
307 1820 355 1874 sed
380 1835 433 1875 non
449 1835 510 1875 eum
531 1820 793 1891 supervenientibus,
810 1820 862 1875 nisi
912 1829 976 1877 nate
990 1821 1157 1875 mtnIstratur
1184 1817 1238 1873 illis
1264 1831 1281 1871 o
1309 1816 1466 1889 coquinario
1492 1815 1614 1886 provisio
1644 1831 1714 1887 qua-

59 1911 152 1983 priore
166 1917 301 1979 praesente
315 1915 361 1963 aut
371 1907 553 1979 permittente.
913 1913 1039 1966 rumdam
1053 1898 1145 1964 rerum
1160 1905 1379 1974 comestibilium,
1395 1921 1462 1977 quas
1483 1904 1555 1974 apud
1571 1920 1601 1960 se
1616 1919 1713 1960 serra·

96 1998 172 2053 Idem
195 1998 230 2052 de
252 1997 337 2055 verbo
361 1997 395 2051 ad
419 1996 534 2052 uerbum
556 1994 673 2052 refertur
692 1996 721 2050 in
743 1995 862 2069 antiquis
913 1999 989 2066 hant,
1006 2004 1035 2052 ut
1050 1995 1161 2052 interius
1176 1995 1285 2065 dicitur,
1306 1995 1395 2049 donec
1416 1992 1575 2059 deficerent,
1594 1999 1622 2047 et
1648 2000 1714 2050 tunc

60 2087 167 2142 statutis
179 2102 199 2141 11
214 2094 296 2157 part,
312 2100 372 2157 cap.
390 2088 433 2151 l8,
449 2101 477 2139 n.
493 2089 520 2142 2.
537 2086 571 2140 Et
584 2101 656 2141 nunc
669 2085 751 2140 etiam
765 2085 863 2142 eodem
912 2103 998 2143 noves
1012 2093 1135 2157 peterent
1150 2092 1176 2140 ct
1191 2084 1355 2156 acciperent.
1372 2083 1408 2137 Et
1421 2083 1533 2138 adverte
1549 2082 1623 2153 quod
1637 2081 1714 2137 nulla

59 2191 175 2247 prorsus
189 2175 271 2229 modo
290 2173 476 2244 prescribitur
491 2180 517 2228 et
532 2181 667 2229 servatur.
913 2177 966 2231 hue
981 2190 1068 2247 usque
1084 2174 1118 2229 sit
1133 2172 1235 2228 mentio
1252 2172 1286 2226 de
1301 2171 1423 2242 pitantia,
1447 2179 1472 2225 et
1487 2187 1535 2242 per
1557 2171 1641 2226 verba
1656 2170 1712 2238 illa,

97 2265 162 2320 Car.
178 2264 307 2318 XXXIII.
324 2264 453 2318 -Num
472 2266 497 2316 t.
520 2263 657 2329 Secunda,
675 2266 777 2335 qearta
798 2278 863 2319 aea·
912 2264 1021 2336 reliquid
1038 2263 1209 2331 hujusmodi,
1226 2276 1280 2316 non
1296 2275 1442 2331 possumus
1458 2267 1532 2315 certo
1562 2258 1633 2316 scire
1648 2258 1714 2330 quid

60 2357 145 2426 leqee
158 2354 244 2424 seria,
269 2360 322 2407 etc.
346 2350 570 2408 Subaudtendum
599 2359 650 2417 est,
670 2351 723 2405 uisi
744 2352 772 2405 in
795 2351 862 2422 ipsis
913 2354 965 2409 hoe
981 2359 1065 2420 esset,
1082 2350 1250 2424 quodetiam
1265 2349 1318 2404 sibi
1344 2364 1464 2420 coquere
1482 2357 1605 2419 possent.
1698 2405 1703 2414 ,

59 2441 157 2497 diebus
172 2448 328 2497 occurreret
350 2439 449 2495 testum
473 2438 592 2510 capituli.
618 2438 648 2492 Id
669 2455 720 2510 per
742 2454 803 2511 cap.
828 2443 862 2497 52
948 2441 1020 2496 Ibid.
1040 2440 1060 2496 Α
1078 2440 1242 2513 coquinario
1257 2440 1364 2503 vicem,
1382 2445 1435 2493 etc.
1463 2439 1495 2493 Ia
1518 2437 1619 2509 quieta
1638 2437 1714 2507 seria

60 2530 202 2587 evidenter
217 2537 339 2601 apparet,
351 2529 397 2583 uhi
407 2528 507 2583 tratres
520 2528 579 2598 ipsa
589 2528 672 2582 etiam
690 2528 758 2583 teria
775 2537 861 2597 sexta,
912 2546 1025 2587 caseum
1041 2530 1083 2585 nel
1096 2527 1204 2600 aliquid
1218 2528 1273 2583 eidi
1287 2527 1486 2593 laetiorisetc.
1499 2527 1569 2580 Ecce
1578 2540 1714 2596 apparere

60 2635 122 2691 quae
144 2617 298 2691 vulgariter
323 2617 383 2672 dles
404 2617 514 2672 Veneris
539 2616 648 2684 dicitur,
672 2633 704 2672 ex
728 2633 862 2687 superve-
905 2618 1004 2688 'incipit
1019 2616 1091 2689 quod
1106 2615 1176 2671 teria
1190 2614 1387 2686 quintaportio
1407 2614 1491 2680 esset,
1511 2613 1583 2669 ultra
1605 2613 1715 2668 solitum

59 2707 153 2763 utente
176 2705 245 2761 festo
278 2706 313 2761 ab
332 2704 494 2760 abstinentia
525 2705 657 2762 servanda
691 2705 860 2773 eximuntur,
912 2707 1037 2762 ordinate
1051 2705 1261 2771 ministraretur,
1276 2704 1319 2760 vei
1334 2703 1435 2774 aliquid
1449 2703 1503 2759 cibi
1515 2702 1649 2770 lautioris,
1665 2701 1715 2757 sed

60 2795 185 2868 quamvis
194 2795 269 2850 illam
281 2794 365 2850 semel
376 2801 480 2849 tantum
489 2794 517 2850 in
527 2794 700 2851 hebdomada
710 2803 860 2851 servarent.
912 2796 1033 2852 nondum
1049 2795 1093 2851 hle
1107 2792 1137 2848 tit
1152 2793 1254 2849 mentio
1270 2808 1382 2849 ovorum
1397 2799 1424 2847 et
1438 2791 1564 2863 piscium,
1590 2790 1715 2863 quamvis

59 2886 109 2941 Hic
124 2891 214 2940 autern
231 2883 399 2955 exprimitur,
417 2899 477 2955 quae
500 2892 526 2938 et
549 2882 643 2955 quales
667 2891 759 2939 essent
778 2883 863 2939 ahsti-
912 2885 994 2942 etiam
1009 2884 1063 2940 diei
1086 2882 1174 2954 possit
1202 2880 1275 2955 quod
1304 2897 1354 2953 per
1379 2879 1483 2952 aliquid
1511 2879 1565 2936 cibi
1592 2878 1715 2936 lautioris

58 2973 160 3030 nentiae
170 2973 233 3040 illae,
251 2973 329 3044 quasi
342 2972 420 3026 initio
434 2972 540 3027 ordinis
555 2987 572 3027 a
585 2973 686 3028 nostris
701 2973 898 3064 observatasB
912 2975 1029 3045 idipsum
1039 2973 1214 3029 indicaretur.

57 3061 144 3118 luisse
158 3068 273 3127 constat,
286 3060 361 3117 circa
375 3076 469 3133 quasa
483 3060 645 3133 quibusdam
671 3077 743 3117 nunc
766 3061 800 3116 de
815 3077 860 3117 re·
947 3064 1028 3119 Num.
1043 3065 1069 3116 3.
1086 3061 1126 3117 Ab
1139 3060 1231 3116 idibus
1245 3058 1425 3131 Septembris,
1441 3064 1506 3123 eta,
1523 3059 1650 3129 exeeptis
1672 3073 1715 3114 so·

59 3150 197 3207 laxatione
207 3148 358 3221 arguimur,
371 3149 434 3220 quia
444 3163 498 3204 non
509 3148 605 3204 eodem
615 3149 697 3204 modo
707 3157 859 3206 servantur.
911 3150 1121 3217 lemaitatibes,
1138 3149 1257 3204 nonnisi
1272 3148 1368 3213 semel,
1385 3154 1438 3202 ete.
1457 3147 1509 3201 Per
1529 3145 1715 3201 solemnitates

60 3240 116 3296 Sed
130 3247 273 3310 antequam
286 3238 420 3293 rationem
440 3238 473 3293 de
487 3238 539 3294 hac
554 3254 584 3293 re
604 3238 662 3293 suis
675 3237 743 3293 loeis
759 3238 859 3293 redda-
910 3238 1027 3312 intelligi
1041 3238 1142 3294 dehent
1158 3238 1228 3293 testa
1242 3235 1363 3307 capituli,
1374 3236 1428 3291 hoe
1442 3235 1515 3290 enim
1531 3234 1617 3290 verbo
1632 3234 1717 3291 utitur

58 3344 131 3396 mus,
147 3336 174 3384 et
187 3327 335 3399 probemus
349 3343 404 3382 non
418 3325 479 3384 ideo
488 3326 638 3381 institutum
654 3326 861 3382 Carthusianum
910 3329 943 3384 R.
960 3329 989 3384 P.
1006 3326 1106 3398 Guigo,
1130 3325 1211 3382 etiam
1235 3324 1270 3380 de
1292 3323 1371 3379 lestis
1395 3323 1540 3380 duodecim
1568 3323 1717 3380 lectionum

59 3416 215 3472 ullomodo
239 3415 323 3471 luisse
347 3414 505 3483 relaxatum,
531 3430 594 3471 cum
613 3415 666 3470 ista
687 3415 860 3471 observantia
910 3417 1036 3489 loquens,
1054 3422 1135 3487 prout
1150 3430 1184 3470 ex
1198 3429 1259 3485 cap.
1278 3415 1304 3480 t,
1316 3429 1344 3467 n.
1360 3416 1404 3480 ts,
1420 3412 1562 3484 probatur.
1586 3412 1635 3469 IIic
1649 3427 1716 3469 vero

57 3517 114 3558 non
129 3500 260 3567 absolute,
277 3501 326 3556 sed
342 3516 451 3572 semper
474 3499 525 3555 sub
540 3499 694 3556 conditione
718 3500 797 3555 fuerit
820 3500 862 3556 in·
911 3504 1073 3576 designatur
1087 3511 1195 3575 tempus
1216 3517 1270 3575 quo
1289 3501 1421 3571 jejunium
1448 3500 1552 3556 ordinis
1580 3508 1714 3568 servatur,

57 3591 186 3647 troducta
200 3598 226 3646 et
241 3590 384 3646 observata
393 3589 422 3643 in
437 3589 531 3645 ordine
548 3604 554 3643 :
571 3590 653 3646 Notat
666 3588 861 3664 lectorpondi-
911 3594 984 3666 quod
1000 3609 1109 3665 semper
1122 3592 1172 3647 fuit
1187 3599 1215 3647 et
1228 3599 1269 3646 est
1283 3590 1380 3646 eodem
1393 3597 1516 3661 tempore
1529 3589 1714 3645 observatum.

57 3680 162 3736 tionem
184 3679 258 3735 illam
273 3694 334 3734 esse
350 3694 480 3750 expresse
502 3678 667 3734 declaratam
690 3678 718 3733 iu
737 3679 862 3751 sequenti
947 3683 1028 3738 Num.
1048 3683 1073 3736 t.
1092 3683 1112 3737 Α
1129 3680 1360 3746 resalutantem,
1381 3685 1447 3748 etc,
1463 3680 1550 3734 tertie
1570 3682 1600 3734 et
1613 3678 1716 3751 quinto

58 3768 176 3841 capitulo
198 3770 242 3838 35,
266 3767 313 3823 ubi
333 3767 453 3823 dicitur:
473 3768 526 3824 Sed
548 3771 577 3823 et
595 3769 620 3823 si
639 3769 686 3824 eui
700 3769 860 3840 pitantiam
910 3771 995 3843 seria,
1012 3787 1125 3827 aeonae
1140 3769 1258 3827 sabbato
1275 3770 1379 3824 iterato
1394 3766 1551 3837 reficimus.
1566 3766 1596 3822 ld
1611 3773 1718 3823 estnon

57 3858 195 3930 aliquam,
207 3856 331 3924 reuelli,
343 3872 392 3913 eeu
403 3856 505 3923 somni,
522 3857 565 3913 vel
577 3858 699 3912 alterius
713 3857 862 3928 cujuslibet
910 3869 1016 3916 tautum
1030 3859 1175 3931 prandium
1191 3858 1240 3914 sed
1257 3866 1283 3914 ct
1304 3873 1411 3913 coenam
1435 3856 1577 3922 sumimus,
1607 3856 1718 3912 undeet

56 3947 212 4017 misceam,
228 3945 256 4000 id
267 3953 309 4000 est
319 3953 460 4017 praestare,
473 3945 688 4018 priorooluerit,
702 3961 861 4018 repraestare
910 3950 938 4004 hi
952 3951 1012 4005 dies
1026 3957 1158 4005 vocantur
1171 3947 1244 4019 apud
1260 3962 1320 4016 nos,
1337 3946 1396 4002 dies
1410 3945 1483 4002 biaae
1496 3945 1662 4002 reiectionis.

57 4036 104 4106 tas
114 4033 391 4103 aoebabemeaetc.
408 4034 448 4089 Ex
463 4033 562 4105 quihus
576 4033 667 4089 verbis
682 4032 743 4090 luce
758 4034 861 4089 otarius
945 4038 1027 4095 Num.
1048 4041 1074 4094 5.
1090 4039 1131 4094 dd
1159 4052 1269 4093 emnam
1284 4037 1328 4092 vel
1346 4033 1511 4109 prandiam,
1540 4052 1606 4092 caen
1632 4035 1718 4091 semel

61 4130 136 4194 patet
155 4122 222 4178 istas
232 4123 409 4178 abstinentias
423 4123 459 4177 ab
473 4122 598 4177 omnibus
608 4129 634 4177 et
649 4138 664 4176 a
677 4120 861 4196 singularibus
911 4127 1031 4195 edimus,
1050 4125 1276 4191 damascenam,
1294 4126 1337 4181 vel
1352 4123 1720 4196 smeteasiadsinteeeipl-

59 4211 200 4283 personis,
212 4219 316 4267 tautum
330 4227 403 4268 nunc
420 4211 504 4266 luisse
522 4211 672 4267 servandas
687 4219 714 4266 et
727 4218 860 4279 servatas,
910 4232 984 4272 mae.
997 4216 1063 4283 Qaoe
1073 4217 1244 4283 retenentes,
1254 4220 1307 4269 ete.
1319 4214 1360 4268 Ex
1372 4214 1424 4269 boa
1439 4212 1500 4268 loco
1510 4226 1565 4267 nou
1581 4218 1624 4267 est
1636 4210 1717 4267 intel·

60 4301 170 4373 quando
185 4309 212 4356 et
226 4300 346 4373 quandiu
360 4316 443 4372 posse
459 4308 486 4355 et
513 4299 660 4356 convenire
684 4299 760 4371 prior
784 4300 860 4370 judi·
914 4303 1055 4376 ligandum
1074 4303 1147 4374 quod
1161 4302 1258 4360 diebus
1268 4301 1363 4370 ieiunii
1389 4300 1494 4356 ordInis
1510 4298 1545 4356 ad
1572 4299 1718 4372 prandium

59 4397 153 4456 caret,
173 4389 277 4462 absque
301 4388 425 4445 sanitatis
449 4389 557 4444 illarum
581 4387 753 4444 detrimento.
783 4388 859 4456 Dico,
874 4364 897 4424 ⁰
913 4407 975 4449 aum
991 4391 1078 4447 semel
1092 4392 1216 4460 ederent,
1231 4388 1324 4446 herbis
1340 4397 1443 4445 tautum
1465 4388 1558 4446 crudis
1586 4389 1631 4445 rel
1657 4388 1719 4446 fru-

59 4479 208 4548 sem'lotia,
226 4477 290 4551 quia
303 4477 440 4550 superflua
462 4493 577 4551 prorsus
596 4484 622 4532 et
644 4475 747 4532 inutilis
767 4475 862 4538 luisset
912 4482 1012 4548 atibus,
1030 4480 1052 4534 si
1068 4480 1197 4536 adessent
1212 4487 1373 4546 uterentur;
1391 4477 1559 4535 eontrarium
1575 4478 1647 4534 enim
1661 4478 1719 4535 eri·

57 4565 109 4622 ista
135 4566 265 4634 conditio,
297 4567 322 4622 si
349 4565 471 4623 sanitatis
496 4565 646 4637 corporalis
669 4566 742 4621 nulla
766 4564 862 4622 luisset
912 4570 1009 4626 deuter
1022 4575 1135 4642 apparet
1148 4585 1176 4625 u.
1198 4572 1226 4635 2,
1243 4567 1291 4623 uhi
1315 4567 1415 4625 dicitur
1430 4568 1503 4641 quod
1516 4566 1626 4624 sibimet
1639 4567 1718 4641 legu-

59 4655 188 4712 habenda
201 4656 282 4722 ratio,
299 4663 327 4711 et
351 4656 379 4710 in
407 4657 459 4712 hoa
487 4654 575 4711 elucet
599 4671 697 4727 magna
722 4655 859 4723 discretio,
911 4659 986 4714 mina
1015 4665 1168 4731 coquerent
1183 4657 1252 4713 :sed
1281 4664 1384 4713 tantum
1412 4656 1440 4713 id
1478 4656 1617 4731 signifieat
1643 4657 1717 4729 quod

58 4760 142 4817 quam
170 4744 255 4800 veluti
282 4743 397 4799 instituti
422 4744 463 4799 sui
493 4743 580 4799 basim
604 4752 754 4816 posuerunt
781 4744 861 4815 primi
910 4747 1003 4803 herbis
1019 4747 1120 4815 crudis,
1136 4747 1221 4802 idest
1241 4746 1363 4802 oleribus
1389 4762 1504 4820 quorum
1519 4746 1641 4818 provisio
1663 4744 1717 4800 illis

60 4833 240 4900 Carthusiani,
257 4849 356 4889 cavere
376 4833 510 4900 volentes,
530 4849 565 4888 ne
589 4848 622 4887 ex
644 4832 727 4888 nimia
741 4833 859 4890 austeri·
911 4836 1037 4905 dabatur,
1050 4836 1095 4892 vel
1109 4834 1244 4891 fructibus
1259 4836 1367 4908 quando
1380 4835 1527 4902 habehant,
1544 4843 1606 4891 tuno
1629 4833 1717 4890 libere

57 4921 156 4976 tutibus
171 4922 359 4992 corporalibus
373 4920 655 4992 adhaerentiaplures
670 4937 686 4977 e
700 4921 757 4976 suis
771 4921 800 4977 in
815 4922 861 4979 vie
910 4925 949 4981 uti
963 4925 1016 4980 iilis
1032 4924 1136 4981 licitum
1152 4932 1236 4992 esset,
1262 4941 1323 4998 quae
1351 4924 1414 4981 ideo
1443 4924 1515 4996 apud
1545 4939 1575 4981 se
1604 4938 1716 4981 serrare

58 5010 187 5066 solitarie
206 5011 268 5066 vitm
291 5010 448 5078 delicerent,
465 5011 535 5067 sicut
555 5011 613 5081 jam
633 5011 758 5067 evenIsse
787 5011 860 5068 saie·
911 5021 1036 5086 poterant
1067 5014 1188 5086 quandiu
1217 5013 1371 5080 durahaut;
1387 5014 1415 5069 id
1436 5020 1526 5068 autem
1555 5012 1716 5085 exprimitur

58 5098 126 5154 hant
141 5098 259 5171 antiquIs
279 5099 442 5171 quibusdam
466 5099 640 5156 anachoretis
660 5107 687 5155 et
702 5099 773 5155 aliis.
795 5100 862 5170 Quae
912 5103 946 5157 ad
956 5102 1159 5159 distinctionem
1174 5118 1265 5160 rerum
1284 5102 1495 5159 comestibilium
1520 5118 1588 5174 quas
1603 5102 1629 5157 in
1645 5100 1717 5159 cella

57 5187 189 5243 discretio
203 5188 303 5243 mirum
317 5188 345 5243 iu
369 5189 481 5245 modum
509 5187 610 5260 proluit
637 5188 672 5245 ad
696 5189 861 5246 servandum
912 5207 1021 5247 servare
1050 5199 1187 5262 poterant,
1219 5199 1245 5248 et
1274 5190 1477 5248 esculentorum
1518 5207 1579 5263 quae
1608 5199 1716 5262 sumpta

58 5276 185 5334 ordinem
196 5277 224 5331 in
236 5292 286 5332 suo
305 5277 410 5349 rigore.
910 5280 1060 5337 relectione
1074 5281 1192 5337 reddere
1204 5280 1351 5350 dehebant,
1367 5280 1402 5336 de
1416 5279 1515 5353 quibus
1531 5279 1665 5334 subditur.

93 5365 180 5421 Num.
194 5368 221 5422 2.
242 5365 344 5435 Tertia,
357 5367 468 5439 quieta,
481 5371 509 5422 et
521 5369 637 5425 Sabbata
651 5370 806 5440 legamina,
818 5367 863 5425 vel
948 5369 1018 5426 Ibid.
1034 5372 1073 5426 Ile
1088 5386 1169 5427 caseo
1179 5386 1311 5443 eamque,
1327 5385 1377 5426 aea
1389 5371 1512 5443 piscibus
1527 5372 1579 5423 eat
1588 5367 1717 5434 oviaeat

56 5454 167 5528 aliquid
181 5455 343 5528 bejasmodi
357 5456 413 5528 ipsi
428 5456 507 5513 nobie
523 5459 677 5531 coquimus,
694 5464 747 5514 etc.
759 5455 809 5513 Ilio
819 5471 864 5513 re·
913 5458 1018 5532 siquid
1033 5458 1260 5532 hujusmodique
1265 5459 1407 5532 pitantias
1414 5471 1553 5516 uocemue.
1562 5455 1614 5513 Ilio
1621 5461 1717 5526 aperto

55 5543 181 5601 tricartda
195 5549 238 5600 est
251 5542 385 5601 mamerto
399 5559 493 5602 eorum
507 5545 632 5619 quaejam
639 5561 699 5618 asp.
713 5547 732 5602 'I
745 5544 864 5603 diximus
909 5545 1075 5619 exprimitur
1088 5544 1162 5622 quod
1176 5560 1233 5604 uon
1247 5554 1352 5605 tantum
1370 5560 1463 5616 caseo,
1479 5543 1528 5601 sed
1541 5551 1569 5600 at
1594 5544 1717 5617 piscibus
