3742 5986
60 175 115 230 sss
366 168 557 229 nxrosmo
585 169 623 227 nt
648 166 840 227 nrrsroms
866 162 1088 224 rauna-nt
1114 162 1225 223 nrrsr.
1254 165 1302 221 ln
1322 133 1411 243 osta
1657 163 1710 222 rso

62 301 104 350 ret
119 292 190 349 nihil
211 309 272 350 esse
291 294 537 365 circumcisionem,
563 311 626 351 eum
641 294 859 359 circumcideret,
871 295 899 354 A
912 291 1084 357 concordiae,
1102 306 1155 363 quo
1166 306 1195 346 se
1209 289 1326 346 invicem
1342 287 1565 346 confoederabant
1591 286 1706 359 antiqui.

63 381 190 438 dicerent
226 382 361 439 Ecclesiae
390 384 532 455 gentium:
549 384 621 440 Ecce
657 383 764 439 salsitas
788 382 863 437 Pauli
913 380 1079 436 Societatem
1093 378 1235 435 nobiscum
1250 379 1320 450 pacti
1336 378 1458 445 sunt,ita
1473 382 1506 433 ut
1520 374 1711 435 aaszlo

63 486 159 542 quern,
176 470 257 527 vellet
271 471 366 537 nodet,
391 471 490 538 Titum,
507 473 535 528 in
550 472 717 529 Hierusalem
743 471 862 528 circum·
912 468 1125 539 praedicaremus
1140 470 1171 524 in
1186 472 1295 540 pentes,
1318 469 1376 540 ipsi
1390 472 1487 523 autem
1501 467 1534 521 in
1558 464 1711 522 eircumci-

61 558 160 615 cidere
187 559 319 630 oportuit.
351 558 477 616 Ostendit
501 577 551 632 per
578 560 651 616 illam
688 559 863 617 collationem
912 558 1029 614 sionem.
1042 558 1099 612 lloc
1114 564 1218 611 tanturn
1232 555 1371 629 singulare
1385 555 1464 611 nobis
1484 555 1664 625 imponentes,
1675 556 1711 610 ut

62 647 211 721 Evangelii
233 647 308 720 quod
328 657 392 720 post
410 649 619 707 conversionem
634 664 688 705 non
712 648 746 704 sit
768 649 863 704 inven-
912 660 1037 701 essemus
1047 661 1184 701 memores
1198 660 1367 717 pauperum,
1384 643 1430 716 qui
1445 651 1523 698 erant
1547 641 1708 714 Hierosoly·

60 741 106 789 tus
120 735 236 792 interior
246 737 328 792 Petro
343 744 369 793 et
384 737 455 792 aliis.
471 737 600 810 Adiungit
614 738 695 793 etiam
711 737 784 809 quod
800 745 863 792 onte
912 732 975 799 mis,
992 733 1065 804 quod
1079 732 1118 787 illi
1131 732 1184 787 nisi
1198 749 1248 804 per
1261 748 1311 788 nos
1328 748 1383 788 non
1398 738 1537 804 poterant.
1559 731 1644 801 Quod,
1662 729 1711 786 sci·

58 824 272 880 conversionem
287 824 369 898 longe
384 825 495 898 dignior
523 826 576 881 illis
607 825 691 881 suerit
714 826 765 881 sub
779 825 861 896 lege;
911 819 983 886 licet,
1000 819 1162 878 benefacere
1181 820 1347 892 pauperibus
1362 836 1415 875 non
1439 820 1528 876 solurn
1553 818 1636 886 volui,
1660 817 1710 874 sed

60 912 162 968 callide
177 921 269 970 umen
284 914 363 985 quasi
373 930 424 985 pro
440 914 524 970 nihilo
540 915 592 970 sibi
607 915 641 969 sit
651 914 771 988 dignitas
781 930 863 987 quam
912 910 1001 965 ctiam
1015 910 1158 966 sollicitus
1174 911 1221 981 fui
1230 912 1335 980 facere,
1352 908 1389 964 its
1404 908 1477 980 quod
1491 909 1541 966 boc
1555 909 1658 979 ipsum,
1681 905 1709 961 id

59 1008 124 1057 ante
140 1000 224 1058 tidem
235 1001 339 1057 hahuit.
353 1002 454 1058 Littera
463 1003 502 1059 sic
513 1003 638 1076 jungitur
654 1021 661 1058 :
678 1003 785 1059 Contuli
800 1018 862 1058 oum
913 1004 954 1053 est
969 1012 1024 1052 non
1037 997 1127 1052 minus
1143 996 1195 1052 leci
1209 1013 1290 1068 quarn
1308 995 1348 1051 illi
1362 995 1469 1068 peccati
1493 1004 1565 1052 sunt.

59 1088 127 1157 illis,
143 1097 172 1146 et
187 1090 301 1162 apparui
316 1091 467 1147 secuudum
480 1099 542 1162 post
549 1099 690 1164 acceptam
701 1090 782 1147 fidem
793 1091 863 1147 irre·
949 1085 1097 1157 Postquam
1111 1084 1230 1140 ostendit
1244 1084 1306 1140 illos
1320 1085 1387 1140 nihil
1402 1084 1549 1141 contulisse
1560 1083 1621 1152 sibi,
1637 1092 1664 1141 et
1678 1099 1710 1142 se

59 1177 268 1250 prehensibilis,
279 1178 394 1235 sicutilh
406 1198 413 1245 ;
423 1179 860 1253 sedquaiessuerintollquonato,
912 1172 1001 1244 potius
1016 1172 1206 1229 necessarium
1220 1172 1284 1239 illis,
1301 1170 1449 1229 secundum
1464 1173 1624 1229 memoriam
1639 1187 1708 1244 pau-

60 1266 89 1321 id
105 1274 227 1322 menta
241 1264 325 1322 fidem
339 1268 436 1323 Petrus
461 1275 488 1323 et
501 1266 557 1336 alii,
574 1268 621 1340 qui
647 1268 814 1325 videbantur·
827 1267 862 1322 ab
912 1277 1018 1333 pamm,
1034 1260 1110 1317 addit
1131 1261 1268 1334 quoddam
1296 1261 1393 1331 majus
1423 1259 1527 1319 scilicet
1542 1261 1624 1333 quod,
1645 1277 1707 1319 cum

59 1354 102 1410 his
116 1355 270 1411 secundum
286 1371 395 1412 earnem
419 1355 590 1427 sapientibus
604 1372 667 1412 esse
682 1356 793 1428 aliquid,
810 1356 862 1412 boo
911 1348 971 1420 ipse
986 1357 1059 1405 esset
1085 1348 1350 1420 irreprehensibilis,
1368 1349 1609 1420 reprehensibilem
1625 1348 1708 1406 etiam

59 1457 216 1500 memorare
230 1442 326 1517 quales
340 1444 380 1499 illi
389 1443 489 1500 tuerint
504 1445 593 1516 qualis
604 1460 657 1518 ego
671 1445 722 1500 suh
736 1444 798 1518 lege
816 1447 863 1501 nt·
912 1437 1029 1492 ostendit
1050 1439 1160 1493 Petrum
1183 1437 1279 1493 dicens
1297 1453 1303 1492 :
1319 1438 1470 1494 conterens
1493 1453 1554 1494 cum
1576 1438 1656 1494 Petro
1680 1445 1709 1494 et

57 1533 98 1588 gu
113 1547 181 1588 ,m
196 1533 329 1600 superest,
346 1532 374 1587 id
389 1532 509 1588 estnihil
522 1532 628 1589 conferi
641 1534 669 1588 jn
682 1548 743 1589 mea
753 1548 797 1588 re,
812 1535 862 1590 vg.
911 1525 971 1581 aliis
985 1525 1052 1581 nihil
1066 1526 1133 1580 mibi
1144 1525 1267 1592 contulit,
1285 1525 1334 1582 sed
1349 1541 1402 1599 ego
1415 1525 1517 1582 contuli
1531 1525 1621 1583 Petro.
1637 1525 1709 1596 Quia

58 1637 120 1675 mm
132 1619 246 1692 quidem
260 1628 302 1675 est
317 1621 390 1692 quod
404 1637 458 1693 ego
473 1629 537 1677 tuno
552 1621 663 1695 dignior
690 1621 745 1677 illis
773 1637 897 1708 erom‚B
912 1630 977 1670 cum
998 1615 1121 1672 venisset
1145 1612 1250 1687 Copias
1275 1614 1455 1672 Antiochiam
1480 1630 1532 1688 ego
1554 1616 1649 1671 restiti
1663 1615 1708 1683 ei,·

59 1707 108 1764 sed
123 1717 218 1763 umen
232 1724 289 1764 non
303 1723 369 1764 curo
380 1709 534 1778 hujusmodi
544 1709 673 1782 gloriam.
690 1708 861 1766 Videbantur
910 1718 961 1758 11²0
975 1701 1003 1757 in
1017 1702 1136 1769 occulto,
1152 1701 1199 1757 Std
1216 1704 1247 1758 in
1262 1703 1376 1774 fatiem,
1394 1704 1423 1758 id
1446 1711 1488 1759 tsi
1506 1703 1533 1758 in
1558 1709 1707 1775 conspectu

58 1795 136 1863 dicit,
149 1803 283 1869 quantum
296 1796 331 1851 ad
342 1797 404 1852 illos
421 1797 468 1868 qui
479 1796 589 1853 Petrum
614 1805 641 1854 et
659 1797 728 1853 alios
738 1797 774 1853 ita
785 1798 860 1867 judi·
910 1790 1050 1847 Ecclesiae.
1062 1791 1127 1846 ideo
1138 1789 1235 1858 restiti,
1247 1792 1380 1863 quinaret
1391 1792 1620 1863 reprehensibilis
1625 1813 1635 1862 ;
1647 1800 1673 1848 et
1683 1792 1707 1848 si

58 1885 160 1940 cabant
188 1900 319 1958 magnos.
348 1885 460 1941 Paulum
483 1884 645 1942 nihil.1de0
671 1887 767 1958 quales
796 1894 861 1943 tune
909 1895 965 1934 nou
973 1895 1025 1950 per
1034 1878 1211 1946 intellectum,
1224 1886 1314 1934 tamen
1325 1895 1374 1951 per
1384 1878 1546 1952 exemplum,
1559 1879 1623 1937 ideo
1633 1881 1706 1937 Pau-

57 1970 271 2039 inerint,dicore
280 1981 423 2044 praetereo.
435 1973 577 2030 Soioenim
588 1974 661 2046 quod
669 1975 742 2030 Deus
753 1991 862 2031 nonac-
909 1966 953 2022 lus
967 1966 1064 2031 restitit
1078 1966 1198 2022 Petraia
1213 1964 1319 2035 taciem,
1331 1967 1500 2039 quiaPetrus
1510 1982 1565 2023 non
1574 1968 1706 2040 peccabat

59 2056 290 2128 cipitperscnom
299 2057 433 2122 bominis,
446 2057 473 2112 id
482 2059 606 2114 estDeus
616 2073 670 2113 non
679 2059 861 2130 habetaccep·
909 2055 937 2110 in
952 2071 992 2122 se,
1009 2055 1043 2111 de
1058 2070 1113 2127 quo
1123 2054 1233 2127 quidem
1246 2063 1354 2112 secreto
1368 2063 1442 2111 esset
1456 2055 1644 2128 corrigendus,
1656 2056 1705 2113 sod

59 2154 118 2200 tum
132 2144 275 2200 hominem
290 2152 403 2217 propter
416 2161 563 2217 personam
578 2146 690 2220 generis
705 2146 859 2203 divitiarum
908 2143 1039 2215 peccabat
1053 2143 1081 2198 in
1096 2150 1176 2199 cauta
1187 2143 1366 2211 simulatione,
1382 2145 1583 2216 corrumpendo
1604 2144 1706 2202 Eccle-

57 2233 101 2288 rel
111 2232 246 2290 scientie.
254 2233 353 2290 Dicere
363 2234 457 2306 quales
464 2236 540 2306 prius
551 2234 737 2303 tuerint;ideo
744 2235 859 2291 nihilin-
909 2232 988 2299 siam,
1001 2239 1028 2287 et
1042 2231 1088 2304 qui
1098 2231 1127 2287 in
1137 2232 1248 2303 publico
1262 2232 1404 2304 peccabat,
1424 2233 1533 2304 publice
1548 2233 1706 2306 arguendus

60 2322 165 2372 teresse
182 2315 245 2373 dico
263 2316 291 2370 in
313 2331 377 2372 mes
392 2333 431 2384 re,
444 2317 569 2388 quiahoc
583 2318 670 2373 solum
685 2317 860 2375 mibisufficit
909 2327 984 2387 erat;
1002 2319 1048 2392 qui
1064 2321 1136 2375 enim
1159 2320 1284 2377 viderant
1312 2319 1501 2388 offensionem,
1517 2337 1631 2378 necesse
1646 2327 1706 2378 erat

59 2404 94 2460 sd
118 2404 388 2462 commendationem
416 2405 490 2476 quod
512 2406 609 2462 Petrus
624 2414 650 2461 et
664 2406 709 2462 alii
723 2409 771 2480 qui
786 2407 859 2464 diee-
909 2416 937 2463 ut
965 2408 1046 2464 iidem
1075 2409 1199 2465 riderent
1222 2407 1334 2465 offensae
1357 2409 1588 2466 emendationem.
1608 2410 1706 2466 Petrus

59 2493 168 2550 bantur
179 2509 238 2550 csso
248 2493 367 2566 aliquid,
377 2492 453 2550 nibil
462 2495 535 2551 mibi
545 2495 859 2563 contulerunt,idestin
909 2496 1311 2569 utiquceratreprehensibilis,
1324 2497 1707 2572 quinariusquamvcnirent

60 2581 135 2639 nullo
161 2596 208 2638 me
238 2590 425 2638 correxerunt.
452 2583 483 2637 ln
504 2582 580 2639 nullo
602 2583 669 2638 mibi
699 2582 860 2655 protuemut
909 2584 1022 2658 quidm
1037 2584 1163 2642 conversi
1179 2583 1211 2641 de
1219 2585 1323 2642 induis
1331 2586 1477 2653 abiacobo,
1488 2586 1534 2659 qui
1546 2586 1705 2644 cathedram

58 2669 123 2725 dum
136 2669 243 2726 contuli
258 2685 320 2726 curn
334 2670 576 2743 eisEvangelium.
592 2671 644 2727 Vel
662 2688 724 2744 per,
749 2677 856 2740 nutem,
908 2673 1028 2728 habebat
1049 2673 1258 2746 Hierosolymis,
1282 2673 1444 2747 priusquam
1465 2674 1492 2729 bi
1505 2674 1639 2744 venirent,
1651 2675 1706 2733 Pe·

58 2758 203 2831 copuletur
225 2758 327 2825 dicere,
358 2758 453 2831 quales
472 2758 573 2815 suerint
601 2767 663 2815 ante
687 2759 768 2816 fidem
791 2761 858 2817 nihil
908 2767 965 2816 trus
981 2760 1080 2818 edebat
1092 2778 1158 2818 cum
1167 2762 1306 2834 pontibus,
1321 2761 1380 2818 sine
1396 2762 1560 2820 discretione
1570 2763 1703 2821 ciborum.

57 2847 123 2902 mihi
136 2845 267 2913 coniert;
287 2847 337 2902 sed
350 2848 403 2904 hoc
412 2847 502 2903 dicere
518 2848 592 2920 quod
610 2847 649 2903 illi
664 2849 710 2920 qui
723 2849 857 2906 videban·
908 2848 987 2904 Prius
1002 2850 1041 2905 sic
1052 2849 1186 2917 faciebam
1201 2851 1328 2907 sedeam
1341 2850 1380 2906 illi
1396 2851 1549 2920 uenissent,
1561 2853 1707 2910 subtrabe-

57 2935 295 3007 turessesliquid,
311 2935 378 2990 nihil
391 2935 457 2991 mihi
476 2936 667 3003 contulerunt;
685 2937 752 2993 satis
767 2946 809 2993 est
823 2939 858 2995 ad
908 2937 955 2994 bot
965 2953 1126 2994 seamensa
1136 2938 1288 3012 gentilium,
1304 2954 1356 2995 nec
1373 2939 1489 2996 latenter
1511 2939 1704 3009 subtrahebam

58 3022 337 3080 commendationem.
361 3023 436 3078 Nihil
458 3023 569 3095 quidem
592 3025 764 3082 contulerunt
778 3026 855 3094 mihi,
870 3000 893 3061 ⁰
908 3026 957 3081 sed
968 3030 1128 3099 segregabat
1141 3044 1180 3094 sc,
1190 3026 1218 3082 id
1233 3035 1275 3083 est
1288 3042 1412 3084 seorsum
1422 3027 1538 3084 iaciebat
1547 3029 1705 3086 Judaeorum

57 3113 104 3169 sod
118 3112 208 3169 etiem
222 3110 381 3168 affectantes
406 3112 567 3169 societatem
592 3121 723 3180 nostram,
751 3115 818 3169 mihi
833 3124 860 3170 et
907 3130 1031 3170 mensam
1045 3131 1062 3170 a
1076 3131 1162 3188 grege
1172 3115 1314 3189 gentilium
1328 3115 1374 3173 vel
1398 3116 1426 3171 iu
1440 3116 1496 3173 elia
1516 3117 1606 3187 domo,
1623 3117 1666 3174 vel
1676 3117 1704 3173 in

56 3201 192 3257 &ruebas
206 3200 342 3273 discipulo
350 3216 412 3257 meo
429 3201 564 3257 dederunt
578 3202 688 3258 dextras
708 3202 856 3259 societatis.
906 3201 959 3257 alia
973 3218 1079 3272 mensa,
1097 3204 1201 3260 timens
1216 3202 1357 3260 offendere
1372 3220 1417 3262 eos
1432 3206 1480 3280 qui
1495 3209 1579 3262 erant
1594 3222 1631 3262 cx
1645 3207 1705 3263 cir·

56 3287 136 3359 Quod
151 3287 196 3346 sic
209 3289 249 3344 ait
259 3307 266 3344 :
277 3288 353 3346 Nihil
367 3289 549 3358 contulerunt,
566 3291 614 3346 scd
625 3291 778 3347 econtrario
792 3309 858 3348 cum
907 3293 1090 3359 cumcisione,
1102 3291 1130 3347 id
1144 3300 1186 3347 est
1196 3293 1315 3360 Judaeos,
1328 3292 1351 3348 si
1360 3293 1536 3365 participaret
1545 3293 1703 3366 gentilibus,

56 3378 95 3435 illi
106 3377 253 3436 vidissent
266 3378 338 3451 quod
352 3378 495 3434 creditum
510 3381 553 3434 est
580 3378 680 3435 millia
693 3380 752 3435 Deo
764 3380 857 3436 Euan·
907 3388 934 3434 et
948 3378 1011 3435 huic
1025 3381 1206 3437 simulationi
1216 3382 1277 3453 ejus
1292 3381 1358 3452 (non
1374 3381 1447 3436 enirn
1462 3382 1590 3438 credebat
1599 3383 1706 3441 discre-

55 3469 163 3540 osiium
176 3467 325 3540 proeputii,
341 3465 370 3521 id
384 3476 426 3522 cst
439 3466 598 3539 gentilitatis
611 3466 709 3523 eadem
724 3468 857 3540 dignitate
907 3467 1009 3523 tionem
1024 3467 1108 3523 ullam
1124 3467 1209 3523 Judaei
1224 3476 1251 3524 et
1265 3468 1386 3542 gentilis,
1403 3469 1451 3525 sed
1467 3477 1570 3525 tanturn
1584 3487 1633 3542 pro
1648 3471 1705 3528 cvi·

56 3557 131 3613 sicut
143 3558 234 3613 Petro
247 3554 382 3611 creditum
401 3563 443 3610 est
466 3555 648 3629 Evangelium
663 3557 857 3614 circumcisio-
906 3562 983 3611 tanto
997 3555 1129 3612 scandalo
1144 3555 1300 3627 simulabat)
1315 3557 1490 3628 simulationi,
1505 3557 1627 3630 inquam,
1644 3559 1704 3628 eius

56 3648 111 3712 sis,
122 3643 154 3699 id
170 3652 213 3700 est
223 3642 376 3699 inludaeos.
387 3643 550 3701 Econtrario
559 3643 625 3700 dicit
635 3644 787 3701 secundum
797 3645 858 3717 opi·
906 3649 1115 3702 consenserunt
1129 3645 1337 3712 ceteriiudni,
1348 3647 1391 3702 ita
1406 3650 1440 3701 ut
1450 3647 1537 3702 etiam
1547 3647 1701 3717 Barnabas,

56 3733 170 3791 monem
184 3746 280 3789 corum
294 3731 340 3804 qui
367 3731 480 3787 Paulum
495 3731 677 3805 indigniorem
698 3733 858 3803 judicabant
907 3733 1058 3805 discipulus
1068 3733 1315 3803 meus,ducorotur
1324 3733 1358 3789 ab
1368 3735 1409 3791 cis
1422 3733 1523 3790 ludaeis
1537 3735 1703 3793 ineamdcm

56 3821 151 3880 Petro.
907 3822 1131 3892 simulationem,
1142 3829 1169 3877 et
1179 3822 1264 3878 nollet
1270 3822 1473 3879 communicare
1483 3822 1640 3895 gentilibus.
1652 3823 1704 3880 Pe·

88 3911 168 3967 liene
197 3907 261 3965 dioo
287 3923 350 3965 cunr
373 3907 515 3976 vidissent,
539 3908 664 3965 viderunt
692 3908 774 3977 enim,
791 3910 857 3983 quio
907 3917 966 3966 trus
977 3910 1137 3983 simpliciter
1160 3925 1216 3966 non
1227 3910 1405 3967 considerans
1423 3927 1474 3983 per
1496 3912 1548 3968 boo
1565 3911 1704 3984 corrumpi

54 3998 125 4056 idern
140 3999 221 4054 Deus
236 3998 286 4071 qui
303 4002 435 4070 operatus
448 4001 491 4055 ost
501 3999 595 4068 Petro,
610 3997 637 4053 id
646 4006 686 4054 cst
695 3999 730 4053 ad
741 3999 857 4072 gloriam
907 3998 989 4055 iidem
1000 3999 1143 4066 Ecclesioe,
1163 3998 1342 4056 declinabata
1354 4000 1484 4057 scandalo
1499 4000 1585 4057 ludaei
1600 4000 1702 4069 fratris,

56 4085 362 4146 stcommendationem
374 4086 456 4154 Petri,
472 4086 605 4142 miracula
618 4103 668 4158 per
682 4086 857 4145 eumieoitin
905 4103 957 4159 per
981 4088 1052 4145 hano
1080 4087 1294 4144 simulationem.
1320 4089 1373 4145 Sed
1396 4104 1459 4162 ego,
1475 4106 1541 4146 cum
1559 4089 1702 4158 uidusem,

57 4177 224 4249 apostolatu
237 4175 474 4242 circumcisionis,
485 4174 610 4231 similiter
627 4179 759 4248 operatus
773 4181 815 4232 est
829 4181 857 4234 et
907 4176 979 4249 quod
1003 4193 1062 4232 non
1087 4180 1163 4232 recte
1178 4164 1361 4232 ambularent
1380 4177 1476 4232 Petrus
1491 4184 1518 4232 et
1531 4176 1577 4249 qui
1592 4193 1654 4233 cum
1669 4192 1704 4234 eo

57 4267 139 4337 mibi,
155 4263 187 4320 id
201 4271 245 4320 est
258 4262 293 4319 sd
306 4263 360 4320 mci
368 4262 638 4321 commendationem
652 4265 730 4321 inter
738 4269 856 4337 gentem·
907 4272 996 4334 erant,
1013 4281 1071 4321 non
1086 4268 1162 4321 recte
1177 4263 1239 4321 dico
1254 4265 1291 4320 aa
1304 4264 1538 4336 comprobandum
1553 4265 1703 4323 ueritatem

58 4355 182 4426 gentium
196 4350 271 4409 enim
284 4351 432 4425 Apostolus
446 4359 513 4409 erat.
531 4352 597 4408 Cum
620 4352 753 4410 vidissent
763 4353 892 4420 credi-1)
907 4353 1061 4425 Evangelii,
1087 4351 1133 4425 qui
1160 4352 1375 4424 predicaverunt
1409 4353 1478 4408 ritus
1505 4352 1634 4410 iudaicos
1645 4353 1703 4425 jnm

57 4449 112 4499 tuns
127 4441 272 4499 essemihi
293 4440 481 4513 Evangelium,
496 4445 524 4497 ot
551 4458 616 4498 cam
636 4441 709 4497 idern
724 4457 773 4513 per
787 4441 856 4498 effe·
906 4441 1026 4511 inutiles,
1035 4456 1087 4496 nec
1101 4456 1163 4497 esse
1178 4440 1322 4496 tenendos.
1342 4441 1410 4498 Cum
1424 4441 1628 4511 hocridissem,
1639 4442 1704 4501 diei

58 4539 129 4587 dnm
155 4529 360 4603 cognovissent,
380 4529 504 4585 videntes
515 4530 639 4600 aratiam
654 4547 715 4603 quae
729 4530 797 4587 dota
814 4535 857 4589 est
908 4528 1111 4602 depbaecoram
1121 4529 1251 4586 omnibus
1261 4529 1313 4600 (sic
1323 4528 1396 4585 enim
1406 4531 1555 4602 oportebat,
1568 4530 1633 4586 dum
1643 4531 1703 4602 ejus

58 4619 129 4676 mibi
143 4617 252 4690 (plures
267 4617 341 4674 enim
356 4633 436 4690 quam
450 4616 489 4673 illi
499 4618 693 4674 convertebam
703 4619 737 4674 ad
751 4618 855 4691 iidem).
905 4617 1041 4674 simulatio
1063 4618 1145 4675 totius
1166 4617 1298 4675 Ecclesia
1323 4626 1398 4675 esset
1421 4617 1579 4691 corruptio.)
1600 4636 1606 4674 :
1632 4620 1700 4690 Eoo,

60 4707 263 4780 cognovissent
278 4705 340 4762 dico
354 4705 483 4773 lacobus,
495 4710 523 4762 ct
544 4706 658 4780 Cepbos,
680 4712 708 4764 et
723 4709 855 4777 ioannes,
905 4706 1018 4780 inquam
1036 4707 1101 4775 dixi,
1118 4707 1144 4764 si
1159 4710 1200 4777 tu,
1218 4706 1391 4776 Polaenum
1405 4708 1445 4764 sis
1464 4707 1573 4763 natione
1590 4707 1703 4763 iudeus

58 4795 288 4869 quaerantur
301 4810 360 4852 osso
388 4795 537 4862 columnae,
549 4794 577 4850 id
592 4803 634 4850 est
660 4804 857 4853 sustentatores
905 4797 986 4864 vicu,
1011 4795 1094 4851 idest
1117 4795 1209 4852 virere
1227 4793 1301 4852 soles
1325 4797 1481 4869 gentiliter,
1498 4795 1564 4850 nihil
1575 4794 1703 4865 jndicaas

57 4882 322 4942 tentatationes
344 4882 537 4940 honoratiores
567 4883 672 4939 caeteris
695 4892 781 4955 erant,
793 4884 858 4958 quis
906 4883 1086 4951 inrmundum,
1104 4888 1133 4941 et
1148 4900 1206 4941 non
1217 4883 1286 4941 vivis
1296 4883 1498 4956 ultrajudaico,
1509 4891 1537 4939 ut
1553 4884 1704 4942 secundum

58 4972 184 5029 Christus
198 4986 247 5028 eos
261 4971 290 5026 in
312 4970 504 5028 secretioribus
528 4971 586 5027 suis
604 4988 714 5044 semper
728 4973 857 5030 admitte·
906 4972 975 5028 ritus
990 4972 1051 5028 illos
1069 4972 1146 5029 cibos
1157 4973 1192 5028 de
1206 4972 1378 5028 immunditia
1388 4973 1517 5041 damnem
1530 4971 1563 5039 si,
1579 4972 1702 5045 inquam,

56 5059 112 5133 bst,
143 5075 239 5117 coram
268 5059 367 5134 quibus
399 5058 603 5133 transfiguratus
631 5062 681 5116 luit
709 5062 737 5117 in
765 5071 857 5119 monte
907 5060 1190 5117 innaturalisludaeus
1199 5076 1255 5116 non
1262 5061 1550 5136 judaizamquomodo,
1560 5060 1588 5119 id
1597 5069 1639 5119 est
1648 5077 1705 5136 qua

56 5149 170 5220 (dotti.
186 5164 259 5219 xru,
271 5149 311 5220 a).
324 5149 355 5216 li,
370 5149 500 5222 inquam,
516 5150 569 5207 hoo
583 5160 792 5222 cognoscentes,
810 5151 857 5209 de·
906 5150 1011 5205 ratione
1033 5155 1130 5222 gentes
1154 5167 1214 5222 quae
1234 5165 1375 5223 nunquam
1394 5150 1613 5220 judaizaverunt,
1629 5154 1704 5224 copis

56 5239 163 5297 derum
177 5238 436 5295 mibietEarnaboe
448 5238 567 5296 dextrum
581 5241 737 5312 societatis,
754 5240 854 5297 intelli·
902 5239 1062 5310 judaiaare,
1093 5238 1221 5310 exemplo
1243 5248 1299 5305 tuo,
1316 5238 1379 5296 licet
1413 5255 1468 5296 non
1492 5239 1529 5295 its
1548 5238 1706 5312 praedicesi

55 5335 154 5400 gentes
168 5342 220 5384 nos
234 5342 291 5383 non
304 5325 449 5383 inferiores
462 5326 526 5394 illis,
542 5327 592 5383 sed
607 5344 698 5399 pares,
713 5345 769 5386 nou
779 5328 859 5386 disci·
906 5327 965 5384 Nisi
990 5326 1061 5383 enim
1077 5327 1105 5384 in
1133 5328 1186 5385 hoo
1198 5327 1308 5400 publice
1334 5336 1472 5385 correctus
1491 5337 1565 5385 esset
1579 5344 1595 5385 e
1609 5326 1703 5396 Paulo,

55 5417 136 5490 pulos
151 5415 202 5475 sed
215 5415 316 5475 socios.
333 5415 507 5491 coniungere
529 5415 650 5487 dextras,
667 5418 776 5493 signum
802 5425 858 5476 erat
907 5431 992 5490 seque
1011 5415 1074 5474 ideo
1102 5415 1348 5491 reprehensibilem
1376 5416 1560 5486 confiteretur,
1578 5420 1707 5489 putarent
