3742 5986
105 175 157 230 us
383 179 412 235 s.
432 176 610 237 naunorus
628 140 951 237 clarausunonun
969 181 1211 262 msrnuroms
1230 188 1307 247 ore.
1328 191 1416 250 rius
1434 193 1468 251 n.
1552 207 1611 216 ·’
1698 200 1751 257 nc

107 323 118 349 a
136 300 292 356 habeamini
306 301 334 356 in
360 317 447 374 regno
470 300 530 367 Dei,
547 317 598 372 pro
613 318 667 373 quo
682 310 708 356 et
728 302 861 373 patimini,
877 301 939 363 siA
952 308 1102 364 secundum
1129 311 1295 370 intellectum
1318 324 1345 371 et
1359 317 1522 375 voluntatem
1538 328 1657 377 vestram
1671 326 1750 396 pati-

104 409 116 440 r
134 396 223 445 tamen
229 391 332 458 iustum
340 389 458 460 estapud
466 390 553 446 Deum
562 389 903 447 retribuereaoztri·
952 396 1035 451 mini.
1053 396 1132 465 Quod
1144 400 1277 468 judicium
1301 404 1350 460 Dei
1371 405 1474 474 justum
1497 408 1541 473 sit,
1566 425 1622 480 quo
1632 411 1698 479 J'usti
1713 413 1748 468 ad

105 477 300 533 «bulationem
315 477 543 551 [retributionem]
557 479 610 547 his,
628 478 673 550 qui
698 494 746 533 vos
760 479 900 549 tribulant,
952 484 1166 553 puriticatiouem
1195 489 1359 564 affliguntur,
1389 494 1464 566 impii
1478 496 1511 550 ad
1531 500 1748 557 consummatio·

103 587 115 612 a
133 572 160 620 et
174 565 251 620 vobis
267 565 312 637 qui
328 565 508 620 tribulamini
519 566 641 637 requiem
657 566 799 622 nobiscum
812 568 839 622 in
854 584 900 623 re·
951 587 1014 627 nem
1029 574 1176 646 iniquitatis
1190 579 1234 635 hic
1244 591 1446 651 prosperantur,
1458 585 1555 654 probat
1565 586 1746 657 perdilectus,

103 674 115 705 ι
133 653 266 709 velatione
281 654 388 710 Domini
403 655 466 709 lesu
482 655 516 708 de
531 655 601 710 coelo
616 671 678 710 cum
693 655 800 728 angelis
814 655 901 710 virtu·
951 667 979 714 et
993 658 1073 715 linem
1090 665 1232 736 utriusque
1245 667 1309 735 justi
1334 676 1360 724 et
1383 669 1468 741 impii.
1498 671 1563 727 ldeo
1576 689 1626 744 per
1640 673 1723 730 finem
1739 694 1748 743 ς

105 763 116 789 α
135 740 169 795 ιίε
184 741 253 811 ejus,
268 741 297 796 in
310 741 417 796 llamma
432 742 504 814 ignis
518 742 609 797 dantis
631 743 778 798 vindictam
793 743 837 810 iis,
855 744 901 815 qui
952 748 1015 818 quia
1030 767 1081 821 per
1095 751 1144 807 ista
1160 770 1222 824 quaa
1236 755 1363 811 videntur
1376 774 1431 813 non
1442 767 1538 829 posset
1552 761 1618 816 dare
1633 762 1748 819 idoneas

105 850 117 881 r
133 844 188 885 non
203 837 338 885 notarunt
352 832 449 896 Deum,
466 830 553 900 etqui
575 846 629 884 non
654 832 785 887 obediunt
806 833 901 888 Evan-
951 851 1050 893 causas
1066 856 1149 910 quaro
1161 842 1250 910 justus
1264 842 1435 917 affligeretur,
1452 847 1551 919 impius
1566 865 1747 922 prosperare-

105 913 207 985 ‹gelio
233 912 341 969 Domini
358 914 443 969 nostri
466 914 531 969 iesu
545 914 656 970 Christi.
674 914 727 983 Qui
742 932 838 987 poenas
853 916 902 972 da·
931 932 1020 997 tur,
1043 928 1120 996 juxta
1146 929 1211 985 illud
1239 933 1313 1003 quod
1341 933 1379 988 ait
1407 935 1494 991 David
1522 937 1549 991 in
1578 953 1611 994 eo
1640 940 1748 1009 psalmo

105 1023 117 1054 ι
135 1002 201 1056 bunt
214 1002 242 1056 in
255 1001 364 1057 interitu
378 1008 492 1058 aeternas
507 1017 524 1056 a
538 1002 607 1058 lacie
623 1003 740 1069 Domini,
766 1012 792 1059 et
807 1020 824 1058 a
838 1005 900 1075 glo·
953 1014 1042 1081 Quam
1057 1017 1143 1074 popm
1166 1020 1255 1089 (prat,
1271 1035 1357 1087 run,
1374 1024 1419 1091 16)
1436 1041 1442 1077 :
1457 1024 1615 1081 Existimavi
1639 1036 1669 1082 ur
1697 1045 1747 1085 00.

105 1111 116 1137 «ι
136 1090 177 1144 ria
194 1090 459 1159 vi1·tutiseJus,cum
474 1090 784 1164 reneritgloriticariin
800 1093 901 1148 sanctis
951 1119 1124 1175 gnoscerem,
1142 1123 1225 1177 quara
1240 1109 1284 1165 hic
1305 1126 1386 1180 poena
1405 1111 1489 1180 justo,
1514 1115 1681 1184 prosperitas
1700 1118 1748 1173 tri.

106 1199 118 1228 ι
136 1177 203 1247 suis,
219 1186 246 1234 at
261 1178 432 1234 admirabilis
447 1179 505 1235 lieri
529 1179 557 1234 in
571 1180 697 1235 omuibus
711 1180 756 1252 qui
772 1180 901 1236 credide·
951 1190 1050 1247 buatur
1063 1192 1146 1267 impio
1160 1213 1167 1260 ;
1184 1196 1233 1250 sad
1248 1197 1300 1253 hoc
1315 1213 1484 1272 cognoscere
1497 1200 1575 1257 labor
1585 1210 1635 1269 est,
1650 1203 1678 1258 id
1695 1211 1746 1269 est,

105 1273 206 1332 ⁸runt
224 1266 288 1338 cuia
302 1267 434 1323 creditum
449 1274 491 1322 est
514 1267 699 1323 testimonium
713 1274 836 1323 nostrum
851 1285 900 1324 su·
950 1278 973 1332 si
1002 1281 1112 1336 attendo
1139 1291 1243 1338 tantum
1272 1301 1305 1340 ea
1335 1303 1396 1358 que
1419 1295 1483 1343 sunt
1510 1297 1573 1346 anre
1595 1307 1649 1358 me,
1663 1291 1692 1347 id
1707 1299 1748 1347 est

106 1369 185 1425 «per
198 1370 248 1410 vos
263 1353 290 1409 in
309 1354 423 1411 dioillo.
440 1356 471 1410 In
486 1372 540 1428 quo
556 1356 638 1412 etiam
663 1371 771 1412 oramus
792 1373 901 1429 semper
950 1369 1105 1438 pmsenfia,
1119 1371 1251 1440 judicium
1275 1374 1326 1428 Dei
1347 1375 1450 1444 justum
1473 1384 1524 1443 esi,
1552 1393 1607 1450 quo
1631 1380 1697 1449 justi
1712 1381 1747 1437 nd

105 1456 184 1513 “pl'O
199 1441 286 1507 VDblS,
302 1443 471 1514 uldignetur
485 1459 534 1498 VOS
549 1444 689 1499 vocatione
704 1460 753 1499 suit
764 1445 838 1500 Deus
852 1460 902 1501 no·
950 1455 1149 1527 purificandum
1165 1459 1193 1513 in
1212 1463 1339 1532 ppaesenti
1363 1463 1526 1535 affliguntur,
1548 1466 1624 1538 impii
1638 1468 1673 1522 ad
1697 1485 1747 1525 gu.

106 1550 117 1576 r
134 1536 200 1596 ster,
216 1538 242 1585 et
257 1529 368 1601 impleat
382 1546 489 1586 omnem
504 1532 671 1587 voluntatem
695 1532 823 1587 bonitatis
845 1549 901 1589 suae
949 1552 1089 1616 gmentum
1103 1547 1250 1617 impietatis
1263 1560 1468 1622 prosperantur.

107 1637 119 1668 ι
136 1616 204 1689 [non
220 1617 281 1674 ital.
298 1617 374 1692 suae],
392 1627 418 1675 el
431 1635 500 1690 Opus
515 1618 579 1674 fidei
594 1620 622 1674 in
632 1620 740 1685 virtute,
757 1630 786 1676 ul
800 1620 940 1719 darili-B
988 1634 1044 1690 Hac
1059 1642 1148 1691 tamen
1164 1638 1318 1694 conditione
1329 1641 1431 1709 justum
1448 1658 1509 1697 esse
1519 1642 1590 1710 dico,
1603 1645 1747 1715 ,cijmtum

105 1727 117 1756 t
135 1713 211 1762 celui
226 1722 324 1763 nomen
338 1706 447 1762 Domini
461 1707 546 1762 nostri
567 1708 632 1762 lesu
647 1708 745 1764 Chrlsli
759 1709 786 1763 in
810 1710 897 1776 vobis,
952 1724 1080 1795 erlapud
1099 1727 1197 1782 Deum,
1214 1727 1293 1797 Apud
1308 1729 1433 1785 homines
1448 1731 1520 1786 enim
1536 1733 1581 1804 qui
1595 1735 1747 1790 secundum

107 1800 161 1849 *tl
188 1810 237 1849 VOS
256 1795 283 1848 1¹¹
307 1795 537 1862 5¹10‚⁵e011¹1d1¹¹11
560 1797 676 1870 &militm
701 1797 751 1854 Dei
773 1798 860 1853 ¹1⁰⁵li'i
874 1806 901 1854 el
951 1811 1039 1865 visum
1054 1812 1183 1880 judicant,
1199 1823 1309 1870 sanctos
1323 1816 1415 1890 affligi,
1431 1819 1518 1874 malos
1531 1823 1689 1892 prosperari
1703 1824 1748 1878 iu·

106 1904 117 1929 ι
135 1882 245 1938 Domini
257 1884 323 1938 lesu
338 1883 447 1939 Christi.
467 1907 478 1932 ι
912 1971 915 1977 1
948 1898 1050 1967 justum
1067 1909 1117 1955 est.
1135 1903 1174 1968 Si,
1190 1903 1312 1980 inquam,
1324 1908 1438 1977 justum
1452 1911 1495 1963 est
1511 1909 1586 1982 apud
1599 1911 1690 1967 Deum
1704 1929 1748 1968 re·

952 1988 1076 2044 tribuere
1091 1989 1118 2044 in
1134 1989 1222 2047 tuturo
1240 1993 1465 2062 tribulationem,
1483 1998 1531 2069 qui
1545 1998 1683 2054 rosmoda
1699 2003 1749 2057 tri·

418 2109 579 2150 mom·
952 2076 1063 2146 balent,
1089 2082 1118 2134 et
1145 2080 1221 2135 vobis
1240 2083 1289 2154 pai
1312 2084 1395 2138 modo
1412 2085 1593 2143 tribulamini
1615 2088 1642 2141 in
1657 2087 1747 2146 futuro

951 2165 1104 2221 retribuere
1133 2169 1268 2241 requiem,
1298 2178 1361 2226 tunc
1389 2179 1431 2227 est
1452 2174 1554 2240 justum
1582 2190 1634 2230 vos
1658 2176 1748 2246 iustos

139 2263 246 2320 Paulus
259 2267 288 2320 et
300 2263 442 2328 Siluanus,
459 2266 488 2319 et
503 2262 663 2320 Timotheus
674 2263 796 2321 scribunt
806 2265 901 2320 Eccle-
950 2252 995 2308 hic
1023 2270 1073 2325 lei
1100 2255 1290 2312 ilibulllifflless
1324 2258 1472 2329 purificari>
1497 2269 1524 2317 0²
1551 2263 1650 2335 impl0⁸
1678 2281 1748 2322 0⁰¹¹·

31 2417 32 2420 ,
104 2352 451 2409 steriesratonieemtom
462 2352 587 2408 existenti
597 2353 629 2407 in
640 2353 695 2409 Deo
705 2356 791 2409 Patre
804 2358 900 2410 nostro
951 2341 1274 2415 ⁰⁰8510¹¹⁰Pl⁰slelll³lls
1287 2347 1324 2428 ‚bd
1339 2347 1455 2404 suillam
1474 2350 1677 2408 lilbulflllfflem
1689 2369 1747 2425 prae

103 2445 131 2498 el
146 2442 262 2498 Domino
277 2443 343 2498 lesu
360 2439 479 2497 Christo.
500 2441 573 2496 Sicut
587 2448 671 2496 totum
690 2442 717 2495 in
732 2442 816 2513 priori
831 2441 899 2513 Epi·
950 2431 1037 2500 lamii
1055 2449 1061 2485 ²
1081 2432 1155 2488 V⁰b²¹⁵
1168 2433 1261 2505 “lique
1280 2436 1430 2500 “imbuere
1454 2440 1578 2511 ’'liniti“
1601 2442 1747 2499 mmm

102 2530 173 2586 stola
187 2529 372 2601 exposuimus,
388 2530 416 2585 in
430 2530 526 2601 primis
541 2530 677 2587 collaudat
691 2546 739 2586 eos
749 2532 783 2587 de
794 2530 900 2601 passio·
953 2519 1079 2576 303
1089 2520 1285 2591 habendafflsiss
1295 2525 1390 2581 eidem
1400 2526 1566 2600 esslfflglilfil
1576 2529 1684 2587 &illm
1694 2547 1748 2604 (1¹¹⁸

102 2617 182 2673 nibus
197 2603 264 2686 suis,
280 2618 458 2688 supponendo
474 2617 590 2690 gloriam
604 2634 698 2674 eorum
720 2618 766 2691 qui
789 2619 899 2690 patiun-
950 2614 977 2662 θῑ
1004 2624 1054 2663 ¹¹⁰⁸
1078 2609 1205 2680 ⁸l³⁰⁸l⁰¹l
1226 2611 1305 2667 N¹¹¹¹⁰
1330 2613 1492 2669 delelffiinfll
1517 2617 1628 2672 ¹¹¹⁰d¹¹m
1651 2619 1747 2690 iiloriae

8 2703 15 2720 '
102 2714 156 2775 tur,
173 2713 200 2760 ει
222 2721 331 2776 poenam
354 2721 448 2761 eorum
471 2707 517 2778 qui
542 2707 684 2777 passiones
707 2706 836 2776 inierunt,
860 2707 899 2763 sic
946 2696 1091 2765 iustorum,
1109 2706 1136 2752 θῑ
1158 2699 1349 2756 dssmssssllfflless
1367 2702 1746 2775 imll⁰l¹1mrssll11⁸¹⁰⁵laell·

103 2809 152 2850 eos
166 2793 295 2849 armando
309 2794 342 2848 ad
353 2793 520 2864 patientiam,
546 2793 641 2849 dicens
658 2812 664 2847 :
689 2795 802 2867 Gratias
818 2811 900 2866 opere
950 2782 1022 2849 ficet,
1038 2785 1137 2856 impios
1152 2787 1301 2855 deterreat,
1316 2789 1410 2845 dicens
1427 2792 1583 2849 :Retribuet
1597 2794 1690 2866 impiis
1703 2796 1748 2851 tri·

103 2881 233 2939 debemus
244 2884 308 2947 Deo,
320 2881 347 2936 id
361 2889 403 2938 est
416 2896 473 2937 non
486 2881 574 2937 solum
590 2881 694 2952 gratias
707 2882 825 2952 agimus,
850 2883 900 2938 sed
950 2873 1126 2940 bulationem,
1143 2876 1222 2931 nobis
1237 2878 1370 2948 requiem,
1390 2882 1422 2936 in
1440 2883 1614 2939 revelatione
1631 2885 1746 2941 Domini

104 2986 213 3043 semper
235 2969 375 3026 debitores
390 2970 540 3043 gratiarum
564 2987 657 3024 sumus
672 2971 730 3026 Deo
742 2986 793 3042 pro
814 2971 896 3037 vobis,
914 3014 936 3058 ρ
949 2963 1023 3028 lesu,
1039 2962 1067 3017 id
1082 2970 1122 3018 est
1133 2965 1244 3036 quando
1259 2966 1391 3022 Dominus
1405 2969 1496 3036 lesus,
1508 2970 1554 3042 qni
1569 2987 1642 3029 nunc
1652 2971 1747 3029 infide·

104 3059 169 3131 quia
190 3061 297 3130 fratrer
312 3059 387 3114 estis.
403 3059 495 3128 Agere
510 3057 581 3127 dico,
598 3059 641 3113 ita
657 3062 691 3114 ut
705 3058 823 3129 dunum
838 3062 896 3115 est:
919 3047 937 3074 ⁴
951 3050 1022 3105 libus
1038 3052 1159 3107 occultus
1187 3061 1237 3122 est,
1268 3056 1393 3111 omnibus
1406 3057 1548 3127 injudicio
1564 3060 1741 3117 revelabitur.

103 3147 166 3219 quia
179 3162 280 3219 magna
294 3153 357 3201 sunt
371 3147 444 3202 dona
458 3145 519 3213 Dei,
536 3154 562 3202 et
578 3146 672 3214 multa,
688 3155 796 3218 oportet
807 3154 834 3202 et
846 3163 900 3201 ma·
949 3142 1016 3196 lesu
1032 3139 1104 3210 dico,
1120 3142 1227 3196 venturi
1241 3144 1422 3213 adjudicium
1450 3148 1483 3203 de
1499 3149 1577 3204 arelo.
1593 3149 1646 3205 Ubi
1660 3149 1699 3205 ait
1714 3149 1745 3208 de

101 3251 171 3307 guas
186 3245 212 3291 et
226 3235 388 3307 multiplices
402 3250 486 3306 agere
500 3235 610 3306 gratias,
625 3234 687 3291 ideo
712 3237 845 3307 quonium
862 3237 898 3306 fi·
950 3230 1027 3296 culo,
1044 3229 1194 3300 potentiam
1217 3232 1351 3288 venientis
1378 3233 1489 3290 indicat.
1510 3237 1624 3292 Venturi
1636 3236 1700 3295 dico
1713 3238 1746 3297 dc

105 3322 153 3380 der
170 3328 263 3381 vestro
285 3325 482 3397 supercrescit.
508 3324 557 3381 Vel
573 3339 656 3394 super
669 3324 723 3380 hoc
736 3324 810 3395 quod
822 3324 899 3395 prius
949 3318 1018 3374 coelo
1033 3333 1099 3373 cum
1114 3320 1222 3390 abuelis
1237 3324 1351 3377 virtutis
1365 3325 1436 3394 ejus.
1453 3325 1483 3378 lu
1498 3323 1545 3379 illo
1559 3325 1680 3380 adventu
1695 3342 1744 3381 an·

104 3419 161 3468 erat
175 3412 314 3481 majorata.
332 3413 381 3468 Vel
405 3429 488 3483 super
502 3411 689 3468 tribulationes
703 3413 812 3481 crescit,
830 3428 899 3484 quas
950 3404 1005 3478 geli
1020 3407 1138 3462 ebriatis
1153 3423 1214 3463 esse
1229 3407 1365 3475 dicuntur,
1382 3410 1445 3483 quia
1460 3419 1523 3468 tunc
1538 3413 1631 3469 omnia
1645 3422 1745 3485 poten·

105 3515 201 3556 omnes
209 3508 331 3572 superat,
341 3505 369 3557 et
379 3501 442 3560 ideo
453 3517 537 3574 agera
546 3500 659 3573 gratias,
672 3500 800 3572 quoniam
810 3501 899 3556 abun·
950 3494 1060 3563 Utiliter,
1076 3503 1102 3550 el
1117 3495 1205 3551 bonos
1226 3496 1254 3550 in
1270 3498 1401 3570 requiem,
1419 3507 1446 3555 et
1460 3501 1547 3556 malos
1562 3502 1745 3574 porrigentia

102 3589 325 3655 davitabmitor,
334 3588 362 3643 id
373 3595 414 3645 est
424 3589 533 3646 dilectio
543 3592 766 3661 uniuscujusque
776 3594 899 3647 vestrum
950 3583 1042 3653 ignem
1058 3602 1065 3650 3
1082 3584 1131 3639 sed
1145 3584 1309 3655 inpiaesenli
1320 3588 1483 3660 quandoque
1493 3605 1542 3645 eos
1552 3590 1636 3646 eliam
1645 3591 1745 3664 quibua

103 3676 348 3734 trinobantum
363 3684 465 3732 tanturn
480 3677 514 3732 ad
527 3676 664 3748 perlectos
678 3687 802 3747 spectare
817 3676 898 3732 intel·
949 3681 1070 3741 presunt
1085 3663 1120 3726 ib
1133 3672 1223 3743 impiis
1236 3674 1374 3744 patiuntur
1392 3676 1483 3749 affligi,
1505 3685 1569 3735 tunc
1583 3687 1677 3735 autem
1692 3695 1746 3736 non

100 3765 242 3838 ligendum
255 3773 305 3820 est.
322 3767 360 3820 lta
374 3765 553 3835 supercrescit
579 3764 656 3830 fides,
672 3766 793 3820 abundat
807 3765 900 3821 chari·
950 3760 999 3814 sic·
1016 3760 1047 3813 ln
1061 3760 1103 3814 his
1113 3762 1205 3816 verbis
1220 3777 1296 3835 arque
1311 3772 1336 3818 at
1347 3763 1464 3821 laetifioat
1474 3767 1573 3835 justos,
1590 3767 1691 3839 quibus
1701 3785 1746 3826 ve-

104 3860 147 3908 tas
161 3857 194 3908 ut
204 3855 291 3908 ettam
300 3868 351 3910 nor
361 3853 415 3924 ipre·
426 3853 472 3923 qui
481 3868 535 3908 non
545 3851 725 3925 gloriaremur
734 3853 768 3908 de
778 3869 900 3924 parvare
949 3848 1005 3903 niet
1019 3849 1054 3904 ad
1069 3849 1194 3920 salutem,
1211 3858 1236 3906 et
1251 3851 1372 3908 deterret
1386 3854 1482 3921 malos,
1500 3854 1598 3926 quibus
1608 3856 1701 3912 veniat
1712 3856 1745 3912 ad

105 3941 138 3996 ira
152 3940 285 3997 Ecclesiit
293 3941 353 4001 Dei.
368 3940 523 4012 gloriemur
537 3942 569 3996 in
582 3940 667 4007 vobis,
679 3940 706 3995 id
716 3941 791 3996 estin
807 3949 898 3997 osten·
949 3952 1068 4006 poeuam.
1084 3937 1165 3994 blodo
1179 3939 1270 3995 subdit
1283 3956 1343 4012 quaa
1358 3950 1462 3996 tantum
1476 3950 1539 3997 suut
1554 3943 1590 3998 ad
1604 3943 1745 4001 deterren-

102 4028 180 4084 sione
193 4027 368 4100 perfectionis
382 4035 491 4084 vestrae.
508 4027 619 4084 Glorior
632 4029 706 4099 apud
720 4029 786 4084 alias
800 4029 899 4086 Eccla-
950 4024 1015 4079 dum
1029 4025 1126 4091 malos,
1139 4027 1233 4082 dicens
1247 4043 1253 4082 τ
1265 4029 1362 4084 Veniet
1371 4030 1452 4087 lasus
1461 4031 1496 4086 da
1506 4031 1576 4088 coelo
1586 4034 1618 4088 ia
1628 4034 1746 4102 tiammo

105 4117 160 4173 sias
174 4133 224 4190 pro
236 4118 382 4189 petiemie
399 4120 500 4182 vestro,
517 4132 569 4188 qua
588 4132 638 4187 pro
653 4116 761 4173 Christo
777 4117 900 4188 patimini
950 4114 1035 4185 ignis,
1050 4114 1078 4169 id
1094 4121 1135 4169 est
1150 4115 1178 4170 in
1200 4116 1286 4189 ignita
1306 4117 1426 4174 flamma.
1451 4119 1502 4176 llla
1523 4119 1634 4176 flamma
1647 4122 1745 4193 praci-

104 4205 206 4272 omnio,
222 4209 251 4262 et
265 4221 315 4277 pro
329 4206 383 4274 fide
399 4213 489 4260 restra
500 4203 528 4259 in
541 4205 707 4277 integritate,
724 4214 831 4262 servata
846 4205 900 4260 fida
949 4218 1003 4273 pue
1019 4203 1091 4276 ignis
1105 4219 1167 4259 esse
1181 4204 1289 4273 dicitur,
1306 4206 1371 4278 quia
1385 4207 1494 4263 flamma
1515 4209 1660 4280 presentis
1673 4210 1745 4285 ignis

104 4301 130 4350 ει
145 4293 283 4365 patientia.
300 4293 505 4363 Dicolrabitain
520 4295 648 4350 omnibus
656 4296 899 4367 persecutionibus
951 4298 1168 4362 contemperatur
1180 4293 1342 4350 admistione
1359 4311 1447 4367 aquae,
1463 4305 1490 4352 et
1511 4305 1673 4354 caeterorum
1692 4297 1747 4355 ela·

103 4383 215 4449 vestris,
230 4382 339 4454 quando
366 4382 400 4437 de
425 4382 484 4437 loco
498 4382 533 4437 ad
555 4381 645 4438 locum
668 4381 808 4456 fugamini,
823 4388 852 4440 et
873 4367 936 4438 inD
951 4387 1115 4447 mentorum,
1129 4381 1177 4436 sed
1190 4381 1279 4437 lutura
1295 4382 1402 4439 llamma
1417 4385 1485 4440 adeo
1496 4393 1603 4441 terrens
1613 4394 1640 4442 et
1651 4402 1746 4458 aspera

106 4469 345 4538 tribulationibus,
358 4470 467 4542 quando
475 4470 634 4526 verberibus
643 4479 670 4526 et
684 4472 839 4542 opprobriis
850 4472 900 4526 tri·
951 4467 1000 4523 erit
1015 4469 1088 4540 quod
1103 4469 1202 4525 nullius
1217 4470 1344 4526 elementi
1359 4472 1522 4529 admistione
1536 4473 1672 4530 videbitur
1685 4490 1746 4531 con·

61 4600 66 4614 s
105 4556 245 4624 bulamini‚
271 4574 341 4630 pour
370 4559 574 4629 persecutiones
598 4566 624 4613 et
645 4559 830 4615 tribulationes
852 4575 901 4615 vos
951 4558 1107 4628 temperari.
1125 4560 1157 4614 ln
1171 4560 1286 4628 flamma
1301 4563 1376 4632 ipnis
1390 4561 1514 4618 Christus
1527 4562 1626 4619 dicitur
1640 4563 1744 4628 venire,

104 4648 254 4703 sustinetis
268 4646 299 4702 in
315 4647 479 4718 exemplum
487 4647 563 4717 justi
573 4647 679 4717 judicii
693 4647 752 4716 Dei,
769 4648 797 4703 id
812 4655 853 4703 est
868 4663 900 4703 ex
951 4661 1005 4701 non
1021 4647 1094 4718 quod
1109 4647 1216 4702 ilamma
1232 4648 1306 4704 circa
1322 4665 1383 4703 eum
1399 4648 1442 4718 sit,
1461 4651 1508 4705 sed
1522 4650 1587 4723 quia
1608 4667 1641 4707 eo
1665 4653 1747 4708 adva-

100 4734 174 4805 justo
184 4735 287 4804 judicio
303 4734 362 4790 Dei.
377 4735 484 4789 lustum
498 4735 571 4790 enim
586 4743 629 4790 est
644 4742 754 4792 sanctos
769 4736 899 4807 tribulari,
950 4733 1041 4790 niente
1056 4745 1204 4809 consurgat
1218 4736 1274 4802 illa,
1290 4737 1358 4792 sicut
1373 4737 1486 4808 quilibet
1500 4738 1627 4810 princeps
1648 4739 1747 4796 dicitnr

104 4831 134 4879 ut
146 4823 341 4895 purificentur;
356 4822 456 4894 impios
469 4831 632 4894 potestatem
645 4824 747 4879 habere
762 4824 789 4879 in
801 4825 899 4893 justos,
951 4823 1043 4878 venire
1059 4824 1086 4878 in
1101 4825 1165 4896 igne
1186 4832 1210 4880 et
1235 4825 1381 4896 occisione,
1400 4825 1462 4897 quia
1477 4842 1510 4882 eo
1531 4827 1695 4884 adveniente
1720 4836 1747 4884 et

103 4919 132 4965 ut
145 4911 272 4984 impietas
287 4928 381 4968 eorum
403 4918 619 4968 consummetur.
643 4913 678 4968 lit
702 4911 737 4967 ita
762 4913 903 4969 sustinetis
950 4912 1026 4967 multi
1041 4912 1210 4980 occiduntur,
1232 4921 1259 4969 et
1272 4913 1355 4969 multa
1370 4915 1577 4971 comburuntur.
1595 4916 1672 4988 lgnis
1685 4916 1747 4973 dica

104 5015 139 5054 ex
151 5000 224 5068 justo
240 5000 352 5070 judicio,
369 5008 399 5055 ut
414 5000 472 5055 sitis
497 5000 525 5054 in
539 5000 694 5072 exemplum
713 5001 777 5070 justi
789 5002 896 5071 judicii.
950 5001 1047 5057 doniis
1057 5002 1252 5069 vindictam,id
1264 5011 1416 5074 estptenam
1427 5005 1470 5059 bis
1480 5005 1528 5075 qui
1538 5018 1595 5059 non
1605 5009 1745 5061 noverunt

104 5087 137 5142 ln
152 5087 226 5143 vobis
249 5088 321 5143 enim
344 5087 544 5160 exemplificare
567 5104 713 5159 possumus
736 5090 797 5145 aliis
819 5106 901 5163 quam
951 5091 1049 5156 Deum,
1066 5089 1149 5145 idest
1165 5089 1307 5162 quitidem
1331 5107 1385 5147 non
1405 5091 1568 5159 habuerunt,
1585 5099 1746 5149 nontamen

100 5174 204 5244 justum
219 5174 253 5228 sit
263 5174 393 5243 judicium
409 5176 468 5231 Dei.
481 5178 635 5234 Sustirmtis
646 5176 708 5232 ideo
719 5182 752 5233 ut
763 5179 901 5250 dipnibe·
951 5177 1049 5246 solum,
1067 5180 1116 5233 sed
1132 5179 1211 5234 etiam
1227 5181 1271 5235 bis
1295 5180 1340 5251 qui
1361 5180 1383 5234 si
1408 5178 1489 5235 fidem
1509 5179 1674 5251 habuerunt,
1689 5197 1747 5237 non

104 5262 231 5320 leontini
243 5263 276 5318 in
286 5278 372 5334 regno
381 5265 439 5328 Dei,
451 5263 531 5319 idest
543 5264 571 5319 in
583 5265 683 5335 quibus
691 5267 765 5320 Deus
774 5267 900 5338 regnetin
951 5274 1039 5323 tamen
1045 5268 1364 5340 obedieruntlivaupelio
1375 5269 1585 5324 Domininasiri
1593 5271 1659 5326 lesa
1667 5269 1749 5326 Ciri-

103 5349 242 5424 praesenti.
261 5351 309 5407 Vel
323 5351 400 5425 digni
416 5351 474 5407 sitis
490 5353 576 5424 recipi
589 5352 617 5407 in
632 5352 721 5409 futuro
735 5369 822 5427 regno
837 5355 897 5411 Dei.
951 5357 989 5411 sti
997 5377 1007 5423 ;
1023 5357 1069 5428 qui
1083 5357 1201 5428 utrique,
1218 5365 1244 5411 at
1257 5373 1311 5412 non
1326 5365 1525 5429 cognoscentes
1540 5358 1639 5424 Deum,
1652 5367 1679 5414 et
1693 5373 1748 5414 non

101 5440 169 5506 Vos,
186 5440 256 5497 sicut
270 5439 403 5514 intelligo,
430 5441 569 5497 sustinetis
590 5449 620 5496 ut
643 5441 719 5516 digni
745 5443 901 5499 habeamini
950 5444 1749 5519 obedienteslirangaliodabuetaetarnaspaenasiniatcr-

103 5534 158 5599 prb
169 5542 212 5597 ao,
227 5545 281 5602 quo
295 5529 393 5588 eodem
408 5537 438 5586 ut
452 5528 528 5605 digni
541 5530 694 5589 habeamini
708 5531 736 5589 in
747 5547 806 5602 vos,
818 5532 901 5589 etiam
950 5534 1034 5603 itum,
1051 5533 1079 5588 id
1092 5542 1134 5590 est
1149 5533 1176 5589 in
1190 5535 1281 5592 locum
1295 5550 1447 5606 poenamm,
1463 5533 1603 5606 projectio
1615 5536 1749 5607 sneDDo
