3742 5986
105 201 137 254 dl
378 202 407 258 S.
427 201 604 260 BRUNONIS
623 202 946 261 cauttlttsltrloauu
967 202 1211 262 INSTITUTORIS
1231 202 1307 259 OPP.
1329 203 1417 259 PARS
1436 203 1469 258 ll.
1712 203 1748 257 32

106 331 260 396 quaerentes
270 324 333 382 inde
342 326 504 399 temporalia
513 327 591 384 luera
601 327 645 384 vel
656 328 774 402 gloriam
788 327 936 391 mundizA
950 325 1059 393 dierint,
1074 326 1131 382 sive
1146 342 1207 383 eam
1222 326 1392 384 solummodo
1406 324 1510 398 operati
1519 325 1592 392 sint;
1607 323 1646 379 illi
1654 325 1748 395 jucti-

107 410 150 466 bis
158 413 204 484 qui
213 415 345 471 suntboui
353 415 452 487 operis,
460 417 501 473 sic
509 417 614 485 reddet;
623 418 666 474 bis
674 422 772 474 nutem
780 418 902 491 quisunt
952 415 1125 484 ιεαιιιιηιιιι,
1142 432 1191 470 seu
1206 414 1306 472 fuerint
1321 415 1447 488 gentiles,
1465 431 1514 470 seu
1527 412 1613 469 ludaei
1626 413 1747 468 :solum-

107 514 145 557 σε
160 504 353 571 contentione,
366 503 393 559 id
408 504 510 577 estqui
525 521 555 561 se
564 506 734 562 contentiose
749 505 901 562 alternatim
951 504 1033 559 modo
1048 520 1117 575 opus
1130 504 1200 577 legis
1214 505 1428 576 compleverunt.
1446 503 1496 559 Hic
1523 519 1619 557 uersus
1639 502 1684 575 qui
1699 518 1748 557 se·

106 587 262 661 praeierunt,
279 592 332 649 boc
345 592 440 648 vitium
454 594 570 650 maxime
584 595 703 666 reposcit
712 613 719 662 ;
729 594 793 666 quia
807 594 834 648 in
849 594 901 650 hoc
952 593 1051 664 quitur,
1069 593 1238 650 solummodo
1261 594 1295 649 de
1310 593 1457 667 gentilibus
1479 591 1536 664 agit
1549 591 1683 662 :probans
1698 606 1748 646 eos

106 675 276 746 laborabam,
294 688 321 736 et
334 682 369 736 ab
384 682 435 738 hoc
450 698 498 738 eos
516 682 657 739 deterrere
671 683 772 738 nititur.
789 682 847 748 llis,
860 682 902 735 in·
952 681 1053 737 salvari
1068 699 1118 753 per
1140 683 1230 753 legem
1255 682 1417 752 naturalem,
1433 681 1565 736 facientes
1575 680 1671 734 eadem
1685 696 1748 752 quae

107 768 900 844 quam,quicontenduntetquinonacquiescuntcentuli,
951 777 1013 825 sunt
1027 771 1134 842 scriptae
1150 770 1230 843 legis,
1254 779 1281 826 et
1307 771 1429 826 damnari
1449 771 1472 824 si
1493 785 1547 824 non
1566 767 1689 824 iecerint.
1708 769 1749 825 De

106 856 216 926 quando
230 857 331 912 bonum
345 859 472 915 suadetur
482 859 535 926 eis;
546 867 574 914 ut
581 861 695 916 Romani
710 860 755 933 qui
772 860 902 914 nolebant
952 866 1066 931 utroque
1076 860 1132 931 agit
1146 860 1189 915 bic
1204 876 1309 925 uersus,
1326 868 1353 915 et
1368 861 1401 915 de
1417 860 1503 915 salute
1526 858 1665 929 gentilium
1679 873 1747 929 pro·

106 943 284 1014 acquiescere
290 946 429 1019 discipulis
440 948 579 1015 Pauli,red
584 948 734 1005 credebant
743 949 899 1022 iniquitati,
951 955 1013 1017 pter
1027 963 1096 1018 opus
1110 947 1190 1020 legis,
1203 955 1229 1003 et
1243 948 1278 1004 de
1293 949 1464 1006 damnatione
1479 950 1646 1017 eorumdem,
1659 947 1749 1002 sinon

107 1032 285 1101 praeferentes
295 1051 326 1090 se
340 1036 410 1091 alter
423 1037 511 1103 alteri3
522 1037 565 1091 his
578 1037 671 1110 utique
684 1037 735 1093 erit
747 1039 812 1104 irc,
826 1037 902 1092 idest
951 1036 1055 1106 operati
1070 1036 1124 1090 siut
1138 1036 1238 1108 legem,
1250 1052 1282 1092 ao
1297 1036 1320 1091 si
1333 1047 1518 1109 opponeretur
1536 1039 1619 1095 Paulo
1644 1055 1650 1090 :
1671 1034 1749 1091 Dicis

107 1128 211 1176 aeterne
225 1123 372 1192 damnatio,
390 1133 416 1181 ει
430 1125 492 1180 talis
507 1125 549 1181 ira
556 1142 617 1198 quae
627 1125 662 1180 sit
672 1126 843 1198 indignatio.
852 1125 902 1179 lm·
952 1123 1025 1195 quod
1040 1123 1195 1196 quicunque
1213 1123 1331 1180 factores
1345 1125 1416 1197 legis
1435 1126 1545 1194 luerint,
1558 1126 1746 1188 salvabuntur,

107 1207 146 1279 pii
165 1210 237 1265 enim
260 1211 286 1266 in
312 1212 404 1284 ignem
431 1214 512 1285 positi
539 1215 661 1288 graviter
690 1214 901 1287 indignabuntur
951 1212 1001 1267 sed
1015 1212 1132 1284 gentiles
1146 1213 1248 1268 salvari
1259 1230 1314 1269 non
1336 1215 1447 1283 debent,
1463 1217 1525 1288 quia
1549 1214 1655 1272 etiamsi
1678 1227 1748 1283 opus

108 1296 251 1370 sibiipsis,
268 1301 340 1372 quod
354 1302 426 1358 male
441 1302 557 1375 egerint,
574 1311 601 1358 et
622 1302 728 1358 interim
743 1303 808 1358 dum
834 1302 900 1357 illud
951 1298 1022 1374 legis
1048 1299 1160 1366 iaciunt,
1187 1300 1374 1359 indifferenter
1387 1304 1438 1360 boc
1461 1305 1571 1370 iaciunt,
1603 1318 1658 1358 non
1673 1298 1749 1356 ducti

104 1385 237 1455 judicium
245 1390 901 1463 morabitur,inonnananimantontnnope·
952 1388 1055 1445 ratione
1076 1388 1216 1462 [nomine],
1241 1390 1290 1445 sed
1310 1406 1374 1447 casu
1399 1391 1513 1465 [causa].
1531 1400 1560 1447 ut
1585 1390 1624 1445 illi
1643 1388 1690 1462 qui
1712 1387 1748 1443 de

108 1476 204 1531 rantis
232 1476 308 1534 16
328 1481 447 1535 malum.
466 1479 557 1536 Iudaei
576 1480 638 1536 dico
659 1483 795 1554 primum,
812 1480 838 1535 id
860 1488 901 1535 cst
951 1476 1032 1532 nullis
1046 1493 1096 1547 per
1111 1476 1264 1548 Scripturas
1279 1478 1403 1535 instructi
1427 1480 1489 1535 sint.

107 1564 224 1620 maxime
239 1567 376 1636 operantis
386 1568 505 1636 malum;
522 1569 585 1641 quia
600 1577 626 1624 et
641 1569 779 1635 naturalis,
795 1569 901 1625 etdatae
987 1565 1088 1620 Contra
1100 1566 1152 1621 hoc
1167 1565 1265 1621 Paulus
1276 1584 1283 1620 :
1294 1567 1364 1622 Vere
1379 1567 1496 1641 gentiles
1510 1568 1533 1623 si
1548 1566 1746 1624 lueriutlacto-

107 1650 178 1725 legis
188 1669 250 1708 reus
260 1663 311 1722 est,
321 1660 349 1712 et
359 1658 457 1723 Groeei,
466 1657 491 1712 id
503 1666 544 1714 est
554 1657 727 1731 gentilis,qui
742 1658 776 1713 de
785 1656 938 1743 naturaliB
951 1670 996 1710 res
1023 1654 1103 1725 legis,
1130 1653 1358 1725 justificabuntur,
1376 1663 1401 1711 et
1425 1657 1580 1713 econtrario
1595 1656 1619 1712 si
1644 1657 1749 1712 malum

105 1738 168 1811 loge
182 1740 271 1797 solum
293 1745 426 1817 arguitur,
454 1745 482 1800 in
501 1747 619 1801 animam
635 1746 775 1818 operantis
789 1746 899 1803 malum.
952 1743 1058 1814 operati
1078 1743 1143 1811 sint,
1159 1743 1239 1798 irael
1261 1743 1448 1817 indignatione
1469 1745 1690 1813 damnabuntur3
1714 1761 1748 1801 ex

103 1828 192 1884 tudaei
216 1829 401 1888 indifferenter
423 1841 451 1888 et
466 1833 553 1890 Graeci
573 1835 625 1890 erit
649 1835 805 1900 tribulatio,
821 1834 902 1889 idest
952 1831 1049 1887 merito
1064 1830 1164 1887 debent
1178 1831 1273 1887 salvari
1288 1848 1339 1902 pro
1358 1833 1440 1898 bono,
1457 1841 1483 1890 et
1497 1833 1587 1905 puniri
1597 1849 1646 1905 pro
1662 1833 1745 1889 malo.
1791 1848 1794 1853 ·

107 1916 244 1975 damnatio
259 1925 289 1976 et
300 1923 441 1994 angustia.
459 1924 516 1979 Hoc
531 1931 573 1979 est
586 1923 653 1978 illud
667 1923 741 1994 quod
756 1923 822 1978 dixit
836 1922 903 1978 indi·
954 1921 1024 1989 Quin
1046 1921 1102 1992 ipsi
1115 1921 1167 1976 atti
1182 1923 1250 1976 cunt
1261 1922 1319 1988 lex,
1336 1920 1364 1976 id
1379 1929 1420 1976 εει
1443 1922 1593 1978 naturalem
1609 1922 1700 1995 legem
1719 1922 1748 1977 in

106 2006 211 2079 guatio,
229 2007 294 2080 quia
305 2009 469 2066 detenninat
482 2010 517 2067 de
532 2011 606 2067 malo
621 2012 695 2083 quod
710 2009 831 2080 fieret,et
840 2019 902 2082 post
951 2007 1050 2078 seipsis
1070 2009 1167 2064 babent
1180 2026 1186 2063 ε
1198 2009 1260 2079 ipsi,
1277 2008 1348 2075 dico,
1364 2025 1418 2064 nou
1429 2010 1560 2066 habentes
1570 2011 1659 2083 legem
1674 2011 1748 2080 ejus-

101 2093 233 2163 judicium
244 2104 271 2152 et
286 2105 358 2153 ante.
376 2099 415 2153 De
440 2098 512 2155 bono
531 2115 598 2155 vero
612 2107 748 2168 nonanta,
770 2099 819 2154 sed
840 2107 902 2170 post
951 2096 1035 2164 modi,
1052 2096 1080 2151 id
1095 2104 1136 2151 est
1151 2097 1279 2169 scriptam
1295 2097 1364 2153 sicut
1381 2099 1486 2165 Judaei,
1507 2107 1533 2155 et
1547 2115 1612 2156 vere
1628 2101 1683 2172 ipsi
1694 2100 1749 2156 sibi

102 2181 235 2252 judicium
249 2185 323 2252 dicit,
340 2185 406 2258 quid
425 2186 463 2242 illi
477 2187 594 2243 futurum
605 2188 640 2243 sit
654 2188 762 2245 interim
776 2188 841 2242 dum
851 2204 901 2244 re·
951 2190 1020 2242 tunt
1035 2187 1082 2241 lec
1097 2205 1106 2242 .·
1122 2202 1182 2242 cum
1193 2187 1245 2243 hoc
1255 2186 1289 2240 sit
1300 2187 1371 2259 qnod
1381 2192 1478 2259 pentes
1488 2205 1548 2258 quoe
1566 2189 1655 2259 lepem
1679 2188 1748 2244 seri-

103 2270 194 2327 niatur
208 2272 396 2343 adjudicium.
420 2274 551 2347 Operanti
573 2277 676 2332 malum
688 2277 739 2334 erit
753 2276 900 2332 tribulatio.
950 2283 1025 2346 ptam
1035 2291 1092 2330 non
1103 2274 1215 2343 liabent,
1223 2274 1250 2329 id
1260 2283 1302 2330 est
1309 2275 1433 2346 gentiles,
1441 2279 1555 2349 fuciunt
1567 2293 1600 2333 eu
1609 2293 1671 2350 que
1678 2281 1749 2333 sunt

105 2357 188 2416 Omni
202 2377 268 2417 vero
282 2363 404 2433 operanti
420 2363 520 2419 bonum
538 2380 544 2419 τ
559 2366 653 2423 tutuo
673 2366 822 2422 secundum
837 2372 901 2421 tem·
952 2363 1020 2435 lepis
1037 2363 1155 2433 scriptae,
1168 2363 1195 2417 id
1212 2371 1262 2430 est,
1278 2380 1338 2436 quae
1349 2363 1451 2435 scripta
1464 2364 1508 2419 lex
1518 2365 1651 2437 praeeipit,
1663 2369 1747 2422 nutu-

105 2463 158 2520 pus
169 2450 294 2522 primum
310 2451 381 2508 bene
405 2453 528 2524 operanti
541 2473 548 2521 ;
564 2453 591 2508 in
605 2454 699 2509 Judaea
715 2454 786 2510 enim
801 2453 901 2525 princi·
950 2453 1062 2520 naliter,
1070 2450 1097 2506 id
1106 2459 1146 2506 est
1155 2451 1304 2507 naturalem
1313 2451 1403 2524 legem
1410 2461 1565 2528 sequentes.
1577 2452 1749 2510 Necindiffe-

103 2535 180 2608 pium
194 2537 289 2594 habuit
303 2539 425 2596 Ecclesia
442 2541 557 2610 Christi3
572 2547 600 2598 et
614 2544 716 2612 Grceco,
733 2543 759 2597 id
774 2549 816 2598 est
830 2558 898 2614 gen·
950 2548 1042 2596 reutcr
1053 2557 1084 2596 ea
1100 2557 1161 2611 quae
1171 2541 1240 2613 legis
1251 2548 1314 2596 sunt
1324 2541 1436 2608 iaciunt,
1453 2542 1515 2613 quia
1529 2544 1577 2616 qui
1589 2541 1747 2599 ostendunt

103 2623 153 2693 tili,
165 2627 301 2697 posterius
312 2636 433 2701 tempore
440 2633 574 2702 operanti
583 2631 754 2696 bonum,erit
763 2631 863 2704 glorio,
873 2631 901 2685 id
950 2645 999 2701 per
1006 2629 1191 2700 operationem
1199 2631 1339 2701 scriptum
1348 2646 1409 2686 esse
1426 2631 1458 2685 in
1474 2631 1747 2730 cordibussuisopur

103 2722 146 2770 eat
156 2714 203 2770 illa
217 2715 325 2772 claritas
336 2720 364 2774 et
380 2717 478 2785 bonor,
490 2719 554 2790 quia
568 2719 638 2775 iuter
648 2719 824 2775 honorabiles
835 2719 898 2786 erit;
952 2718 1029 2789 lepis,
1041 2717 1193 2774 deserendo
1212 2718 1747 2785 mala,adhaerendobon1shocenim

103 2806 133 2858 ct
145 2819 216 2876 pue,
232 2804 260 2859 id
275 2813 317 2860 est
328 2805 356 2860 in
370 2805 459 2880 gloria
470 2807 611 2864 ethonore
626 2809 751 2863 diuturna
765 2808 900 2880 tranquil·
951 2813 992 2861 est
998 2820 1090 2908 opus
1101 2806 1182 2879 legis,
1197 2805 1335 2862 declinare
1350 2822 1366 2863 a
1381 2806 1453 2861 malo
1476 2815 1503 2862 et
1519 2807 1612 2864 lacere
1630 2808 1745 2863 bonum.

104 2888 177 2946 litas.
208 2893 277 2949 Vere
294 2894 389 2950 Judaeo
417 2903 443 2950 et
466 2896 561 2967 gentili
576 2892 787 3036 ιἰῶιιιειιιειὲ
794 2890 902 2973 dtiirpia
950 2873 1131 2987 Quodsiper
1150 2895 1241 2967 legem
1260 2895 1409 2951 naturalem
1427 2911 1481 2950 non
1504 2895 1615 2952 creditis
1630 2896 1748 2969 gentiles

105 2979 242 3052 gloria,'
221 2997 244 3036 ει
260 2981 430 3039 solummodo
444 2984 524 3052 bene·
521 2966 638 3057 εἰιὰιῖι
649 2965 756 3042 sint-:-
899 2968 1060 3052 wadiari,
1078 2969 1145 3038 ἱιιιιὶι
1158 2983 1210 3039 hoc
1220 2983 1436 3040 salutemeornm
1450 2984 1577 3056 impedit;
1588 2985 1651 3056 quia
1661 2986 1747 3042 indic

138 3069 206 3124 Nam
220 3070 296 3143 apud
304 3072 391 3128 Deum
404 3078 515 3130 nonest
531 3075 656 3146 acceptio
670 3082 902 3148 personarum,ut
950 3086 1014 3127 cum
1013 3071 1170 3169 judicabit
1187 3073 1271 3138 Deus,
1291 3072 1432 3143 apparebit
1449 3088 1519 3144 opus
1529 3073 1743 3144 legisscriptum

101 3157 226 3214 tudaeum
241 3158 312 3216 male
331 3168 480 3233 agentern
470 3161 600 3244 ·seleet,··
590 3162 665 3251 quit
678 3159 775 3242 h‘abnlt
785 3151 905 3241 legem
911 3143 1211 3243 bdammnotdlbus
1220 3175 1326 3216 eorum
1336 3161 1446 3216 Tunein
1462 3161 1561 3217 illodie
1578 3161 1747 3218 conscientia

100 3246 232 3318 gentilem
248 3249 317 3305 bene
339 3231 634 3323 meritum-reprobus
652 3244 788 3322 quianon
803 3251 854 3306 luit
867 3228 1749 3322 ue-1tps'0ruli,quarumomniouspatamuer(ruremmsngu

103 3348 188 3391 carne
217 3336 343 3404 Abrabae,
372 3338 450 3407 cujus
477 3336 560 3394 fidem
597 3338 694 3395 melius
723 3347 765 3395 est
790 3339 898 3408 imitari,
949 3335 1038 3392 lorum
1053 3335 1127 3392 1⁸1
1140 3352 1225 3408 opera
1243 3337 1369 3393 omnibus
1391 3338 1483 3410 palam
1503 3340 1603 3409 eumont)
1613 3337 1747 3395 reddente

105 3439 187 3495 quam
202 3424 237 3479 ab
258 3440 291 3481 eo
319 3425 419 3483 lineam
447 3427 558 3501 generis
585 3428 710 3496 lrabere;
740 3444 801 3485 cum
823 3428 901 3484 multi
950 3424 1004 3480 illis
1020 3425 1204 3481 testimonium
1227 3425 1353 3482 debonis
1372 3426 1510 3483 seumalts
1528 3443 1589 3499 quae
1608 3425 1743 3483 lecerunt.

103 3511 140 3568 de
168 3513 317 3569 abrahami
340 3529 432 3585 carne,
457 3516 595 3587 ingentes
619 3516 786 3583 transierint,
824 3517 901 3572 multi
950 3513 1048 3569 llultos
1063 3513 1135 3569 enim
1151 3522 1235 3569 testes
1250 3522 1315 3570 tuno
1339 3514 1486 3583 habebunt,
1501 3531 1563 3571 cum
1579 3515 1748 3573 conscientia

103 3616 169 3659 vero
183 3602 217 3658 de
232 3603 370 3676 gentibus,
395 3602 476 3660 fidem
491 3605 607 3661 Abrabae
632 3605 772 3674 imitando,
798 3621 828 3661 εε
856 3604 900 3660 ιιι-
950 3616 1044 3658 eorum
1058 3602 1159 3657 nemini
1173 3601 1363 3672 occultabitur,
1381 3613 1408 3658 et
1423 3604 1490 3660 sicut
1505 3604 1539 3659 de
1549 3603 1688 3675 operibus,
1707 3605 1747 3662 sic

103 3704 174 3761 gnos
201 3691 427 3761 promissionibus
437 3692 555 3749 Abrahae
566 3692 687 3760 fecerint,
704 3701 731 3748 et
745 3693 771 3747 in
791 3693 901 3749 Judaeos
949 3691 1125 3747 conscientie
1139 3706 1231 3746 eornm
1249 3691 1384 3748 reddente
1399 3693 1459 3748 illie
1469 3694 1664 3750 testimonium
1674 3693 1750 3764 cogi·

103 3778 217 3850 reputati
244 3780 297 3834 sint
313 3786 342 3834 ut
357 3779 499 3852 proselyti.
524 3780 625 3837 Probat
652 3782 804 3837 Deumnon
832 3782 901 3838 acci·
950 3778 1090 3845 tatiouum,
1106 3779 1246 3852 quiasicut
1268 3795 1361 3852 opera,
1379 3780 1418 3837 sic
1433 3779 1651 3850 justificabuntur
1665 3781 1746 3838 etiam

104 3881 172 3937 pere
186 3881 331 3938 personam
352 3868 499 3924 Judaeiseu
522 3868 652 3942 gentilis;
669 3869 731 3942 quia
755 3877 900 3944 utrumque
949 3867 1077 3940 cogitata.
1107 3868 1306 3940 cogitationum
1339 3869 1401 3925 dico
1420 3870 1606 3926 accusantium
1633 3884 1692 3936 eos,
1723 3869 1747 3925 si

101 3954 241 4024 judicabit,
259 3963 285 4011 ει
304 3956 415 4011 modum
428 3956 524 4027 judicii
547 3956 628 4013 loturi
644 3958 670 4013 in
695 3966 840 4031 utrumque
854 3975 901 4015 ex·
951 3956 1028 4012 malae
1040 3956 1108 4025 sint;
1119 3957 1258 4013 autetiam
1273 3957 1539 4023 defendentiumeos,
1550 3957 1573 4013 si
1588 3959 1666 4014 bonae
1681 3946 1744 4014 sint:

104 4044 190 4116 ponit,
201 4044 311 4122 diceus:
322 4045 393 4101 Vere
403 4045 479 4118 apud
489 4047 577 4103 Deum
587 4063 645 4102 non
654 4051 697 4104 eat
705 4049 831 4120 acceptio
839 4064 900 4121 per·
950 4044 1038 4101 ethoo
1053 4044 1124 4100 inter
1148 4061 1187 4112 se,
1200 4045 1263 4118 quia
1281 4062 1342 4117 quae
1365 4046 1434 4101 mala
1448 4045 1558 4114 fuerint,
1575 4047 1745 4103 accusabunt

104 4147 240 4189 tonorum
255 4153 265 4200 ,·
280 4134 343 4206 quia
355 4133 457 4203 iudicat
467 4150 573 4202 omnes,
593 4142 683 4192 eleos
697 4135 813 4208 quisine
827 4136 899 4207 lege,
949 4131 1020 4188 bona
1027 4140 1054 4189 et
1067 4133 1184 4190 invicem
1196 4152 1203 4200 3
1220 4134 1285 4206 quia
1294 4134 1447 4191 econtrario
1463 4135 1533 4191 bona
1547 4133 1747 4207 impugnabunt

105 4226 133 4277 ει
147 4235 195 4276 eos
209 4221 255 4294 qui
265 4222 292 4276 in
301 4222 362 4295 lege
371 4230 442 4278 sunt.
451 4224 616 4296 Quicunque
627 4225 703 4280 enirn
712 4229 901 4296 peccauerunt
949 4221 1032 4276 mala.
1044 4222 1108 4277 Haec
1121 4237 1215 4294 pugna
1233 4220 1277 4276 fiet
1291 4222 1392 4289 inillis,
1404 4239 1520 4295 quorum
1534 4223 1607 4280 bona
1622 4222 1665 4279 vel
1674 4223 1747 4279 mala

104 4309 166 4366 tine
182 4311 249 4381 lege,
264 4309 343 4366 idest
357 4326 411 4366 non
435 4311 566 4368 babentes
585 4310 675 4384 legem
693 4312 832 4384 scriptam,
847 4312 900 4384 ipsi
949 4307 1051 4366 incerta
1065 4317 1144 4377 sunt;
1160 4309 1210 4366 sed
1244 4311 1272 4366 iu
1296 4311 1394 4382 quibus
1413 4311 1484 4366 bona
1505 4311 1564 4367 sine
1583 4310 1747 4366 admistione

103 4398 237 4471 peribunt
251 4399 312 4456 elne
327 4400 394 4473 lege,
412 4399 440 4455 id
449 4407 492 4455 est
500 4400 702 4456 damnabuntur
716 4416 771 4457 non
787 4402 821 4457 de
834 4393 936 4473 prm-D
951 4398 1087 4453 malorum
1101 4407 1173 4454 certa
1188 4405 1259 4466 sunt,
1277 4407 1305 4454 ut
1319 4400 1346 4453 in
1363 4399 1474 4466 sanetis,
1491 4407 1518 4455 et
1532 4399 1666 4472 inquibus
1674 4400 1747 4455 mala

103 4486 271 4544 varicatione
285 4487 392 4559 scriptae
406 4487 486 4560 legis,
503 4488 552 4544 sed
573 4496 676 4544 tantum
687 4490 826 4545 naturalis.
844 4490 901 4546 Hoc
951 4486 1010 4542 sine
1024 4485 1169 4559 refrigerio
1180 4488 1311 4543 bonorum
1327 4495 1400 4543 certa
1416 4494 1489 4556 sunt,
1505 4496 1534 4542 ut
1548 4487 1575 4542 in
1595 4487 1673 4543 valde
1684 4503 1747 4543 ma-

104 4575 139 4631 de
153 4574 302 4647 gentilibus
315 4575 417 4632 dictum
433 4584 484 4642 est,
501 4578 698 4650 etquicunque
713 4582 900 4651 perseverunt
950 4574 994 4644 lis,
1005 4574 1033 4629 in
1046 4575 1088 4629 his
1103 4591 1158 4630 non
1177 4575 1228 4631 erit
1244 4575 1427 4632 accusationis
1449 4576 1529 4645 hujus
1545 4576 1587 4632 vel
1612 4575 1747 4632 defensio

104 4664 137 4720 in
150 4665 217 4737 lege,
229 4664 257 4721 id
266 4671 308 4721 est
317 4665 449 4721 babentes
457 4665 548 4738 legem
558 4665 697 4736 scriptam,
708 4666 901 4738 utJudaei,ipsi
950 4663 993 4718 nis
1003 4663 1155 4720 colluctatio
1173 4678 1179 4718 :
1196 4664 1245 4719 sed
1258 4672 1329 4720 certa
1345 4664 1429 4732 salus,
1446 4664 1524 4720 valde
1547 4664 1641 4730 bonis3
1662 4664 1746 4720 indu-

105 4752 362 4827 iudlcobunturper
375 4755 471 4826 lepem,
479 4753 506 4808 id
517 4752 824 4825 estdepraevaricatione
832 4756 901 4812 datae
950 4750 1034 4806 bitata
1048 4751 1196 4818 damnatio,
1212 4752 1293 4807 valde
1307 4751 1387 4807 malis
1404 4752 1478 4809 :boo
1507 4761 1598 4808 autem
1624 4752 1749 4809 testimo·

102 4840 173 4915 legis
188 4841 315 4911 adjuncta
329 4842 448 4915 peccatis
460 4858 556 4899 eorum
579 4841 788 4899 damnabuntur.
805 4843 900 4916 Oppo-
949 4838 1025 4895 nium
1039 4855 1152 4910 operum
1168 4847 1194 4895 et
1210 4840 1403 4913 cogitationum
1420 4841 1514 4897 reddet
1528 4841 1582 4896 illis
1598 4856 1646 4896 sua
1662 4857 1747 4897 cons-

104 4938 183 4986 ueret
206 4929 325 4996 Judaeus,
349 4931 413 4988 licet
427 4938 616 5005 transgressus
639 4931 666 4986 in
689 4931 854 5006 legemem,
871 4949 901 4988 se
949 4927 1079 4986 cientiain
1090 4928 1134 4984 die
1142 4928 1261 4985 illorum
1266 4929 1488 5000 judicabitlleus
1498 4930 1748 4987 occultuomniunr

103 5023 196 5074 tamen
219 5034 274 5074 non
298 5018 431 5089 damnari,
451 5019 500 5074 sed
527 5019 692 5091 parcendum
715 5020 768 5076 sibi
791 5036 807 5077 a
830 5021 899 5077 Deo.
950 5016 1143 5085 neminemid
1152 5016 1302 5072 estincerta
1311 5017 1457 5072 eorumvel
1470 5017 1593 5073 bonavel
1602 5017 1684 5072 mala.
1697 5018 1747 5073 Ju-

104 5105 265 5163 Coutrahoc
279 5107 377 5163 Paulus
393 5125 400 5162 ε
417 5108 490 5163 Vere
500 5107 632 5163 babentes
643 5108 733 5181 legem
746 5109 901 5181 dapeccato
950 5103 1050 5160 dicabit
1067 5103 1160 5175 utique
1168 5120 1221 5176 per
1242 5105 1337 5160 Iesum
1350 5104 1504 5172 Cinctum,
1528 5106 1574 5177 qui
1586 5106 1748 5162 constitutus

102 5193 304 5267 iudicabuntur,
320 5196 449 5268 quoniam
474 5196 550 5267 opud
565 5197 722 5254 Deumnon
736 5205 799 5253 suut
808 5198 875 5268 justi
892 5216 899 5264 ;
950 5191 1082 5261 estjuder
1103 5192 1222 5247 omnium
1233 5193 1388 5249 secundum
1402 5196 1586 5266 Euangelinm
1603 5209 1709 5262 meum,
1721 5194 1749 5249 id

104 5290 131 5339 ει
145 5283 168 5338 si
186 5284 257 5355 apud
276 5284 400 5340 homines
415 5292 592 5339 revereantur
610 5287 754 5344 auditores
776 5287 856 5358 lepis,
873 5285 900 5341 id
949 5288 991 5336 est
1003 5280 1153 5336 secundum
1164 5281 1236 5352 quod
1248 5297 1301 5353 ego
1315 5282 1608 5353 annuntio,quiaDeus
1617 5282 1750 5353 peerri·

105 5380 147 5428 est
161 5372 207 5443 qui
223 5372 393 5429 solummodo
408 5372 499 5445 legem
518 5374 672 5442 audieruut,
689 5391 741 5432 uec
755 5390 816 5432 eam
830 5390 900 5446 ope·
949 5376 1021 5425 stum
1032 5369 1165 5438 judicabit
1180 5369 1282 5427 omnia.
1303 5371 1429 5426 Probarit
1447 5370 1577 5441 gentilem
1592 5385 1673 5442 posse
1689 5371 1748 5426 sal-

104 5459 158 5521 reti
178 5468 240 5516 sunt
253 5470 282 5520 ut
295 5462 392 5531 tudaei,
403 5461 450 5520 ced
464 5465 587 5537 factores
604 5464 681 5538 lepis,
698 5464 755 5521 sive
769 5480 832 5521 eam
849 5477 900 5520 au·
948 5456 1187 5529 connaturaliter,
1205 5457 1350 5518 lactentem
1364 5474 1434 5530 opus
1449 5457 1557 5529 scriptae
1568 5457 1649 5535 legis.
1667 5459 1748 5520 Nunc
