3742 5986
100 177 154 232 bot
270 190 272 194 ’
381 109 952 230 s.aaaN01ttscA1trnusmaoaurt
969 152 1212 218 msrttutoms
1231 151 1308 212 OPP.
1328 150 1418 210 PARS
1435 151 1470 207 11.
1701 148 1754 204 tit

101 302 212 366 sancto,
224 298 280 353 sios
290 297 448 369 pervitam,
474 296 531 351 sivo
544 309 595 367 per
615 294 747 348 mortem.
761 280 901 345 Est'enim
914 284 1042 346 Alacro.
1065 283 1166 339 Omnes
1183 281 1244 336 sint
1260 279 1412 364 petitiones
1439 273 1657 360 omhoe'polnm
1674 271 1753 356 opud

102 368 175 426 mihi
189 369 290 432 oioem,
307 370 368 422 cito
382 368 413 422 in
430 366 550 432 Christo,
567 368 595 420 et
608 364 682 418 mori
695 361 830 433 goudium
845 357 900 425 (uel
953 356 1052 420 Deam,
1067 356 1096 408 et
1110 356 1198 408 estote
1213 351 1291 420 firmi
1303 367 1336 435 in
1349 364 1434 404 sensa
1450 346 1565 410 Cicuta
1581 348 1688 426 etqua
1703 358 1752 398 rn-

103 439 238 508 laccnm).
267 439 302 492 at
325 438 441 509 ipsein
464 437 537 492 vobis
560 435 648 507 societ
675 428 900 488 misericordiam
955 428 1043 496 tepeo.
1063 427 1095 507 et
1117 438 1193 488 occo,
1217 425 1249 507 et·
1266 420 1380 493 pudico,
1397 421 1425 473 et
1449 421 1539 501 emto,
1556 418 1584 471 et
1603 416 1699 496 justo,
1721 415 1754 495 'et

101 525 194 574 suom,
205 511 239 564 nt
254 507 379 563 eumdem
390 507 569 562 dilectionem
580 503 705 559 habentis
715 505 744 557 et
753 501 819 556 sitis
828 513 901 553 nnc·
953 494 1088 551 amabilia
1102 496 1181 576 sunt,
1190 494 1287 563 locate
1299 493 1406 575 litque
1414 487 1572 543 oudntrset
1586 486 1751 556 accepistis,

102 581 204 636 nimos.
222 580 300 648 lirqo,
317 577 505 645 dilectissimi,
522 579 556 631 nt
571 573 694 630 cadatis
716 568 900 644 praeentiam
952 567 986 622 in
999 564 1083 648 corde
1095 565 1332 630 retractationi
1347 560 1494 629 uobiscum.
1512 557 1645 640 Salutate
1654 569 1753 610 omnes

101 650 215 708 Domini
236 649 279 703 ita
293 648 416 703 retinete
432 652 460 702 et
488 646 561 702 acite
576 648 608 701 in
619 645 721 700 timore
731 642 790 706 Dei,
802 642 831 696 cl
845 639 901 694 erit
953 639 1059 706 tratres
1072 650 1105 688 on
1114 633 1208 689 osculo
1218 635 1327 688 sancto.
1338 630 1473 686 Salutem
1483 643 1529 712 nos
1539 629 1634 682 sancto
1643 640 1752 710 omnes.

101 721 177 776 cobis
191 690 250 774 vi'tu
263 717 296 772 in
307 723 457 774 aternum.
469 649 518 772 get
529 718 606 772 enim
620 717 694 770 Deus
708 714 756 785 qui
766 713 901 783 operatur·
955 706 1053 762 Gratia
1080 704 1195 760 Domini
1220 703 1313 759 nostri
1338 701 1404 756 lesa
1425 696 1539 784 ‚Cbcnti
1565 711 1632 779 cum
1647 698 1755 767 sperata

102 791 135 847 in
149 789 434 859 uobisetsocitosine
448 790 577 843 retractu
591 786 900 857 velpeccotoquoecun-
952 780 1055 832 oestro.
1082 776 1119 830 lit
1155 775 1228 829 hono
1257 773 1345 843 facite
1377 771 1432 841 leps
1470 765 1689 831 Colossensibus,
1725 768 1753 821 et

102 875 155 933 qno
176 859 285 929 fucitis.
314 859 349 912 at
372 857 445 930 qnod
473 861 516 913 est
540 858 690 928 optimum,
714 850 902 931 dilectissimi,
955 845 1161 905 colossensium
1177 843 1260 900 noim.

102 928 221 1002 gaudete
235 929 268 983 in
284 928 403 996 Christo,
415 932 444 983 et
457 930 613 1000 praecavete
623 924 749 983 sordidos
764 936 861 978 omncs
871 936 904 974 in
1061 929 1135 970 rmts
1148 925 1341 970 arrsronsamt
1355 925 1382 966 a.
1397 922 1478 966 raons
1492 922 1638 964 ancarana.

105 1067 1130 1101 .........-....--..-.-------—-—··

171 1199 293 1258 4¹⁵
315 1205 726 1301 HEGATOSTIGHON
755 1195 1119 1293 APOLOGDTIGUM
1147 1197 1192 1285 D·
1219 1194 1385 1286 taccat
1403 1192 1687 1284 HIERONYMI

538 1351 789 1434 canamus
816 1364 1071 1429 rAmsmusrs
1095 1363 1270 1439 anuum,

107 1520 175 1593 Quo
190 1518 323 1581 Phrasin
338 1518 375 1579 B.
393 1517 559 1593 Baunoms,
577 1534 647 1599 quae
661 1517 782 1578 nasutis
797 1514 945 1576 humilior
958 1515 1103 1577 videatur
1117 1532 1135 1574 a
1150 1513 1304 1576 calumnia
1317 1511 1467 1588 defendit,
1484 1517 1516 1574 et
1529 1512 1758 1575 sententiarum

662 1595 803 1676 pondera
816 1595 905 1658 laneo
924 1594 1011 1673 justa
1032 1593 1192 1675 appendit.

105 1882 174 1954 Quis
188 1897 276 1940 noras
289 1880 449 1938 harmonico
463 1879 586 1937 mulcens
601 1878 720 1935 stridore
735 1877 844 1952 lyristes
918 1877 1073 1949 BAllluite,
1090 1883 1213 1933 errantes
1227 1874 1287 1948 (ait)
1302 1882 1383 1948 atquo
1395 1874 1495 1944 audite,
1511 1875 1614 1947 tenelli,

140 1971 321 2045 Allobrogum
335 1969 412 2044 longi
427 1984 492 2026 saxa
506 1968 604 2025 nivosa
614 1967 674 2039 jugi
992 1967 1059 2023 Cum
1073 1965 1159 2038 lyrico
1174 1964 1283 2022 Domini
1298 1981 1365 2036 rege
1379 1965 1485 2022 docebo
1498 1959 1613 2022 metum.

104 2061 275 2118 Transiliens
288 2059 383 2127 colles,
400 2057 502 2114 saliens
516 2057 544 2112 in
558 2055 718 2113 montibus?
732 2055 756 2112 Ο
770 2070 852 2128 quam
957 2055 1005 2112 Ille
1019 2071 1072 2128 ego
1087 2055 1134 2128 qui
1146 2053 1252 2110 maleus
1265 2053 1416 2110 inhonorus
1431 2053 1581 2111 honoribus
1593 2054 1661 2112 illuc

141 2150 194 2205 Per
208 2148 307 2205 coelum
321 2147 423 2203 auritas
438 2162 519 2203 omne
533 2152 655 2201 moratur
669 2159 744 2214 areS,
992 2143 1106 2211 Cedere,
1123 2159 1177 2216 quo
1190 2143 1304 2216 puppim
1317 2142 1436 2198 numinis
1452 2158 1518 2199 aura
1533 2151 1622 2201 vocat.

107 2236 163 2293 Ore
179 2252 284 2302 senem,
299 2236 373 2292 cultu
388 2235 528 2307 macieque
542 2232 682 2305 protessus
697 2249 830 2301 eremum,
958 2232 1054 2289 Parisii
1066 2232 1169 2288 mundo
1183 2230 1330 2305 profugum
1344 2247 1424 2305 quero
1438 2231 1555 2304 perpulit
1571 2233 1670 2290 horror

142 2324 178 2379 Et
192 2323 259 2378 nihil
275 2323 380 2396 agresti
394 2323 503 2395 pectine
517 2329 627 2395 agreste
642 2321 760 2378 sonansl
854 2351 858 2358 ,
992 2320 1247 2391 416Funeris,
1257 2328 1286 2376 ut
1296 2320 1359 2377 coeli
1367 2321 1640 2392 haecseptimusastra
1646 2339 1760 2398 sequar.

107 2414 194 2469 Frons
213 2419 306 2468 erecta
320 2411 385 2484 polo
407 2419 458 2479 est,
473 2411 590 2484 pedibus
614 2410 753 2469 calcantur
777 2411 906 2481 honores,
958 2411 1038 2467 Astra
1053 2410 1153 2465 dedere
1167 2409 1248 2476 riam,
1266 2409 1321 2466 diri
1336 2409 1455 2466 arrisere
1470 2416 1509 2466 tot
1524 2425 1586 2468 esse

145 2501 293 2573 Septeuum
308 2501 335 2556 in
350 2500 447 2573 capitis
461 2500 563 2558 vertice
577 2500 653 2556 sidus
666 2499 747 2557 inest.
994 2498 1088 2569 Miltia,
1104 2498 1144 2555 sic
1158 2497 1247 2555 hamis
1261 2498 1432 2570 illaqueanda
1446 2498 1524 2555 meis.

109 2588 223 2647 Deliciis
236 2590 367 2662 mollique
379 2597 441 2645 toro
455 2605 537 2646 nemo
550 2596 646 2661 arguet
660 2605 748 2658 usum,
961 2587 1008 2644 His
1022 2603 1091 2661 agor
1104 2586 1243 2658 auspiciis.
1260 2587 1316 2646 Ceu
1331 2602 1383 2644 vox
1400 2587 1542 2644 clamantis
1556 2605 1661 2660 eremo,

145 2679 204 2734 Nec
219 2677 367 2749 quidquam
381 2692 398 2733 a
412 2678 509 2733 studiis
524 2684 551 2734 et
562 2677 663 2749 pietate
677 2693 788 2734 vacans.
996 2675 1108 2732 Pertaesi
1122 2675 1252 2731 mundum
1267 2682 1359 2731 sterno
1374 2676 1503 2732 tonantis
1516 2676 1579 2733 iter.

108 2767 172 2822 Non
186 2781 284 2821 aurum
299 2764 386 2837 digiti,
402 2782 453 2822 nec
467 2765 548 2821 habet
562 2765 619 2838 lyra
633 2765 679 2821 dia
694 2765 867 2838 smaragdos,
960 2764 1087 2837 Baptista
1101 2764 1257 2836 reparando
1271 2763 1330 2819 vias
1344 2763 1512 2837 disjectaque
1527 2767 1663 2838 membra,

145 2853 204 2910 Neo
218 2852 310 2909 lucum
324 2853 493 2925 allophylum
509 2860 600 2909 sancta
616 2868 731 2911 camena
743 2855 820 2926 petit.
997 2853 1094 2909 Castra
1108 2851 1317 2924 monoptolemis
1331 2852 1437 2927 singida
1451 2854 1540 2911 condo
1555 2855 1635 2913 meis.

111 2943 170 2999 Nec
184 2941 237 2997 sihi
250 2941 385 2998 calvitiem
400 2957 481 2998 sacra
495 2941 673 2999 veridicentia
687 2942 762 3010 texit,
961 2943 1078 2998 Deserto
1092 2941 1201 2997 deserta
1214 2942 1304 3013 placet
1318 2941 1461 2998 carthusia
1474 2943 1592 3012 Christo,

147 3031 206 3088 Nec
220 3029 318 3087 calami
333 3037 431 3086 stratas
446 3037 535 3101 captat
550 3029 584 3086 ab
598 3039 655 3087 arte
670 3045 773 3087 comas.
997 3029 1111 3087 Tuscala
1125 3028 1169 3087 cui
1182 3029 1294 3085 laudum
1309 3037 1389 3087 nocte
1404 3031 1502 3105 dieque
1516 3032 1613 3090 calent.

112 3114 190 3177 Alter
204 3134 239 3174 an
254 3118 400 3190 Amphion,
417 3118 554 3177 redivivus
576 3133 612 3174 au
634 3118 751 3190 inclytus
774 3117 911 3194 Orpheus,
962 3117 1039 3176 Invia
1052 3117 1220 3192 Psalmologi
1234 3118 1344 3175 deserta
1358 3119 1546 3193 inaquosaque
1561 3129 1636 3179 terra
1648 3132 1701 3195 est,

149 3207 289 3264 illecebra
302 3207 396 3264 neruis
410 3207 495 3263 surda
511 3207 646 3264 elementa
660 3208 781 3276 trahens,
925 3238 950 3301 θ
999 3207 1058 3276 Qua
1072 3214 1163 3278 pateat
1177 3208 1263 3264 virtus
1277 3207 1419 3280 gloriaque
1434 3208 1504 3265 alma
1519 3210 1581 3267 Dei.

115 3295 270 3354 destituens
286 3311 407 3364 sensum,
425 3296 524 3368 quibus
539 3297 612 3354 hunc
628 3306 724 3352 natura
737 3297 872 3373 negavit?
964 3296 1041 3354 Unde
1056 3295 1218 3352 columbinis
1234 3296 1313 3354 aride
1327 3296 1414 3353 latera
1427 3297 1537 3355 iustruit
1551 3299 1611 3371 alis,

151 3386 193 3441 Aa
209 3383 266 3455 lyra
281 3391 383 3441 naturae
398 3385 497 3441 robore
511 3386 598 3455 majus
612 3386 720 3442 habeti
1000 3385 1093 3442 Discat
1105 3392 1134 3441 ut
1145 3386 1200 3443 huc
1214 3384 1322 3459 lugiens
1336 3402 1420 3459 seque
1434 3387 1547 3460 Deoqua
1562 3388 1626 3446 irai.

117 3470 226 3547 Oppida
237 3472 294 3542 iam
307 3480 402 3544 putent
415 3474 528 3542 inculta,
543 3474 642 3530 arridet
657 3491 776 3532 eremus.
964 3473 1110 3546 Discipulis
1125 3474 1221 3531 eadem
1235 3474 1322 3530 tribus
1336 3475 1396 3532 hac
1408 3475 1437 3531 in
1451 3486 1543 3534 monte
1558 3477 1666 3536 refulsit

152 3561 224 3616 Dum
236 3560 326 3617 fremit
341 3577 480 3617 armorum
493 3563 600 3618 turbine
614 3564 733 3619 mundus
747 3565 842 3620 hebes.
1000 3562 1104 3629 Gloria,
1120 3579 1174 3636 quo
1187 3562 1244 3619 lieri
1259 3563 1315 3620 vult
1328 3564 1381 3620 tria
1395 3573 1486 3622 castra
1499 3567 1607 3624 Petrus.

116 3645 189 3701 Dum
201 3654 254 3701 tam
270 3653 349 3718 grata
363 3654 462 3702 canunt
477 3647 586 3719 superis
601 3647 725 3720 epinicea
740 3648 825 3716 silva,
965 3652 1084 3707 cernere
1099 3652 1244 3709 Zaocbaeus
1257 3667 1308 3724 per
1322 3653 1430 3709 turbam
1443 3654 1530 3711 nescit
1543 3656 1656 3714 lesum:

153 3733 346 3806 angelicisque
360 3734 473 3806 opplent
486 3735 560 3791 invia
574 3735 661 3791 lustra
674 3736 775 3804 choris,
1002 3740 1060 3807 Cui,
1074 3740 1165 3796 Turba
1179 3740 1350 3813 opprimeris,
1366 3741 1547 3816 discipulique
1562 3753 1674 3803 mount.

60 3863 64 3871 ,
103 3823 211 3879 blilitet
226 3830 255 3877 ut
270 3829 363 3878 sancto
374 3823 433 3893 J'am
447 3823 536 3879 omnis
549 3824 672 3881 doctrina
686 3826 794 3897 parenti
966 3828 1021 3894 Sic,
1037 3829 1180 3898 monache,
1197 3827 1288 3885 infesti
1301 3829 1409 3902 lugiens
1423 3832 1559 3889 contraria
1573 3833 1678 3903 mundi,
1734 3842 1737 3847 ’

154 3908 277 3980 Spiritui,
293 3917 405 3966 vertens
420 3911 498 3982 signa
513 3912 631 3984 aquilina
645 3913 728 3969 cruci.
1001 3916 1113 3973 Naviter
1127 3916 1251 3974 effectum
1266 3918 1384 3975 nominis
1397 3919 1477 3989 huius
1491 3920 1573 3978 habe.

118 3996 142 4054 0
158 3997 266 4052 videam
279 3997 399 4054 charites
414 3998 506 4055 Chisto
521 4001 657 4056 connubia
670 4009 773 4072 pactas,
966 4006 1055 4062 Hasce
1067 4005 1149 4077 igitur
1163 4013 1256 4078 partes
1270 4006 1336 4062 mihi
1350 4007 1489 4080 delegavit
1503 4010 1594 4078 lesus,

155 4087 244 4157 Atque
258 4085 353 4141 eadem
369 4094 458 4142 castas
473 4085 577 4144 ioedera
592 4088 752 4147 castalides.
1002 4094 1136 4166 Asperula
1150 4094 1177 4150 in
1191 4095 1288 4166 planas
1303 4102 1428 4153 sternere
1441 4097 1529 4154 lustra
1542 4099 1610 4158 vias.

119 4173 177 4229 lmo
191 4173 260 4229 adeo
274 4181 385 4230 cunctas
400 4173 508 4231 deserto
522 4175 652 4234 Helicone
667 4178 775 4250 videbo,
967 4181 1087 4255 Laeriget
1098 4189 1126 4237 ut
1140 4182 1248 4239 Christo
1263 4183 1365 4257 rigidtm
1379 4184 1537 4242 citharaedia
1550 4187 1636 4245 saltas
1651 4203 1659 4245 :

155 4261 263 4318 Deserti
279 4260 411 4319 fabricam
423 4263 534 4337 jamque
548 4265 638 4323 levare
653 4267 726 4323 novi.
1003 4269 1106 4327 htilitiae
1120 4270 1219 4327 tollens
1231 4271 1277 4327 hio
1291 4287 1362 4329 nova
1377 4273 1457 4345 signa
1470 4273 1532 4346 piae.

119 4349 262 4406 Alternum
277 4350 393 4408 miscere
407 4352 494 4409 melos
509 4354 559 4409 suh
574 4355 685 4412 nomiae
700 4356 810 4426 Christi,
967 4358 1050 4416 Nulla
1063 4359 1252 4415 madaurensis
1266 4359 1372 4416 Milesia
1387 4361 1519 4419 habemus
1534 4363 1621 4421 aselli.

155 4438 208 4494 Per
223 4438 354 4510 templum
368 4439 458 4497 bilidis
473 4458 488 4498 e
502 4442 616 4516 regione
630 4444 729 4503 choris.
1003 4447 1085 4504 Nulla
1098 4448 1267 4519 Lycambaeae
1281 4449 1391 4505 conscia
1406 4450 1461 4507 tela
1474 4450 1560 4508 necis.

118 4526 178 4583 Nec
192 4526 280 4583 tacitis
294 4528 371 4584 cellis
385 4529 471 4586 deerit
485 4532 647 4603 symphonia
661 4532 782 4604 psallens
970 4536 1082 4593 Semina
1096 4535 1195 4593 divina
1209 4536 1275 4592 mibi
1290 4546 1352 4593 sunt
1366 4538 1505 4595 uberrima
1521 4539 1646 4610 flamma,

156 4614 268 4686 Spiritu,
285 4622 312 4670 et
326 4616 438 4674 alterna
452 4618 533 4675 lectio
545 4620 637 4688 juncta
649 4620 734 4691 preci.
928 4595 955 4656 Ῑ)
1005 4625 1109 4680 Derotc
1123 4625 1191 4679 nihil
1205 4632 1245 4681 est
1260 4625 1369 4697 dignius
1383 4627 1477 4684 otiolo.

119 4702 229 4760 Hiccine
245 4703 380 4771 carthusi,
397 4707 497 4775 Brunc,
514 4714 594 4779 caput
608 4707 722 4776 ordinis,
738 4708 803 4765 olim
968 4714 1070 4780 Erum,
1085 4713 1193 4786 gelidos
1208 4730 1357 4787 exsurgere
1372 4731 1442 4789 cogo
1454 4717 1598 4787 iacentes3

156 4791 265 4848 Clarum
280 4793 467 4865 agiographia
482 4810 582 4850 nomen
596 4795 704 4852 inorbo
719 4813 829 4871 gerens,
1004 4803 1040 4858 Et
1054 4817 1125 4858 nunc
1140 4801 1295 4867 illecebras,
1312 4818 1507 4878 huncquoque
1522 4806 1576 4862 vim
1590 4806 1672 4864 facio.

121 4879 183 4948 Quo
198 4879 292 4936 schola
308 4881 477 4938 Francorum
492 4898 661 4954 nequaquam
685 4884 782 4941 invidit
795 4887 919 4960 Athenis,
968 4891 1047 4947 Nunc
1060 4890 1120 4963 lyra
1135 4890 1256 4959 Davidis,
1272 4905 1344 4947 nunc
1359 4893 1435 4948 Pauli
1450 4894 1565 4951 buccina
1578 4894 1662 4966 pleno

157 4968 310 5039 Rostraque
326 4969 447 5024 Romano
462 4970 500 5024 nil
514 4971 650 5028 theodoxa
665 4971 748 5030 torol
1006 4977 1059 5035 Ore
1074 4977 1182 5050 quidem
1197 4978 1264 5048 hac,
1281 4978 1373 5052 digitis
1388 4989 1535 5052 concrepat
1550 4982 1596 5038 illa
1611 4982 1691 5039 meis.

121 5054 194 5110 Ecce
209 5062 300 5111 movet
312 5056 440 5123 citharas,
457 5066 484 5113 et
497 5059 578 5114 naula
592 5061 753 5132 prophetica
765 5062 861 5120 ductor
971 5066 1044 5134 Hac,
1062 5066 1203 5132 Carthuse,
1220 5067 1267 5121 tibi
1283 5068 1350 5124 ratio
1366 5076 1408 5124 est
1421 5070 1582 5141 praecripta
1596 5070 1696 5127 silendi
1709 5092 1717 5140 ;

158 5139 268 5196 Ordinis
284 5150 311 5198 et
325 5143 388 5200 ritae
401 5160 522 5202 consona
536 5146 639 5218 plectra
653 5165 719 5205 suae.
1005 5154 1050 5221 Ut,
1066 5154 1194 5211 claudens
1207 5155 1311 5211 homini
1324 5156 1412 5223 labra,
1429 5158 1542 5229 loquare
1556 5159 1625 5216 Deo.

121 5229 286 5300 Exemplum
301 5229 465 5305 signumque
480 5234 537 5290 suis
551 5235 657 5292 illustre
672 5237 801 5310 relinquit
971 5240 1078 5314 Quippe
1087 5243 1122 5297 ad
1138 5258 1209 5308 eum,
1221 5244 1304 5300 Paulo
1318 5252 1364 5300 aut
1379 5246 1481 5301 Davide
1491 5247 1651 5320 interprete,
1662 5248 1716 5306 lari
1731 5258 1774 5308 cst

158 5319 266 5385 Vivere,
285 5326 311 5373 et
324 5319 443 5377 aethereo
457 5323 582 5395 Principe
597 5324 680 5396 digna
693 5326 777 5399 loqui.
1005 5331 1040 5386 iit
1051 5331 1156 5400 jactura
1170 5338 1245 5386 tuum
1259 5332 1331 5387 nulla
1346 5333 1427 5390 silere
1442 5334 1536 5407 quatit.

122 5406 294 5479 Compellare
308 5407 395 5464 viram
409 5411 593 5485 propriusque
606 5413 701 5470 audire
713 5415 828 5484 juvabit.
970 5419 1029 5475 Neo
1042 5420 1124 5476 Latiae
1137 5418 1257 5476 offendat
1270 5421 1372 5493 lingua
1387 5423 1537 5495 neglectior
1549 5441 1625 5494 usus,

156 5495 263 5569 Nempe
277 5496 341 5569 (nisi
355 5497 447 5555 auditu
459 5498 547 5574 fallor)
562 5509 589 5558 et
601 5501 662 5576 ipae
673 5510 762 5562 vocat.
1006 5507 1095 5566 Dictio
1109 5507 1133 5564 si
1147 5507 1217 5566 trita
1230 5518 1273 5567 eet
1285 5511 1409 5585 corporis
1425 5527 1505 5586 aqua
1517 5519 1599 5588 toga.
1659 5506 1662 5513 ’
