3750 5984
177 253 242 307 toll

617 250 646 306 S.
666 247 825 306 HUGONIS
842 246 954 305 EPlSC.
975 246 1137 305 LlNCOLN.
1158 246 1240 306 0111).
1261 247 1385 306 CARTH.

1769 249 1834 303 tota

174 374 358 431 indubitanter
374 374 511 446 pariturus
538 373 653 431 consilio
667 389 750 445 super
764 371 899 443 omnihus,
917 388 978 445 quae
990 374 1017 434 A
1031 372 1114 428 nebat
1128 372 1201 428 idem
1215 388 1292 429 more
1320 370 1432 444 nuptiali
1456 368 1614 427 solemniter
1639 369 1692 425 sibi
1716 369 1834 441 despon-

175 462 276 519 fuerint
301 464 378 534 juxta
411 463 451 520 rei
478 462 611 536 inquisitae
639 462 739 518 seriem
770 460 863 517 utilius
895 477 977 517 exse-

177 552 295 623 quenda.
323 572 334 601 ι

212 641 279 695 Τιιιιι
293 640 395 713 praesul
410 640 476 696 satis
500 639 678 705 admonitum,
704 639 731 694 in
746 638 788 694 his
808 638 900 694 verbis
915 654 978 694 eum

177 729 254 785 abire
277 729 437 800 permittens
454 747 461 784 ε
487 751 498 779 a
517 727 601 798 Scias,
620 728 714 800 inquit,
741 727 785 783 die
799 727 917 784 crastina
931 743 978 782 ex-

177 818 429 874 communicationis
438 817 570 873 senteutia
581 833 676 873 omnes
685 816 747 873 illos
758 816 862 872 anobis
878 816 978 872 solem-

176 907 246 962 nitor
260 922 292 963 ac
306 906 463 962 terribiliter
478 922 539 962 esse
551 905 689 961 feriendos
703 905 748 978 qui
759 905 838 975 hujus
852 905 915 959 mali
931 920 978 959 au·

177 1003 267 1052 ctores
282 995 434 1051 exstiterint
449 1002 495 1050 aul
512 994 641 1064 fautores,
659 995 681 1049 si
704 995 793 1048 miuus
809 993 888 1060 forte,
905 994 978 1066 quod

175 1084 324 1156 polliceris
337 1083 421 1140 fueris
432 1092 589 1141 exsecutus.
613 1107 624 1132 a
642 1083 686 1140 Sic
696 1082 888 1152 illedimissus,
906 1090 932 1137 et
943 1082 978 1137 ad

175 1189 241 1228 suos
254 1189 391 1240 reversus,
409 1172 494 1229 sterili
511 1188 662 1244 puerperae,
674 1187 734 1244 quae
749 1170 850 1226 audivit
865 1186 880 1225 a
893 1169 980 1241 ponti·

176 1261 237 1328 lice,
253 1262 296 1318 rel
312 1278 373 1333 quae
387 1260 508 1332 pontifici
523 1259 612 1317 retulit
631 1260 700 1331 ipsc,
724 1259 842 1315 seriatim
858 1257 976 1329 exponit.

175 1350 217 1406 Ad
232 1351 291 1406 haec
305 1350 360 1417 illa,
377 1349 535 1405 infrendens
545 1358 572 1404 et
585 1347 721 1404 infelicem
737 1347 812 1403 illum
827 1346 979 1418 procaciter

177 1439 337 1512 objurgans,
356 1434 446 1493 redire
456 1453 518 1494 eum
528 1437 563 1492 ad
572 1435 682 1492 fidelem
696 1436 884 1492 consiliarium
899 1435 977 1508 peni-

178 1536 221 1582 tus
235 1527 373 1582 dissuasit.
392 1524 446 1595 Qui
469 1526 538 1582 male
561 1525 738 1598 acquiescens
752 1524 888 1580 domitrici
911 1540 977 1594 suae,

177 1616 220 1672 cui
236 1616 332 1672 ordine
347 1622 515 1687 prepostero
530 1614 575 1670 diu
595 1621 772 1671 consueverat
786 1613 918 1679 ancillari,
935 1629 980 1668 ra-

1027 477 1099 530 sare,
1112 477 1270 533 praecavens
1281 461 1408 516 nimirum
1423 476 1458 516 ne
1477 459 1546 516 forte
1557 459 1678 532 qualibet
1687 459 1834 516 occasione

1026 551 1179 622 privaretur
1203 550 1263 605 talis
1285 549 1440 621 patrimonii
1464 548 1655 622 acquisitione.
1686 546 1771 617 Quod
1793 546 1835 603 ubi

1027 638 1143 693 innotuit
1156 639 1285 711 episcopo
1300 639 1358 711 (qui
1376 638 1497 710 generali
1514 636 1613 709 saepius
1628 637 1783 693 constituto
1797 636 1834 690 in-

1028 727 1152 782 hibuerat
1166 727 1254 782 aetatis
1268 727 1424 782 indiscreta
1447 725 1571 797 copulam
1594 724 1763 797 nuptialem)
1778 739 1835 780 mox

1028 817 1110 872 etiam
1126 815 1238 887 speciali
1253 815 1389 888 prohibuit
1410 815 1554 871 interdicto
1565 831 1600 871 ne
1614 814 1678 887 quis
1692 815 1834 885 presbyte-

1028 921 1121 961 rorum
1137 921 1185 960 seu
1200 904 1314 977 quilibet
1328 904 1449 959 fidelium
1470 903 1689 958 Christianorum
1706 902 1752 957 his
1767 917 1836 973 prae-

1029 993 1122 1049 sertim
1136 993 1238 1064 nuptiis
1251 1000 1431 1065 praesumeret
1445 992 1590 1048 interesse.
1606 991 1801 1063 Prospiciebat
1810 991 1834 1044 in

1028 1083 1081 1138 hoc
1095 1082 1209 1154 perenni
1223 1082 1304 1137 simul
1318 1088 1345 1137 et
1363 1081 1508 1153 temporali
1530 1080 1677 1136 multorum
1701 1079 1836 1134 indemni-

1029 1168 1086 1234 tati,
1118 1167 1265 1223 consulens
1287 1167 1368 1223 etiam
1395 1167 1449 1234 iuri
1473 1166 1620 1231 communi,
1650 1164 1784 1221 videlicet
1803 1181 1835 1220 ne

1029 1263 1090 1311 ante
1104 1254 1210 1327 plenius
1224 1255 1360 1327 cognitam
1374 1262 1402 1310 et
1420 1254 1570 1310 discussam
1591 1252 1632 1309 rei
1646 1253 1836 1322 huiuscemodi

1029 1345 1171 1400 veritatem
1185 1344 1213 1398 in
1236 1343 1349 1414 alicujus
1370 1343 1455 1414 partis
1477 1342 1666 1415 praejudicium
1682 1341 1737 1397 tale
1752 1341 1836 1397 inire-

1030 1440 1073 1488 tur
1087 1433 1261 1489 connubium.

1066 1526 1100 1577 nt
1114 1522 1245 1594 episcopo
1261 1521 1341 1578 citius
1355 1528 1417 1593 post
1431 1520 1667 1593 haecobquaedam
1683 1519 1837 1594 negotiand

1031 1626 1126 1684 regem
1147 1610 1175 1665 in
1198 1610 1352 1665 Nenstriam
1371 1608 1493 1682 profecto
1508 1608 1592 1682 1135),
1605 1616 1799 1665 conuenerunt
1812 1608 1836 1663 in

177 1705 248 1761 sedit
261 1705 344 1772 dorni,
369 1703 473 1760 cumen
500 1703 631 1773 adjiciens
654 1701 788 1759 mendacii
816 1701 980 1776 praecedenti
993 1699 1091 1792 Briso
1107 1700 1225 1771 quodam
1240 1698 1378 1755 remotiori
1390 1698 1498 1768 iuvenis
1517 1696 1641 1769 praedicti
1666 1697 1791 1752 fautores
1814 1704 1838 1751 et

177 1792 273 1849 errori.
1031 1787 1239 1860 consanguinei,
1254 1787 1345 1859 ibique
1369 1786 1539 1858 simplicitate
1561 1786 1708 1842 abutentes
1723 1802 1775 1842 seu
1789 1801 1835 1841 cu·

213 1878 294 1935 Facta
309 1885 350 1933 est
365 1877 425 1932 dies
440 1876 568 1947 crastina,
587 1892 649 1949 quae
666 1875 714 1932 fuit
729 1882 910 1932 sacrosanctae
924 1874 981 1930 Re·
1029 1877 1141 1950 piditate
1156 1876 1307 1933 sacerdotis
1322 1875 1374 1931 loci
1388 1875 1470 1945 illius,
1497 1875 1610 1931 solemni
1624 1891 1706 1931 more
1721 1875 1836 1944 conjun-

178 2071 232 2129 qua
246 2056 403 2127 episcopus,
418 2055 510 2110 habito
525 2069 613 2111 sacrae
637 2053 833 2110 exhortationis
847 2053 932 2109 verbo
946 2051 982 2107 ad
1032 2054 1175 2120 sticanam,
1191 2054 1311 2125 ingenuo
1326 2070 1359 2109 ex
1371 2052 1463 2109 servili
1479 2052 1635 2108 conditione
1650 2060 1834 2124 procreatam.

178 2143 319 2216 populum,
348 2143 454 2200 cunctis
481 2143 585 2215 negotii
618 2143 699 2213 hujus
722 2141 815 2214 pandit
844 2148 979 2208 eventum,
1030 2144 1116 2197 Tanta
1131 2142 1181 2197 fuit
1194 2143 1308 2199 aviditas
1321 2141 1402 2198 alieni
1413 2141 1483 2211 juris
1505 2141 1658 2213 occupandi
1683 2149 1713 2196 ut
1728 2157 1781 2198 nec
1795 2142 1836 2196 in·

178 2233 366 2289 enormitatem
386 2240 537 2305 exaggerat
561 2231 697 2298 maleficii,
715 2239 741 2287 et
766 2247 795 2286 se
810 2244 864 2285 non
878 2228 981 2285 defutu-
1030 2231 1196 2306 genuitatem
1220 2231 1386 2304 degenerata
1407 2230 1536 2300 conditio,
1561 2246 1612 2286 nec
1632 2230 1731 2286 salutis
1747 2230 1836 2286 mani-

178 2337 240 2377 rum
253 2327 401 2387 asseverat,
419 2320 484 2393 quin
499 2327 574 2376 tanto
596 2336 646 2392 pro
669 2319 774 2376 uiribus
788 2326 912 2375 occurrat
924 2317 982 2389 pia·
1030 2320 1100 2376 festa
1115 2319 1232 2392 perditio
1242 2319 1375 2375 infaustas
1384 2320 1494 2391 nuptias
1504 2320 1679 2391 praepediret.
1697 2320 1835 2391 Regressa

176 2410 237 2467 culo
247 2426 280 2467 ex
304 2425 418 2466 censura
441 2409 583 2481 pastoralis
610 2408 700 2465 officii.
725 2408 846 2479 Cumque
874 2406 981 2478 plenius
1030 2409 1131 2465 interea
1145 2426 1161 2464 a
1175 2409 1366 2465 transmarinis
1380 2408 1518 2480 episcopo,
1545 2424 1605 2481 quae
1626 2416 1708 2482 gesta
1723 2417 1788 2464 sunt
1801 2410 1837 2464 ci·

177 2497 368 2570 perdocuisset
382 2497 520 2571 quantisit
535 2497 667 2568 criminis,
683 2512 737 2553 non
752 2496 938 2552 tantummodo
952 2495 980 2549 in
1030 2499 1083 2553 tius
1103 2498 1285 2555 innotescunt.
1315 2497 1383 2555 llinc
1405 2498 1557 2570 presbyter,
1587 2497 1684 2553 talium
1712 2497 1834 2552 minister

178 2588 290 2643 fratrem
302 2587 454 2659 proprium,
471 2586 519 2642 sed
543 2585 587 2642 vel
613 2586 640 2641 in
669 2585 793 2658 quemvis
816 2585 978 2657 proximum,
1030 2588 1195 2658 nuptiarum,
1212 2587 1396 2658 suspensione
1415 2586 1450 2642 ab
1474 2587 1571 2643 eodem
1588 2586 1696 2656 pariter
1711 2584 1834 2642 beneficii

178 2676 318 2748 quippiam
346 2675 502 2743 hujusmodi
530 2681 697 2742 attentasse,
721 2674 793 2730 unde
821 2671 980 2730 necessario
1030 2676 1177 2732 mulctatur
1192 2684 1218 2732 et
1232 2675 1366 2733 officii.ln
1388 2676 1507 2748 reliquos
1522 2690 1587 2731 vero
1602 2675 1677 2732 vetiti
1694 2675 1736 2730 sui
1754 2684 1836 2729 trans

177 2764 316 2837 contingat
331 2779 393 2818 eum
408 2779 470 2820 cum
490 2763 565 2818 omni
587 2763 744 2834 posteritate
757 2777 806 2818 sua
819 2761 980 2817 irremedia-
1030 2781 1184 2839 gressores,
1202 2779 1263 2821 cum
1278 2765 1330 2822 viri
1351 2780 1444 2823 coram
1460 2780 1493 2820 eo
1514 2778 1613 2836 parere
1636 2765 1836 2820 contumaciter

177 2852 384 2923 bilidispendio
406 2851 550 2921 subjacere
571 2850 750 2924 (quodetiam
773 2849 877 2922 peccati
892 2867 980 2924 genus
1029 2855 1218 2922 detrectarent,
1244 2853 1531 2911 excommunicationis
1555 2853 1691 2909 sententia
1716 2851 1836 2925 promul-

178 2942 230 2996 snb
242 2940 314 2997 mole
328 2956 385 2996 suae
399 2939 527 3012 nequitiae
541 2940 576 2996 ad
600 2948 716 2996 mortem
730 2939 772 2994 sui
791 2955 864 3011 saepe
877 2954 980 3010 perpe-
1029 2950 1116 3014 gatur.

177 3038 293 3087 tratores
316 3029 424 3086 dicebat
437 3029 661 3085 irremissibiliter
684 3027 858 3102 astringere),
883 3043 980 3084 omnes
1066 3033 1172 3089 luteres
1186 3030 1256 3089 fictae
1270 3031 1365 3088 matris
1389 3029 1554 3088 cubicularia
1578 3032 1669 3103 (eujus
1683 3031 1834 3087 ministerio

176 3118 239 3176 illos
255 3119 363 3176 vinculo
383 3118 524 3175 innodavit
551 3118 730 3174 anathematis
759 3117 805 3190 qui
831 3117 866 3173 de
885 3125 979 3188 partus
994 3092 1122 3195 cproles
1136 3120 1233 3177 alienae
1247 3120 1388 3193 genitricis
1412 3120 1525 3194 quaestu
1541 3128 1625 3177 estet
1645 3120 1772 3188 inventa)
1788 3128 1836 3175 ter·

178 3208 301 3281 praedicti
321 3206 508 3279 suppositione
530 3206 796 3263 exhereditationem
821 3205 912 3261 militis
928 3221 979 3260 sae·
1029 3217 1106 3266 rente
1121 3210 1295 3278 couscientia,
1311 3209 1427 3281 primum
1443 3209 1479 3265 ad
1494 3209 1726 3280 paenitentiarium
1740 3209 1835 3266 Eccle-

177 3297 239 3368 pius
261 3296 405 3352 memorati
427 3295 539 3351 minime
567 3296 719 3351 timuissent
746 3309 905 3367 procurare.
921 3295 979 3350 Nec
1029 3299 1077 3354 siaa
1097 3298 1303 3365 Lincolniensis,
1331 3306 1432 3355 sanctae
1456 3297 1652 3355 recordationis
1675 3298 1834 3370 magistrum

177 3385 285 3441 veroin
300 3384 413 3457 longum
428 3384 531 3440 distulit
549 3383 578 3439 in
603 3384 719 3440 traditos
733 3383 785 3438 sibi
800 3400 833 3439 ex
846 3383 980 3439 sententia
1029 3387 1198 3443 Willelmum
1214 3387 1248 3443 de
1263 3385 1421 3444 Bredefeldo
1445 3388 1630 3444 subdecanum
1650 3387 1741 3455 (136),
1757 3398 1785 3443 et
1798 3388 1836 3459 ip·

177 3474 227 3532 viri
239 3474 303 3544 justi
319 3474 432 3530 Satanas
447 3473 558 3530 saeuitiae
573 3490 629 3530 suaa
650 3473 823 3545 tyrannidem
839 3488 978 3528 exercere.

178 3563 273 3620 Virum
288 3579 406 3636 namque
421 3562 546 3636 sequenti
557 3570 638 3618 nocte
648 3562 791 3631 invadens,
808 3561 854 3634 qui
868 3577 981 3634 perver-

180 3652 287 3708 sitatem
319 3653 444 3724 conjugis
470 3651 666 3707 dissimulando
695 3651 784 3723 potius
805 3649 872 3706 fovit
900 3666 980 3722 qnam

178 3741 305 3809 correxit,
330 3741 388 3810 ejus
409 3739 499 3796 subito
521 3740 638 3795 animam
662 3739 784 3796 extorsit.
801 3739 922 3810 Repente
937 3746 980 3794 et-

179 3831 252 3886 enim
266 3830 295 3884 in
308 3829 409 3885 lectulo
423 3828 549 3900 apparuit
571 3836 703 3893 mortuus,
719 3828 747 3882 in
763 3843 844 3899 quem
859 3843 889 3882 se
903 3827 980 3882 loca-

178 3924 256 3974 verat
272 3918 373 3990 quiete,
388 3925 419 3972 ut
443 3916 568 3984 credidit,
590 3924 762 3988 pausaturus.
787 3915 873 3984 liujus
891 3924 980 3971 autem

177 4006 299 4062 mulieris
313 4006 350 4061 ita
365 4005 439 4061 furor
452 4004 577 4077 pertinax
600 4013 627 4060 et
650 4005 693 4059 ira
714 4004 784 4059 adeo
799 4003 866 4059 dura
889 4003 937 4059 fuit
953 4012 982 4060 ut

175 4095 316 4169 proprium
338 4103 391 4149 tam
415 4093 557 4150 exitialiter
581 4093 667 4151 virum
705 4092 859 4165 perdidisse
880 4093 977 4148 nonai

180 4183 326 4252 sufficeret,
343 4183 395 4238 nisi
414 4183 551 4254 inceptam
574 4189 670 4239 contra
684 4181 743 4253 ejus
758 4198 918 4255 germanum
933 4198 981 4238 ne·

180 4274 292 4346 quitiam
307 4273 438 4329 hostiliter
460 4271 632 4344 adimpleret.
658 4271 777 4328 Perstitit
796 4271 868 4327 enim
883 4271 982 4329 confir·

180 4378 255 4418 mare
284 4378 439 4418 sermonem
467 4377 595 4435 nequam,
621 4361 741 4418 debitam
768 4360 820 4414 sibi
844 4368 981 4416 retentans

1030 3476 1086 3531 sius
1101 3476 1209 3531 demum
1224 3477 1329 3531 hortatu
1345 3476 1482 3549 adipsum
1501 3476 1637 3533 accedens
1662 3475 1834 3548 episcopum,

1030 3580 1138 3620 omnem
1153 3565 1192 3620 rei
1207 3565 1331 3620 ordinem
1350 3579 1412 3621 cum
1434 3580 1533 3638 magna
1559 3564 1660 3637 detegit
1676 3564 1834 3636 profusione

1029 3653 1221 3725 lacrymarum.
1237 3655 1313 3710 'func
1326 3655 1472 3726 episcopus
1483 3655 1517 3709 de
1533 3653 1576 3708 his
1591 3653 1722 3709 omnibus
1737 3654 1836 3709 certior

1030 3741 1152 3809 effectus,
1170 3750 1304 3798 secretum
1325 3743 1433 3815 quidem
1447 3743 1518 3814 apud
1542 3758 1572 3798 se
1596 3741 1706 3798 interim
1731 3741 1833 3806 habuit,

1031 3831 1103 3902 quod
1118 3829 1249 3886 secretius
1259 3829 1463 3899 audiuit,latam
1473 3828 1654 3901 veropridem
1670 3831 1834 3886 sententiam

1030 3918 1147 3991 singulis
1160 3918 1372 3992 circumquaque
1394 3935 1444 3990 per
1467 3919 1606 3975 Ecclesias
1621 3918 1720 3974 diebus
1742 3918 1833 3975 Domi·

1030 4006 1099 4062 nicis
1113 4006 1241 4062 renovari
1254 4008 1362 4078 publice
1372 4007 1557 4064 demandavit.
1569 4006 1647 4076 Quod
1662 4007 1832 4079 aliquandiu,

1030 4103 1059 4151 ut
1074 4094 1123 4150 fuit
1136 4096 1286 4166 impletum,
1299 4096 1476 4152 machinatrix
1496 4105 1523 4152 el
1546 4097 1660 4152 materia
1675 4096 1758 4165 hujus
1774 4095 1834 4151 mali

1030 4183 1127 4240 mulier
1140 4183 1242 4251 infelix,
1259 4200 1373 4241 reversa
1395 4185 1506 4240 domum
1530 4185 1602 4240 inse
1624 4185 1709 4256 coepit
1725 4186 1833 4241 horrere

1031 4289 1100 4344 opus
1115 4273 1184 4328 adeo
1200 4274 1383 4345 perniciosum
1397 4291 1412 4329 a
1428 4274 1651 4341 secommissum,
1667 4274 1833 4346 tandemque

1032 4361 1150 4417 animata
1163 4363 1277 4419 consilio
1295 4363 1424 4434 prudenti
1438 4363 1544 4420 accedit
1565 4363 1669 4434 pariter
1684 4379 1782 4419 secum
1795 4377 1834 4417 as·

178 4449 396 4506 maledictionem
410 4457 437 4506 et
451 4450 597 4506 indebitam
621 4449 738 4505 alumnae
767 4465 823 4505 suae
839 4449 1016 4513 vindicansI)
1032 4459 1138 4523 sumpta
1153 4451 1244 4508 delicti
1269 4453 1310 4507 sui
1329 4452 1438 4508 conscia
1461 4459 1488 4507 et
1508 4452 1643 4520 ministra,
1667 4451 1833 4508 cubicularia

178 4539 374 4596 hereditatem.

214 4628 333 4684 Exclusa
349 4629 430 4701 igitur
444 4627 566 4700 legitimo
576 4627 684 4684 haerede
698 4641 714 4681 a
730 4627 852 4682 fraterna
867 4641 980 4683 succes-

179 4718 267 4784 sione,
284 4719 363 4772 datur
376 4717 454 4788 regio
469 4732 582 4772 munere
593 4715 725 4770 infantula
740 4731 802 4770 cum
819 4715 878 4785 ipsa
894 4716 980 4772 haere-

179 4807 264 4862 ditate
288 4806 396 4862 cuidam
414 4805 518 4875 juveni,
548 4803 594 4876 qui
617 4803 701 4860 frater
722 4811 778 4859 erat
802 4804 923 4876 llugonis
946 4805 981 4859 de

178 4894 339 4959 novavilla,
355 4892 570 4952 summiscilicel
592 4892 620 4947 in
640 4908 726 4965 regno
746 4891 879 4948 forestarii
893 4894 978 4962 (131).

180 4982 266 5053 Quam
280 4983 367 5039 aetatis
386 4982 429 5038 vix
446 4989 572 5054 quartum
595 4980 752 5052 implentem
768 4995 867 5036 annum
884 4981 980 5053 dispo-

213 5158 285 5226 (131)
307 5163 352 5224 Qui
366 5163 390 5212 in
410 5163 457 5212 hoc
476 5174 576 5212 munere
587 5164 740 5212 successerat
760 5161 879 5225 Galfrido,
891 5161 922 5213 de
934 5174 980 5224 quo

179 5228 282 5290 dictum,
296 5229 340 5278 lib.
357 5242 393 5292 ιιι,
408 5243 431 5279 c.
446 5230 471 5279 8.

215 5294 287 5360 (135)
308 5297 485 5346 lull'eustriam
498 5296 565 5346 venit
585 5296 653 5358 llugo
675 5295 699 5345 in
720 5297 902 5360 septuagesima
923 5296 979 5347 anni

182 5362 257 5423 1199,
273 5363 337 5412 infra
351 5363 393 5411 lib.
406 5376 430 5424 u,
442 5375 465 5412 c.
482 5363 521 5421 15,
535 5363 612 5413 iturus
623 5363 653 5413 ad
665 5362 813 5414 Richardum
824 5375 917 5425 regom.

214 5429 287 5495 (1511)
308 5430 379 5480 Forte
392 5432 417 5479 et
430 5429 618 5493 cancellarium,
631 5430 671 5492 qui
684 5429 745 5492 apud
759 5428 855 5480 surium
875 5429 981 5480 tentarit

1031 4547 1188 4612 praenotata,
1215 4540 1249 4595 ad
1274 4541 1441 4612 episcopum,
1463 4549 1542 4613 atque
1566 4540 1685 4611 primum
1709 4541 1750 4595 illi
1774 4540 1832 4605 soli,

1032 4628 1131 4684 deinde
1141 4628 1265 4700 pluribus
1281 4628 1347 4686 viris
1362 4629 1488 4685 discretis
1498 4629 1579 4701 (inter
1589 4643 1658 4700 quos
1673 4636 1701 4683 et
1717 4629 1775 4695 ille,
1791 4628 1833 4700 qui

1031 4717 1089 4773 haec
1105 4716 1215 4788 scripsit
1230 4717 1316 4788 (137),
1332 4733 1453 4788 praeseus
1468 4717 1527 4788 fuit)
1544 4725 1649 4772 reatum
1664 4733 1749 4771 suum
1763 4715 1834 4772 hebi·

1031 4804 1093 4860 liter
1107 4805 1261 4874 confitetur,
1278 4813 1304 4860 et
1320 4822 1350 4861 se
1364 4807 1504 4878 proprium
1526 4805 1651 4861 maritum
1667 4806 1830 4876 perdidisse,

1031 4911 1061 4949 se
1071 4893 1182 4950 fratrem
1193 4896 1251 4963 ejus
1261 4895 1484 4962 circumvenisse,
1493 4895 1570 4951 illum
1580 4894 1613 4949 ad
1622 4903 1753 4963 mortem,
1765 4897 1833 4950 hunc

1031 4983 1065 5038 ad
1094 4982 1319 5054 proscriptionem
1341 4993 1368 5039 et
1390 4984 1627 5040 exheredationem
1646 4999 1716 5040 voce
1739 5000 1832 5058 geme-

1029 5162 1156 5239 llugonem
1187 5164 1216 5215 de
1252 5162 1392 5216 differentia
1427 5164 1564 5216 osculorum
1591 5163 1658 5214 iuter
1680 5177 1726 5215 sua
1763 5167 1833 5218 ets.

1029 5231 1138 5358 magar).
1153 5298 1189 5347 Ex
1216 5299 1263 5348 hoc
1289 5297 1393 5359 conjicio
1415 5298 1584 5360 penitentiam
1615 5297 1736 5350 adulterae
1770 5298 1832 5349 acci·

1029 5363 1176 5492 ιέἰξὲἷίῃιιὲιιο
1190 5365 1272 5426 flat),
1295 5368 1423 5428 postquam
1444 5367 1513 5428 llugo
1537 5364 1610 5416 rediit
1632 5376 1663 5415 ex
1684 5366 1799 5418 Nenstria
1812 5366 1834 5415 iu
