3742 5986
101 199 154 256 tte
521 195 693 254 GUIGONIS
712 195 723 248 Ι
743 192 949 250 CARTHUSIAE
967 194 1115 252 basolus
1134 194 1272 252 vntonts
1292 196 1327 251 V.
1703 196 1755 251 'lib

138 324 164 379 t.
181 323 286 380 Herbas
299 324 407 390 crudas,
422 321 525 379 fruetus
539 328 585 375 aut
598 318 716 385 radices,
733 332 796 373 cum
810 316 918 383 adsunt,
935 316 963 371 in
977 333 1056 373 coena
1069 326 1183 387 tantum,
1200 318 1244 376 vel
1258 319 1286 374 iu
1299 318 1424 390 prandio,
1450 317 1474 372 si
1488 316 1574 374 semel
1593 317 1752 383 comedunt,

104 419 249 491 accipiunt.
266 418 400 476 Pulmenti
414 419 457 476 vel
468 417 586 490 pitantiae
599 412 730 488 quidquid
744 412 791 468 uni
805 411 922 484 prandio
936 415 1101 486 superfuerit
1115 416 1251 472 reddunt:
1265 416 1356 472 vinnm
1380 415 1473 471 datum
1489 414 1611 471 nonnisi
1626 415 1653 470 in
1674 429 1755 486 pran-

104 516 151 572 dio
167 518 210 574 vel
232 533 311 575 coena
326 518 431 574 bibunt.

141 616 168 668 5.
185 612 324 685 Quidquid
338 628 370 669 ex
385 613 505 685 pitantiis
524 615 667 674 remanet,
683 606 727 663 vel
741 606 905 678 pulmentis,
930 607 1004 679 quod
1027 609 1088 665 usui
1111 618 1203 682 aptum
1218 611 1268 678 sit,
1290 610 1451 683 coquInario
1469 610 1609 677 redditur,
1633 625 1671 666 ue
1695 610 1755 682 quis

105 708 176 766 Iorte
190 726 245 767 non
259 725 419 768 concessam
434 709 540 767 occulte
553 707 635 765 facIat
663 703 864 760 abstinentIam.

794 821 993 880 Clll‘llIILUlI
1007 820 1074 877 LIII.

659 926 716 994 Quo
732 927 856 993 tempore
868 920 1019 974 vescuntur
1028 919 1160 974 avenario
1173 936 1258 991 punc.

142 1019 165 1073 A
179 1017 309 1074 Kalendis
324 1017 487 1074 Novembris
502 1034 589 1091 usque
603 1019 637 1074 ad
651 1021 757 1075 Pascha
772 1032 866 1074 avenas
881 1021 1028 1070 vescuntur
1041 1031 1124 1087 pane.
1144 1018 1175 1072 ln
1189 1018 1314 1074 Adventu
1328 1024 1418 1074 ιιιιιιιι
1434 1023 1459 1073 ιι
1474 1016 1697 1091 Quadragesima
1709 1032 1757 1087 per

106 1113 228 1188 singulas
243 1115 438 1182 hebdomadas,
455 1115 578 1189 singulas
591 1116 710 1174 triticeas
725 1133 758 1173 ex
773 1113 886 1187 pitantia
900 1109 1033 1182 recipiunt
1047 1119 1144 1171 tortas.

784 1232 1069 1295 COMMENTARIUS.

144 1336 225 1391 Num.
237 1335 264 1390 ι.
280 1336 384 1392 Herbna
397 1335 511 1404 crudos,
520 1340 636 1409 fructus
649 1341 700 1394 out
712 1338 830 1403 radices,
841 1331 943 1392 cumb
993 1332 1146 1405 Capitulum
1159 1335 1233 1393 istud
1248 1336 1363 1392 relatum
1377 1336 1463 1391 babes
1486 1335 1514 1391 in
1533 1334 1656 1408 antiquis
1676 1343 1756 1392 statn-

109 1423 224 1489 edstmt,
240 1424 271 1479 in
290 1440 370 1480 caenu
390 1427 522 1491 tuntum,
538 1426 582 1481 vel
601 1427 632 1481 in
644 1425 765 1499 praedio
780 1426 806 1481 si
819 1425 907 1480 remei
957 1418 1001 1490 tis,
1019 1436 1048 1477 ιιι
1064 1431 1151 1494 part,
1168 1440 1230 1496 cap.
1246 1427 1297 1491 20,
1314 1441 1342 1480 n.
1360 1428 1385 1479 ι.

108 1511 270 1577 comedunt,
283 1517 336 1567 etc.
348 1511 397 1567 llic
407 1511 506 1568 clarius
521 1513 632 1584 exponit
645 1513 677 1570 lt.
689 1514 720 1569 P.
732 1512 823 1585 Guigo
834 1511 908 1584 qnod
993 1508 1059 1565 Car.
1071 1511 1139 1567 LIII.
1151 1541 1187 1554 -
1195 1513 1277 1568 Num.
1290 1516 1316 1568 I.
1328 1513 1428 1570 Aecae
1436 1515 1592 1568 vescuntur
1603 1528 1693 1586 passe,
1705 1517 1756 1570 ιιι.

109 1599 275 1656 succinctius
298 1606 325 1655 et
350 1600 412 1656 ideo
432 1600 577 1657 obscurius
591 1601 715 1671 dixerat,
731 1616 791 1672 cap.
808 1604 856 1667 33,
873 1600 908 1655 de
958 1597 1007 1652 llic
1030 1598 1107 1655 locus
1127 1600 1184 1656 Iera
1205 1600 1404 1657 intolerabilem
1420 1601 1607 1657 austeritatem
1621 1607 1705 1657 sonat
1718 1599 1758 1655 luis

110 1686 250 1743 monachis
265 1687 390 1759 loquens.
407 1689 456 1744 llic
471 1689 544 1744 enim
565 1689 638 1746 clare
658 1690 765 1746 videtur
778 1687 908 1744 differen-
958 1686 1005 1756 qui
1018 1701 1097 1742 nsum
1112 1687 1189 1743 istius
1202 1689 1298 1760 patrie
1311 1704 1367 1745 non
1381 1696 1497 1752 norunt,
1513 1703 1577 1743 narn
1592 1689 1621 1744 in
1634 1688 1698 1744 aliis
1712 1704 1756 1744 re·

111 1773 146 1828 tia
160 1773 230 1829 inter
247 1790 293 1830 res
307 1775 491 1832 comestibiles
506 1793 574 1848 quas
588 1776 662 1848 apud
678 1792 708 1833 se
734 1792 845 1832 servare
859 1791 908 1847 po·
958 1774 1087 1845 gionibus
1110 1776 1157 1831 ubi
1169 1776 1288 1832 triticum
1305 1776 1477 1832 abundanter
1490 1776 1605 1846 crescit,
1629 1776 1677 1832 aix
1692 1784 1758 1832 tern-

110 1870 200 1917 terant
213 1864 339 1920 monachi
355 1871 382 1919 ιι
396 1865 523 1921 conversi
537 1865 655 1937 quandiu
670 1864 816 1932 durabant,
829 1879 909 1935 quas·
958 1878 1026 1933 pore
1042 1861 1122 1919 samis
1136 1871 1253 1935 possunt
1264 1864 1357 1920 rustici
1372 1879 1405 1920 ex
1420 1864 1573 1934 huiusmodi
1585 1878 1659 1935 pane
1682 1880 1757 1921 eom·

112 1966 164 2021 que
188 1952 312 2007 monachi
337 1951 365 2006 in
388 1952 465 2008 calba
481 1953 533 2007 sibi
548 1953 679 2024 parabant
703 1961 730 2008 et
745 1953 908 2024 coquebant,
958 1955 1056 2019 edere,
1072 1952 1134 2024 quia
1149 1968 1204 2008 non
1219 1961 1282 2008 sunt
1295 1952 1414 2018 assueti,
1439 1960 1466 2008 et
1488 1967 1543 2009 non
1558 1952 1662 2008 babent
1677 1953 1756 2009 iudu-

111 2045 139 2093 et
153 2037 322 2109 pulmentum
337 2040 395 2096 sIve
410 2041 553 2111 pitantiam
576 2057 638 2113 que
661 2057 695 2096 ex
716 2041 834 2112 coanna
856 2039 910 2095 illis
959 2040 1054 2096 siriam
1068 2039 1138 2098 bene
1152 2038 1314 2096 coniicIendi
1328 2054 1427 2110 panem
1441 2054 1475 2095 ex
1490 2055 1587 2096 avena.
1605 2038 1662 2095 Sed
1683 2039 1756 2096 desi·

112 2126 325 2183 ministrabatur.
350 2127 439 2201 iunge
463 2129 535 2185 hunc
548 2129 639 2185 locum
653 2144 715 2186 cnm
729 2128 771 2184 his
791 2144 851 2200 qne
866 2128 911 2184 hic
959 2137 1024 2185 nent
1038 2128 1147 2195 mirari,
1173 2126 1283 2200 mando
1298 2128 1385 2185 scient
1407 2128 1436 2182 in
1456 2128 1509 2185 bac
1531 2126 1646 2201 regione
1661 2143 1757 2200 panau

113 2213 254 2281 dicuntur,
270 2232 297 2270 n.
313 2219 345 2283 2,
361 2223 389 2271 et
402 2216 508 2272 videbis
522 2217 593 2289 quod
610 2217 690 2272 etiam
706 2217 803 2271 diebus
815 2215 911 2286 ieiunii
959 2232 1053 2273 avene
1066 2232 1129 2273 esse
1143 2224 1304 2274 consuetum
1326 2216 1485 2273 alimentum
1507 2216 1692 2284 rusticorum,
1706 2216 1758 2273 into

112 2301 291 2359 ecclesiastici
305 2303 505 2360 mInistraretur
519 2305 559 2360 eis
568 2305 736 2376 pulmentum
752 2304 810 2360 sive
824 2304 912 2375 pitau-
960 2306 1138 2361 honestorum
1152 2303 1253 2360 clvium
1268 2304 1390 2362 vicorum
1414 2312 1442 2359 et
1465 2303 1591 2361 villarum
1611 2303 1758 2360 circumvi-

111 2389 164 2459 tia,
182 2406 344 2464 quacunque
359 2391 487 2464 specifica
501 2393 546 2448 die
560 2393 641 2448 unius
654 2392 835 2449 hebdomade
848 2408 912 2448 eve·
960 2393 1099 2460 cinerum,
1111 2392 1156 2448 cui
1169 2392 1329 2449 comestioni
1344 2399 1406 2448 sunt
1415 2392 1517 2448 assueti
1531 2392 1567 2447 ab
1576 2392 1638 2463 ipso
1653 2392 1758 2449 ecuuis

112 2478 236 2546 nissent‚
261 2480 382 2552 exceptis
405 2482 593 2537 tantummodo
617 2481 714 2537 diebus
743 2480 912 2537 abstinentiae
961 2497 1086 2556 egressu,
1103 2481 1203 2537 atinde
1217 2479 1285 2536 siunt
1299 2480 1405 2536 robusti
1418 2487 1444 2536 ιι
1458 2479 1559 2553 vegeti,
1569 2480 1642 2537 adeo
1656 2488 1688 2536 ut
1700 2495 1758 2552 poe

112 2567 263 2638 deputatis,
290 2577 316 2624 et
340 2569 404 2626 inde
417 2569 551 2627 conclude
564 2585 580 2625 a
595 2569 698 2625 fortiori
717 2569 812 2625 eadem
828 2568 912 2625 inisse
961 2571 1015 2639 sint
1029 2569 1072 2626 vix
1088 2568 1202 2640 reperiri
1215 2569 1244 2624 iu
1259 2569 1395 2639 opulentis
1410 2568 1587 2641 regionibus,
1604 2568 1653 2640 qui
1667 2568 1759 2623 sanius

113 2656 258 2713 observata
272 2672 321 2728 pro
335 2658 474 2723 monachIs
489 2675 549 2730 quae
563 2673 614 2728 pro
636 2658 785 2714 conversis.
921 2679 947 2741 Β
962 2667 989 2715 ιι
1002 2657 1104 2713 diutius
1118 2657 1219 2720 vivant.
1230 2664 1263 2741 'et
1276 2671 1392 2728 quorum
1402 2656 1494 2727 proles
1513 2655 1605 2729 magis
1624 2655 1759 2728 multipli-

149 2743 219 2799 lbid.
239 2746 340 2802 Vinum
358 2746 457 2802 dutum
474 2747 602 2802 nonnisi
619 2744 797 2818 inprcndio,
815 2752 867 2801 etc.
883 2744 911 2800 Si
961 2755 1046 2803 cetur.
1070 2745 1149 2803 Unde
1171 2744 1223 2801 iste
1248 2759 1314 2800 usus
1334 2744 1495 2801 comedendi
1518 2759 1617 2815 panem
1645 2742 1759 2800 avenel

114 2830 217 2887 licitum
236 2831 290 2888 illis
309 2840 367 2888 erat
386 2834 478 2890 bibere
494 2834 585 2889 vinum
611 2834 637 2888 in
660 2849 738 2889 coena
758 2834 828 2888 sicut
842 2832 911 2888 etin
962 2834 1029 2904 Quia
1043 2833 1162 2889 triticum
1176 2832 1256 2888 valde
1271 2848 1363 2889 rarum
1379 2839 1420 2888 est
1434 2831 1463 2887 iu
1476 2831 1536 2888 istis
1549 2832 1677 2903 rupibus,
1688 2830 1760 2904 quod

114 2919 246 2991 prandio,
269 2927 296 2976 et
319 2929 408 2976 tamen
423 2921 509 2977 semel
523 2921 551 2976 in
565 2921 610 2976 die
625 2921 805 2977 communiter
819 2921 912 2976 vinum
961 2922 1056 2979 rustici
1086 2929 1195 2977 servant
1219 2920 1254 2976 ad
1277 2918 1345 2976 olias
1366 2919 1513 2991 aliquando
1543 2919 1757 2992 componendas,

115 3008 286 3079 reciperent;
302 3009 366 3065 inde
380 3017 470 3080 potest
483 3009 581 3079 conjici
597 3009 670 3081 quod
693 3009 785 3064 irinum
811 3007 851 3064 eis
865 3008 912 3064 da·
961 3024 1048 3066 avena
1063 3025 1128 3067 vero
1144 3025 1195 3080 pro
1209 3007 1382 3065 condolendo
1394 3022 1466 3080 pane
1480 3015 1603 3074 utuntur,
1618 3023 1683 3079 quae
1697 3005 1763 3064 satis

114 3103 193 3153 retur
206 3097 234 3152 in
248 3111 281 3153 ea
295 3113 439 3164 mensura,
465 3114 525 3169 quae
548 3098 655 3169 utrique
668 3096 810 3153 refectioni
835 3096 912 3152 suffi·
962 3097 1070 3154 abunde
1083 3097 1112 3152 ιιι
1126 3096 1186 3153 istis
1200 3097 1338 3153 montibus
1354 3095 1469 3163 crescit,
1484 3103 1512 3151 et
1521 3093 1653 3168 precellit
1667 3093 1761 3152 avenis

115 3200 178 3242 cero
191 3193 285 3257 posset
301 3204 308 3241 :
324 3193 350 3242 et
363 3185 429 3241 illud
445 3188 488 3243 ιιι
505 3201 560 3242 non
574 3185 737 3255 disjnnctive
756 3185 805 3240 sed
825 3200 912 3257 copu·
962 3202 1023 3259 que
1037 3185 1100 3241 alibi
1115 3192 1252 3242 crescunt.
1269 3185 1384 3256 Insuper
1397 3184 1558 3253 necessitas,
1568 3182 1695 3257 omnium
1708 3196 1763 3239 ma·

115 3273 197 3330 lative
224 3273 412 3345 accipiendum
435 3282 477 3330 est
507 3282 536 3329 ut
564 3289 662 3330 sensus
676 3274 724 3340 sit,
749 3273 822 3345 quod
836 3281 913 3331 extra
962 3275 1061 3347 gistra,
1077 3288 1125 3330 eos
1138 3272 1230 3330 docuit
1244 3271 1360 3345 qualiter
1374 3287 1472 3344 panem
1486 3270 1553 3327 satis
1575 3271 1680 3327 bonum
1699 3269 1762 3327 iude

116 3361 260 3432 prandium
271 3371 298 3418 et
306 3377 411 3419 coenam
420 3362 512 3418 vinnm
520 3377 575 3419 non
585 3362 718 3418 deberent
727 3361 829 3427 bibere,
840 3362 913 3433 quod
962 3360 1147 3429 conficerent;
1171 3376 1236 3417 nam
1258 3361 1417 3433 priusquam
1442 3359 1476 3414 ad
1498 3357 1600 3415 molam
1626 3357 1761 3427 delerant,

116 3450 258 3506 monachis
271 3450 352 3506 etiam
367 3451 558 3522 praescriptum
579 3458 645 3506 erat.
962 3465 1079 3507 avenam
1093 3448 1198 3506 siccant
1220 3449 1249 3504 in
1263 3448 1371 3504 clibano
1385 3447 1492 3519 tepido,
1517 3447 1591 3503 unde
1603 3445 1633 3502 fit
1651 3454 1683 3502 ut
1696 3462 1761 3519 per-

150 3538 234 3594 Num.
250 3542 276 3594 s.
296 3540 435 3612 Quidquid
450 3555 487 3595 aa
497 3539 633 3613 pItcatiia
643 3542 782 3605 remanet,
797 3545 862 3604 etc,
877 3553 914 3594 ιιι
963 3538 1033 3595 ιιιιι
1048 3537 1163 3594 molatur
1177 3546 1204 3593 et
1218 3537 1372 3593 extrahatur
1384 3534 1579 3592 candidissima
1594 3533 1695 3602 brine,
1708 3549 1763 3608 qua

11 3641 14 3648 ·
117 3627 179 3699 quis
197 3644 432 3685 conconcessum
450 3628 645 3700 sortesociut,
662 3634 715 3683 etc.
730 3627 772 3682 lix
786 3626 914 3682 hocloco
964 3634 1060 3697 postea
1073 3640 1172 3698 panem
1187 3623 1345 3682 conficiunt.
1361 3623 1434 3680 Talis
1456 3630 1499 3680 est
1516 3622 1763 3696 communispanis

117 3722 231 3785 apparet
264 3723 363 3787 quanta
387 3724 414 3771 et
438 3731 518 3787 quam
548 3715 639 3770 subtili
671 3714 915 3785 circumspectione
963 3714 1066 3786 patriae.
1090 3714 1152 3770 Non
1176 3728 1244 3785 ergo
1267 3720 1411 3784 tantopere
1424 3710 1579 3767 mitandum
1593 3718 1636 3768 est
1658 3711 1683 3766 si
1704 3711 1763 3768 Ira-

116 3801 217 3858 vellent
226 3802 306 3873 primi
312 3804 403 3858 Patres
413 3804 448 3858 ab
459 3803 613 3858 indiscretis
622 3802 794 3858 abstinentiis
805 3809 915 3857 nostros
961 3811 1017 3859 tres
1030 3802 1173 3870 eonversI,
1190 3801 1236 3874 qui
1250 3817 1301 3873 pro
1317 3801 1433 3856 maxima
1446 3808 1525 3872 parte
1539 3807 1617 3857 erant
1632 3815 1667 3855 ex
1684 3798 1765 3857 inco·

118 3905 222 3955 arcere,
232 3890 386 3963 nihilquein
397 3890 441 3945 illa
449 3890 634 3961 partevellent
644 3890 755 3946 omniuo
763 3890 913 3955 admittere,
962 3890 997 3946 lis
1011 3890 1120 3962 patrie,
1142 3897 1172 3947 ut
1192 3889 1267 3959 iam,
1292 3904 1352 3960 cap.
1378 3889 1428 3958 ts,
1445 3887 1614 3954 nausimus,
1635 3893 1765 3959 tuncpst

118 3977 189 4050 quod
204 3976 383 4045 obedientias,
401 3978 543 4034 directioni
557 3987 584 4033 et
594 3977 753 4033 discretioni
766 3993 819 4033 non
834 3977 915 4047 plene
964 3979 1083 4050 quinque
1106 3993 1216 4036 menses
1241 3983 1421 4033 vescerentur
1442 3991 1512 4047 pane
1535 3972 1682 4044 avenario,
1703 3988 1765 4049 cum

118 4065 281 4135 subiaceret,
307 4066 373 4121 tanti
387 4065 516 4121 momenti
531 4072 591 4120 erat
605 4065 677 4136 apud
690 4064 772 4131 illos,
788 4030 950 4121 solitariaeO
966 4065 1125 4124 convicanei
1139 4065 1247 4122 illorum
1262 4073 1319 4120 toto
1333 4078 1405 4120 anno
1419 4062 1502 4120 simili
1516 4079 1589 4134 pene
1607 4070 1767 4119 vescantur.

118 4162 146 4210 et
160 4154 345 4210 carthusianae
358 4154 421 4210 vitae
435 4151 607 4224 professores
622 4169 638 4208 a
653 4151 811 4208 voluntariis
827 4160 854 4208 et
867 4168 916 4207 ar·
966 4155 1021 4211 Sed
1034 4162 1158 4225 ternpore
1172 4154 1205 4210 tt.
1231 4153 1316 4208 Patris
1331 4151 1481 4224 Guigonis,
1502 4149 1646 4208 conversis
1665 4167 1698 4207 ex
1712 4149 1765 4206 alia

118 4241 236 4297 bitrariis
264 4241 501 4298 exercitationibus
529 4242 682 4313 repellere,
699 4256 734 4296 ne
762 4249 842 4311 caput
870 4249 917 4295 aut
966 4243 1050 4314 patria
1075 4242 1214 4312 oriundis,
1240 4241 1285 4314 qni
1306 4240 1388 4297 simili
1402 4239 1505 4305 speciei
1519 4238 1600 4310 panis
1614 4253 1672 4296 non
1690 4244 1766 4295 amnt

119 4345 219 4400 corpus
234 4330 286 4384 sibi
301 4330 449 4399 laederent,
475 4337 502 4385 et
516 4344 567 4400 pro
581 4329 744 4392 obedientia.
763 4329 814 4384 sub
829 4329 917 4384 absti-
966 4331 1068 4387 assueti
1083 4346 1133 4386 nec
1146 4337 1269 4401 poterant
1283 4343 1460 4394 assuescere,
1484 4327 1601 4383 dabatur
1619 4343 1656 4384 ex
1669 4327 1765 4385 eodem

119 4418 272 4474 nentiarum
288 4426 433 4489 pretextu,
449 4418 677 4489 singularitatem,
691 4417 824 4488 privatum
838 4432 917 4471 amo-
967 4434 1038 4490 pane
1059 4434 1113 4490 quo
1133 4418 1258 4474 monachi
1274 4416 1426 4473 alebantur.

120 4521 194 4575 rem,
211 4506 336 4562 subtilem
348 4507 492 4563 vanitatem
504 4513 530 4561 et
540 4505 567 4560 in
579 4521 718 4561 snosensu
730 4505 916 4576 pertinaciam,
1003 4506 1035 4561 ln
1053 4507 1191 4572 Adventu,
1211 4513 1276 4571 etc,
1295 4505 1423 4576 sinpuioa
1439 4504 1568 4560 triticeos
1584 4519 1622 4561 ca
1638 4504 1767 4577 pitantia

119 4610 181 4664 quse
195 4609 292 4649 revera
307 4602 369 4649 sunt
384 4595 446 4649 vitae
461 4593 589 4649 solitariae
603 4592 801 4660 carcinomata,
818 4592 919 4647 substi·
968 4596 1127 4666 recipiunt,
1152 4601 1205 4649 etc.
1229 4592 1341 4648 llultnm
1365 4600 1490 4648 errarent
1512 4590 1557 4664 qui
1580 4606 1614 4646 ex
1638 4589 1766 4648 hocloco

119 4690 226 4738 tuerent
248 4690 275 4738 ct
296 4682 453 4738 enutrirent.
968 4682 1109 4738 crederent
1123 4680 1165 4736 liis
1179 4681 1243 4736 anni
1258 4679 1427 4751 temporibus
1439 4686 1538 4734 tortam
1561 4678 1643 4750 panis
1667 4676 1766 4735 triticei

121 4858 246 4915 videlicet
271 4861 372 4915 scirent
395 4875 430 4912 sn
454 4857 648 4913 convenienter
662 4872 695 4912 ex
714 4857 859 4928 pulmends
873 4865 919 4912 aut
968 4857 1053 4915 inisse
1076 4865 1182 4914 tantum
1200 4857 1316 4928 singulis
1336 4855 1534 4923 ministratam,
1548 4870 1583 4911 ex
1603 4853 1766 4926 supradictis

121 4947 241 5018 pitantiis
257 4947 373 5019 quisque
388 4945 563 5010 comedisset,
579 4946 725 5016 statimque
739 4945 811 5017 exigi
826 4953 919 5016 posset
969 4947 1040 5002 enim
1051 4954 1163 5018 apparet
1173 4945 1246 5018 quod
1255 4945 1454 5000 mInistraretur
1465 4943 1517 4999 illis
1527 4943 1698 5014 pulmentum
1708 4942 1766 5000 sive

121 5035 190 5090 ratio
205 5049 221 5088 a
239 5035 370 5090 reddente
388 5033 539 5105 pitantiam,
556 5050 608 5104 qna
622 5033 657 5088 de
671 5048 755 5089 causa
770 5048 825 5088 non
840 5048 919 5088 cont·
969 5035 1082 5106 pitantia
1094 5054 1101 5100 ;
1113 5033 1163 5091 sed
1172 5049 1270 5090 sensim
1285 5033 1407 5104 estquod
1421 5031 1449 5086 in
1463 5032 1588 5088 Adventu
1604 5038 1632 5087 et
1646 5030 1770 5100 Quadra·

121 5122 232 5189 edisset,
244 5137 278 5176 an
292 5130 454 5195 egrotaret,
471 5130 553 5193 atque
569 5121 602 5176 de
617 5122 667 5177 hac
680 5137 708 5176 re
724 5121 811 5176 statim
825 5128 920 5191 posset
969 5122 1074 5196 gesima
1097 5122 1177 5193 panis
1200 5121 1322 5178 triticeus
1346 5120 1386 5177 eis
1407 5119 1522 5175 daretur
1540 5118 1618 5190 quasi
1641 5133 1695 5191 pro
1717 5134 1768 5175 su·

121 5211 246 5282 superior
269 5210 385 5266 moneri.
401 5211 451 5266 llic
469 5210 545 5265 locus
564 5209 644 5265 valde
667 5209 794 5264 notabilis
809 5214 867 5274 est,
892 5215 920 5264 et
970 5217 1081 5283 gmento
1095 5210 1224 5281 pitantIae,
1241 5217 1268 5264 et
1282 5207 1368 5279 prima
1379 5206 1614 5263 diebebdomadae
1628 5205 1768 5278 recipien-

122 5300 291 5355 demonstrat
306 5298 446 5353 evidenter·
460 5298 547 5369 qualis
570 5313 679 5368 semper
701 5296 782 5353 inerit
810 5296 920 5367 spicitus
970 5299 1006 5354 do
1020 5298 1159 5369 pitantiam
1169 5312 1220 5368 pro
1231 5296 1360 5367 prandIo,
1371 5295 1452 5350 simul
1466 5294 1620 5366 reciperent
1634 5303 1662 5350 et
1671 5300 1770 5351 mnan

122 5387 227 5443 ordinis
258 5386 331 5443 cIrca
351 5385 530 5441 abstinentias
551 5395 578 5440 ιι
602 5385 671 5441 alias
698 5376 955 5450 exercitationes,D
970 5385 1045 5441 illam
1068 5386 1200 5441 triticeam
1224 5400 1273 5455 pro
1289 5392 1342 5440 tota
1357 5383 1536 5439 bebdomada.
1561 5383 1603 5438 ad
1627 5382 1706 5452 cujus
1729 5380 1770 5437 rei

123 5491 192 5546 quas
206 5491 240 5531 ex
253 5473 377 5545 professo
392 5480 467 5527 notat
480 5474 513 5530 lt.
530 5475 559 5529 P.
576 5472 686 5546 Guigo,
702 5471 792 5545 capite
807 5475 851 5540 35,
868 5487 920 5528 no·
967 5470 1125 5526 memoriam
1148 5470 1239 5525 adlrnc
1261 5469 1335 5539 apud
1358 5482 1409 5523 nos
1432 5474 1557 5524 servatur
1579 5465 1608 5521 iu
1629 5458 1771 5539 plerisque

125 5570 188 5619 stre
200 5560 375 5618 institutionis
390 5576 446 5616 non
460 5576 532 5617 esse.
967 5559 1095 5615 domibus
1108 5556 1222 5629 ordInis,
1234 5565 1262 5613 ut
1277 5564 1401 5633 ternpore
1417 5555 1556 5615 Adventus
1569 5563 1597 5611 et
1607 5552 1771 5633 Quadrupe-
