3742 5986
64 149 66 154 *
155 153 207 207 439
422 135 450 191 S.
470 128 649 190 BRUNONIS
664 127 988 188 CARTHUSIANORUM
1010 127 1254 187 utsttrtttottts
1275 129 1352 190 OPP.
1377 129 1466 187 PARS
1487 129 1522 186 Il.
1752 136 1806 191 llll

155 268 304 333 bominem,
321 262 365 320 vel
375 261 471 318 eodem
485 265 623 314 momento
639 272 700 314 oum
724 255 843 320 bomine,
868 253 989 325 Deus,A
1008 253 1164 326 «primum,
1198 263 1225 312 et
1248 255 1288 313 sio
1311 255 1474 325 ministrent,
1499 253 1603 311 nullum
1626 254 1730 313 crimen
1754 258 1808 314 ba-

155 359 179 414 si
193 357 283 422 vellet,
300 367 394 411 creare
408 355 501 421 posset
516 346 668 419 mulierem,
685 361 740 401 non
768 344 826 400 sine
841 360 869 400 re
884 351 954 399 tem·
1008 365 1019 391 e
1037 343 1142 400 bentes.
1159 345 1286 401 Mulieres
1301 345 1424 400 similiter
1444 343 1568 415 pudicas,
1585 360 1641 400 non
1654 345 1805 403 detraben-

155 461 224 517 pore
239 441 419 515 posteriorem
434 435 491 492 viro
505 434 578 501 lecit,
596 434 657 490 ideo
671 433 758 489 adbuc
783 431 882 487 mulier
901 447 955 486 non
1008 440 1087 498 stes,
1114 433 1231 501 sobrias,
1257 433 1352 490 fideles
1376 434 1403 488 in
1433 432 1568 489 omnibus.
1592 433 1727 491 Diacones
1752 435 1806 491 sint

156 534 238 589 debet
252 532 279 586 iu
296 529 382 585 virum
396 524 549 590 dominari,
565 523 664 579 etenim
679 522 767 578 Adam
787 537 845 576 non
861 524 904 580 cst
917 536 957 575 se·
1007 542 1019 573 ι
1036 521 1116 576 unius
1131 523 1224 579 uxoris
1240 523 1301 590 viri,
1319 523 1365 595 qui
1387 521 1450 577 filiis
1473 523 1530 578 suis
1555 522 1624 579 bene
1639 525 1762 596 praesint,
1779 534 1806 582 et

157 623 260 678 ductas
275 617 322 674 illo
336 615 419 671 modo
434 629 487 686 qno
507 612 613 678 mulier,
629 619 658 667 ut
680 610 806 666 crederet
820 625 850 665 se
872 615 955 682 gustu
1008 631 1019 658 v
1037 611 1094 666 suis
1110 611 1247 667 domibus.
1263 612 1316 682 Qui
1328 612 1400 668 enim
1417 612 1486 668 bene
1500 611 1722 680 ministraverint,
1739 631 1806 686 gra-

155 709 231 782 pomi
245 707 304 763 fieri
318 707 415 770 Deum,
439 702 488 758 sed
503 700 531 756 in
554 702 607 757 hoc
630 690 740 771 quidem
755 698 884 754 seductus
907 696 955 752 tuit
1007 700 1100 755 «dum
1121 701 1172 755 sibi
1198 702 1296 759 bonum
1320 701 1470 773 acquirent,
1488 709 1514 756 et
1537 701 1651 757 multum
1676 702 1806 761 fiduciam

155 799 227 872 quia,
245 796 375 852 suadente
391 791 442 847 sibi
457 789 569 846 muliere
593 804 673 861 quam
697 789 770 843 Deus
794 787 822 842 in
849 787 955 856 adjuto·
1008 789 1063 843 riu
1078 788 1131 844 fide
1147 807 1208 863 quae
1223 798 1264 846 est
1277 792 1304 845 iu
1320 790 1426 847 Christo
1440 791 1515 846 lesu.
1540 791 1606 848 Haeo
1630 791 1679 846 tibi
1702 792 1804 860 scribo,

154 889 223 943 rium
239 885 290 941 sibi
305 883 426 947 dederat,
444 887 589 951 utrumque
603 875 766 933 existimavit
780 892 862 947 posse
883 874 952 943 lieri,
1007 875 1074 932 «sili
1098 877 1247 948 Timotheo,
1271 895 1385 950 sperans
1408 895 1452 935 me
1482 879 1574 935 venire
1598 880 1633 935 ad
1648 887 1673 936 te
1697 881 1760 938 cito.
1778 881 1806 938 Si

153 985 180 1032 et
193 974 271 1030 uxori
286 990 316 1030 se
331 985 436 1026 morem
456 984 566 1041 gerere,
582 973 608 1022 et
636 965 734 1037 patrati
756 964 868 1021 sceleris
896 972 954 1020 acta
1009 986 1019 1017 ε
1036 975 1125 1022 autem
1141 967 1295 1035 tardavero,
1311 976 1340 1022 ut
1354 967 1424 1024 scias
1439 969 1577 1040 quomodo
1598 978 1724 1040 oporteat
1738 977 1765 1026 te
1779 971 1809 1026 in

153 1062 311 1137 poenitentia
325 1077 341 1116 a
357 1061 414 1115 Deo
430 1074 460 1114 se
473 1071 554 1127 posse
576 1054 685 1111 veniam
706 1054 840 1110 obtinere.
866 1054 955 1109 Adam
1008 1075 1019 1106 r
1037 1055 1118 1110 domo
1134 1055 1185 1111 Dei
1201 1057 1368 1124 conversari,
1392 1073 1452 1128 quae
1471 1064 1512 1112 est
1527 1056 1651 1113 Ecclesia
1666 1058 1716 1114 Dei
1739 1058 1805 1125 vivi,

153 1169 207 1209 non
219 1160 259 1207 est
267 1151 406 1214 seductus,
418 1146 626 1202 meliorationi
636 1143 752 1200 seducto
757 1143 826 1214 snit,
839 1143 954 1198 credens
1007 1164 1018 1194 r
1041 1143 1168 1200 columna
1183 1152 1210 1200 et
1236 1143 1434 1202 firmamentum
1458 1145 1589 1203 veritatis.
1614 1148 1648 1201 Et
1662 1146 1807 1204 manifeste

154 1257 184 1297 se
194 1240 254 1296 lieri
270 1240 342 1294 Deos
359 1245 386 1292 ut
401 1250 515 1305 serpens
526 1239 655 1300 suaserat,
668 1232 699 1287 in
708 1232 952 1304 praeuaricatione,
1007 1253 1018 1283 r
1036 1248 1166 1305 magnum
1183 1241 1224 1289 est
1238 1234 1348 1306 pietatis
1370 1244 1586 1302 sacramentnm,
1602 1236 1674 1307 quod
1689 1236 1806 1292 manile·

153 1328 182 1384 id
197 1336 237 1384 est
252 1328 279 1382 in
293 1333 355 1383 actu
368 1323 484 1396 peccati,
501 1322 606 1378 scilicet
625 1321 653 1375 in
675 1320 843 1377 comestione
868 1321 952 1392 pomi.
1007 1329 1133 1376 «statum
1150 1330 1190 1377 est
1207 1322 1234 1386 in
1248 1337 1341 1390 carne,
1360 1331 1386 1379 et
1410 1322 1586 1393 justificatum
1602 1331 1644 1379 est
1656 1325 1684 1379 in
1700 1324 1805 1396 spiritu,

153 1419 188 1473 Et
202 1423 314 1487 propter
330 1422 369 1469 tot
383 1428 481 1468 causas
500 1410 598 1466 mulier
620 1425 729 1480 semper
752 1408 848 1479 subjici
872 1409 954 1464 debet
1007 1411 1160 1480 «apparuit
1174 1411 1290 1484 angelis,
1308 1411 1483 1483 praedicatum
1497 1420 1539 1467 est
1557 1413 1694 1486 gentibus,
1712 1412 1804 1470 credi-

152 1506 222 1573 viro,
235 1520 290 1559 uon
304 1502 445 1575 praelerri3
462 1499 582 1571 spiritali
589 1497 744 1570 praelatione
754 1498 826 1568 dico,
842 1497 865 1552 si
881 1497 954 1554 enim
1007 1521 1013 1546 ι
1036 1505 1092 1554 tum
1107 1507 1148 1554 est
1162 1499 1190 1555 in
1206 1501 1317 1569 mundo,
1334 1507 1503 1572 assumptum
1519 1509 1560 1556 est
1576 1500 1604 1556 in
1622 1501 1719 1574 gloria.
1740 1525 1750 1550 ι

152 1609 247 1649 servos
262 1592 354 1659 habet,
375 1591 437 1645 licet
452 1590 522 1645 bene
543 1587 675 1642 dominari
698 1586 727 1641 in
751 1586 805 1642 illis
829 1585 996 1672 soeculnriB

151 1681 282 1738 dominio.
308 1681 400 1735 Potest
430 1678 511 1735 etiam
535 1677 633 1732 mulier
656 1676 814 1732 mulieribus
839 1674 955 1746 spiritali

151 1772 234 1827 modo
248 1785 379 1842 praeesse,
396 1767 445 1823 sed
460 1767 519 1823 viro
534 1782 685 1838 nunquam.
704 1766 746 1821 Ne
770 1764 954 1833 autemalicui
1008 1820 1011 1824 ,
1040 1765 1186 1836 Postquam
1202 1766 1424 1822 communitatem
1439 1765 1570 1823 Ecclesia
1586 1767 1726 1824 admonuit
1740 1785 1806 1825 ora-

151 1860 292 1915 vidaretur
306 1857 448 1914 mulierem
462 1871 518 1912 nou
541 1871 623 1927 posse
648 1853 759 1920 salvari,
788 1853 849 1926 quia
872 1868 954 1910 causa
1003 1868 1043 1921 re,
1060 1860 1086 1908 et
1102 1867 1138 1909 ex
1153 1854 1205 1910 hoc
1219 1854 1357 1925 publicum
1373 1864 1542 1927 praeceptum
1556 1856 1584 1911 in
1606 1857 1733 1914 omnibus
1757 1860 1805 1916 de·

111 1919 116 1930 ⁹
150 1948 231 2005 luerit
246 1948 326 2004 totius
341 1945 513 2018 perditionis,
530 1952 557 2000 et
578 1943 642 2018 qnia
665 1944 738 1999 idem
763 1942 862 1998 Paulus
885 1942 953 1998 adeo
1004 1940 1051 2010 dit,
1068 1942 1161 1998 subdit
1174 1943 1300 2014 quaedam
1324 1944 1413 2000 divisa
1437 1953 1583 2018 praecepta,
1608 1963 1670 2019 quae
1694 1963 1750 2003 non
1771 1948 1806 2004 de

150 2038 300 2094 detestatus
314 2035 349 2090 sit
373 2034 525 2101 mulierem,
549 2033 641 2088 subdit
662 2032 698 2088 de
721 2032 808 2088 salute
836 2033 895 2102 ejus
910 2032 954 2086 di·
1003 2030 1129 2085 omnibns
1144 2039 1237 2103 agant,
1255 2032 1359 2089 scilicet
1385 2032 1419 2088 de
1438 2034 1592 2090 sacerdotio
1607 2042 1633 2090 et
1646 2035 1804 2103 diaconatu,

150 2141 216 2183 cens
229 2125 321 2181 :Licet
344 2123 441 2179 mulier
463 2122 576 2178 seducta
600 2122 634 2177 sit
657 2136 712 2177 non
736 2121 849 2177 seducto
873 2120 951 2186 viro,
1002 2117 1142 2174 insinuans
1156 2120 1269 2191 quales,
1285 2129 1312 2176 et
1327 2122 1464 2193 quomodo
1478 2122 1513 2177 ad
1528 2122 1595 2178 istos
1623 2123 1736 2180 ordines
1751 2125 1805 2181 sim

155 2220 253 2270 tomen
263 2212 361 2268 mulier
374 2211 540 2268 salvabitur.
557 2211 618 2266 Non
634 2209 724 2266 solum
738 2209 815 2282 virgo
829 2208 873 2265 vel
888 2223 953 2264 con·
1001 2207 1189 2278 promovendi.
1201 2207 1280 2277 Quod
1291 2218 1458 2281 praeceptum
1468 2210 1530 2283 quia
1540 2211 1607 2268 vidit
1620 2227 1769 2269 onerosum
1779 2221 1805 2270 et

150 2302 250 2371 bueus,
267 2301 316 2356 sed
327 2300 408 2356 etiam
419 2299 524 2355 vadens
533 2315 585 2371 per
594 2301 805 2371 generationem
814 2299 952 2367 filioram,
1003 2294 1114 2351 difficile
1129 2297 1303 2368 quibusdam,
1315 2307 1460 2371 antequam
1476 2309 1608 2372 proponat
1618 2303 1803 2369 commendat,

150 2391 229 2446 idest
240 2386 952 2460 etiamnupta.Hacconditionedico32⁰siper-
1002 2382 1097 2439 dicens
1115 2400 1120 2438 :
1135 2385 1184 2441 llic
1198 2403 1290 2444 sermo
1309 2404 1391 2459 quem
1415 2387 1535 2444 dicturus
1558 2397 1622 2444 sunt
1643 2389 1737 2459 fidelis
1752 2399 1802 2458 est,

149 2481 290 2536 manserit
305 2480 337 2535 in
351 2479 417 2548 fide,
433 2481 461 2534 et
477 2477 549 2550 quod
561 2492 653 2532 sanam
665 2474 746 2532 lidem
760 2477 869 2543 habeat,
885 2477 953 2532 etin
1003 2470 1030 2526 id
1045 2481 1087 2528 est
1102 2474 1178 2530 credi
1192 2474 1284 2544 debet,
1300 2484 1327 2532 et
1341 2476 1443 2531 nemini
1465 2485 1506 2534 est
1521 2493 1665 2534 onerosus.
1682 2478 1734 2536 Hic
1748 2479 1803 2535 uti-

150 2568 303 2625 dileetione
319 2565 541 2638 Deietproximi‚
554 2565 620 2621 etin
630 2565 856 2633 sanctificatione
871 2581 951 2637 quam
1002 2578 1054 2635 que
1069 2569 1112 2617 est
1128 2579 1218 2619 sermo
1231 2581 1312 2636 quem
1322 2566 1485 2621 commendo
1501 2584 1508 2621 τ
1523 2568 1804 2641 oportetepisoopam

149 2656 256 2726 accepit
269 2655 298 2710 in
321 2654 466 2725 baptismo.
493 2653 673 2710 Permanserit
697 2652 759 2709 dico
783 2652 811 2708 in
825 2653 867 2708 his
886 2671 952 2711 eum
1001 2667 1060 2707 esse
1074 2653 1360 2723 irreprehensibilem.
1377 2654 1426 2710 Hic
1435 2662 1526 2710 autem
1535 2671 1587 2727 per
1597 2656 1757 2728 episcopum
1765 2657 1802 2713 si·

149 2744 308 2810 solmetete,
321 2758 404 2814 quam
418 2742 480 2799 ideo
495 2742 593 2813 repetit
611 2741 722 2813 quodin
737 2743 789 2798 hac
804 2741 950 2812 plurimum
1001 2737 1111 2813 gnificat
1137 2742 1317 2798 sacerdotem.
1349 2742 1490 2814 Superlluo
1521 2743 1593 2800 euim
1621 2744 1801 2816 Timotheum,

148 2831 254 2889 soleant
277 2845 392 2904 peccare
415 2830 555 2897 mulieres,
581 2830 643 2886 ideo
667 2831 828 2902 conjugatas
851 2829 951 2885 salvari
1001 2827 1046 2900 qui
1062 2829 1242 2899 Ephesiorum
1256 2831 1401 2902 episcopus
1415 2839 1482 2899 erat,
1504 2832 1538 2888 de
1561 2832 1715 2890 ordinando
1740 2835 1801 2906 epi-

148 2936 231 2992 posse
245 2919 321 2987 dixit,
338 2918 410 2992 quia,
427 2918 452 2974 si
466 2918 500 2974 tle
516 2918 668 2990 virginibus
682 2918 726 2973 vel
750 2918 839 2974 viduis
861 2918 950 2973 solum
1001 2932 1085 2987 scopo
1099 2918 1225 2988 Ephesiis
1239 2919 1391 2990 instrueret,
1416 2936 1479 2977 oum
1503 2937 1536 2977 eo
1558 2921 1596 2976 ibi
1610 2921 1795 2995 episcopante,

149 3008 274 3076 dixisset,
303 3015 445 3080 putaretur
472 3006 639 3062 intellexisse
663 3006 765 3062 salvari
788 3022 843 3062 non
867 2971 985 3078 possec
1000 3004 1084 3060 alium
1097 3006 1198 3062 ibidem
1223 3007 1375 3079 episcopari
1399 3009 1549 3066 absurdum
1573 3019 1656 3078 esset,
1672 3027 1725 3069 nec
1739 3028 1799 3069 cre-

148 3098 320 3171 conjugatas,
334 3114 395 3169 quae
409 3112 471 3153 oum
484 3095 623 3152 salvandae
638 3095 700 3166 sint,
712 3103 818 3152 constat
833 3111 883 3167 per
897 3096 949 3152 boc
999 3093 1119 3151 deudum
1135 3103 1184 3150 est.
1201 3096 1333 3152 Praeterea
1348 3097 1372 3152 si
1393 3098 1427 3153 de
1453 3099 1613 3155 diaconibus
1634 3109 1800 3173 preceptum

1327 1664 1488 1706 nxrosrrto.
1507 1644 1510 1651 '

149 3185 184 3243 de
198 3187 286 3243 salute
301 3185 438 3259 virginum
461 3194 488 3241 et
510 3185 663 3241 viduarum.
688 3185 738 3240 Vel
761 3184 948 3242 continuemus
998 3184 1074 3241 daret
1088 3185 1284 3256 (praetermisso
1299 3187 1462 3244 sacerdotali
1476 3189 1573 3245 ordine
1595 3189 1641 3262 qul
1656 3191 1801 3263 procedi)

148 3274 228 3331 aliter
243 3292 251 3330 ς
266 3275 463 3331 Licetmatieri
472 3290 531 3331 non
540 3273 696 3344 permittam
711 3275 809 3332 doecre
818 3274 847 3329 in
856 3274 948 3331 Eccle·
998 3273 1133 3330 absonum
1154 3274 1295 3331 videretur
1314 3284 1340 3332 et
1364 3277 1580 3334 inordinabiliter
1603 3278 1717 3336 lactum.
1743 3281 1801 3339 Nec

148 3362 200 3430 sia,
217 3371 307 3419 tamen
320 3364 485 3430 salvabitur,
501 3363 528 3419 id
540 3370 580 3418 est
589 3363 688 3435 poterit
699 3363 875 3419 salvationem
891 3379 947 3419 me·
998 3362 1096 3418 mirum
1110 3363 1133 3418 si
1148 3379 1197 3434 per
1215 3364 1372 3437 episcopum
1397 3367 1488 3440 signat
1507 3367 1710 3439 presbyterum,
1735 3385 1798 3429 cum

148 3452 203 3508 reri
217 3468 268 3524 per
281 3454 495 3524 generationem
511 3453 648 3521 filioram,
667 3451 695 3507 id
719 3460 759 3508 est
773 3452 947 3523 spiritualiter
997 3451 1026 3505 in
1040 3452 1201 3508 baceadem
1215 3452 1348 3524 Epistola,
1372 3471 1422 3526 per
1448 3456 1639 3528 presbyterum
1663 3457 1801 3530 significet

146 3540 307 3598 instruendo
321 3541 395 3597 domi
410 3540 481 3597 filios
495 3556 569 3607 snos,
600 3540 748 3598 salvabitur
770 3542 822 3597 bac
836 3541 898 3614 lege
924 3543 948 3597 ri
998 3540 1165 3612 episcopum.
1182 3543 1217 3597 Et
1231 3542 1295 3613 quia
1312 3543 1446 3600 volentem
1460 3545 1615 3617 episcopari
1624 3545 1801 3618 irreprehen-

147 3629 291 3702 (quantum
306 3630 335 3685 in
348 3629 395 3685 illa
406 3629 469 3701 erit)
480 3629 527 3684 lilii
542 3630 601 3699 ejus
616 3632 828 3702 permanserint
839 3632 871 3685 in
880 3630 945 3700 fide,
998 3627 1106 3685 sibilum
1121 3646 1181 3686 esse
1196 3646 1312 3687 necesse
1327 3640 1378 3698 est,
1395 3632 1457 3689 ideo
1472 3635 1498 3691 si
1512 3635 1727 3707 quisdesiderot
1741 3639 1801 3710 cpi·

147 3720 342 3786 etdilectione,
354 3719 866 3788 etsunctr'ficotione,cnmsobrietote,
878 3719 946 3776 sieut
997 3723 1153 3790 scopatum,
1170 3719 1199 3774 id
1219 3728 1259 3774 est
1282 3737 1365 3793 super
1387 3721 1438 3777 eibi
1459 3723 1622 3779 commissos
1643 3724 1798 3794 intendere,

147 3806 248 3862 dictum
271 3814 322 3862 est.
997 3804 1042 3861 hic
1057 3806 1195 3863 desiderat
1209 3823 1264 3863 non
1288 3825 1401 3880 aurum,
1420 3827 1475 3867 non
1499 3811 1616 3879 divitias,
1632 3828 1687 3868 non
1696 3813 1800 3883 jucun·

466 3929 579 3986 CAPUT
602 3930 639 3985 ΠΙ
995 3892 1108 3951 ditatem
1141 3895 1242 3965 saeculi,
1277 3898 1328 3954 sed
1350 3915 1429 3969 opas,
1460 3899 1488 3954 id
1516 3908 1559 3956 est
1594 3900 1720 3958 laborem
1750 3903 1798 3961 lvo-

642 3971 648 3985 '
995 3999 1076 4050 narn,
1099 3984 1126 4039 id
1156 3993 1197 4040 est
1215 3985 1307 4043 utilem
1342 3987 1394 4042 sibi
1421 3995 1448 4044 et
1476 3988 1519 4044 bis
1546 4005 1630 4060 supra
1656 4005 1727 4062 quos
1753 3990 1799 4047 in·

183 4059 313 4118 «Fidelis
328 4076 427 4117 sermo.
445 4061 472 4118 Si
497 4062 558 4134 quis
583 4062 772 4135 episcopatum
796 4064 942 4136 desiderat,
995 4071 1089 4127 tendit.
1124 4072 1278 4145 Episcopus
1301 4075 1373 4132 enim
1410 4078 1651 4150 superintendens
1687 4078 1797 4150 dicitur,

148 4149 277 4206 «bonum
292 4165 362 4221 opus
380 4149 526 4207 desiderat.
553 4150 666 4223 Oportet
690 4151 761 4208 enim
785 4153 946 4225 episcopum
995 4174 1094 4231 scopos
1117 4162 1189 4217 enim
1215 4163 1348 4229 intentio,
1366 4164 1409 4235 epi
1428 4182 1515 4238 super
1540 4165 1745 4238 interpretatur.
1766 4169 1800 4224 Et

152 4238 445 4310 «irreprebensibilem
468 4255 530 4296 esse
553 4241 632 4297 unius
656 4241 750 4297 uxoris
771 4240 869 4308 virum,
896 4259 943 4299 so·
994 4249 1121 4320 quoniam
1173 4251 1218 4322 qui
1264 4252 1403 4308 desiderat
1441 4254 1645 4326 episcopatum,
1688 4257 1799 4328 operari

145 4319 275 4394 ebrium,
301 4335 435 4396 umatum,
459 4328 630 4401 pmdentem,
654 4331 793 4402 pudicum,
820 4330 981 4403 hospita-D
999 4336 1115 4394 321
1136 4339 1237 4395 bonum
1252 4340 1399 4411 desiderat,
1415 4358 1482 4415 ergo
1505 4351 1612 4414 oportet
1627 4343 1797 4417 episcopum,

145 4436 158 4468 ι
174 4415 239 4485 lem,
264 4416 412 4486 doctorem,
439 4433 493 4473 non
518 4418 694 4490 vinolentum,
719 4435 774 4476 non
796 4436 945 4490 percusso·
996 4425 1024 4482 id
1039 4433 1080 4481 est
1094 4443 1209 4484 necesse
1223 4436 1265 4484 est
1279 4430 1416 4486 volentem
1430 4431 1584 4503 episcopari
1598 4447 1660 4488 esse
1675 4433 1796 4506 irrepre-

145 4523 157 4555 ι
175 4520 242 4574 rem,
264 4503 314 4561 sed
338 4505 503 4576 modestum,
528 4523 583 4563 non
607 4507 767 4581 litigiosum,
783 4524 839 4564 non
865 4510 944 4581 cupi·
995 4514 1166 4584 bensibilem,
1184 4517 1248 4589 quia
1263 4516 1287 4573 si
1301 4518 1337 4574 sit
1347 4520 1568 4590 reprehensibilis
1583 4521 1704 4594 quandiu
1720 4523 1749 4580 in
1762 4539 1797 4581 eo

143 4592 247 4661 edum,
264 4592 313 4649 sed
329 4609 386 4649 suae
398 4593 490 4650 domui
505 4595 575 4651 bene
590 4597 776 4668 praepositum,
803 4596 873 4653 lilios
895 4598 944 4653 ba·
994 4610 1045 4668 est,
1062 4604 1167 4660 bonum
1177 4607 1287 4677 operari
1300 4608 1404 4680 nequit.
1426 4610 1700 4681 lrreprebensibilem
1717 4620 1797 4670 vocnt

143 4681 283 4738 abentem
315 4681 439 4738 subditos
463 4698 524 4741 cum
557 4684 631 4739 omni
666 4685 797 4741 castitate.
831 4685 943 4759 Siquis
994 4691 1094 4746 nullius
1116 4693 1264 4749 criminalis
1293 4712 1381 4763 reum,
1411 4697 1468 4770 qui,
1498 4698 1579 4754 etiam
1602 4698 1666 4756 licet
1688 4701 1796 4758 crimen

141 4780 260 4827 vantem
282 4771 443 4828 domuisuae
457 4788 578 4844 praeesse
602 4773 700 4841 nescit,
725 4774 862 4845 quomodo
887 4776 942 4833 Ec·
992 4795 1047 4834 non
1062 4781 1169 4849 habeat,
1186 4783 1304 4840 custodit
1319 4800 1349 4840 se
1372 4785 1412 4842 sic
1435 4787 1509 4858 quod
1524 4803 1575 4844 nec
1598 4788 1627 4842 in
1650 4804 1684 4845 eo
1703 4789 1798 4862 aliqua

141 4858 262 4916 «clesiae
275 4860 326 4916 Dei
350 4859 521 4932 diligentiam
536 4861 645 4918 babebit
659 4862 673 4916 l
686 4863 747 4918 Non
764 4865 940 4937 neophytum,
992 4867 1113 4924 oriminis
1138 4871 1245 4928 occasio
1269 4871 1403 4940 videatur,
1430 4876 1504 4930 unde
1527 4875 1688 4933 criminosus
1707 4879 1796 4950 suspi-

141 4969 152 4995 α
170 4963 204 5003 ne
219 4949 247 5002 in
263 4948 421 5020 superbiam
435 4948 533 5018 elatus,
550 4949 577 5004 in
599 4949 731 5019 judicium
755 4951 857 5008 incidat
879 4954 941 5009 dia·
991 4965 1078 5013 cetur.
1094 4959 1175 5015 Hunc
1190 4968 1282 5016 autem
1297 4961 1466 5033 episcopum,
1483 4964 1511 5019 id
1530 4972 1572 5021 est
1595 4965 1734 5022 volentem
1747 4983 1795 5023 sa·

139 5035 235 5091 eboli.
254 5035 367 5106 Oportet
382 5047 473 5094 autem
489 5047 516 5093 et
539 5036 615 5093 illum
640 5039 823 5096 testimonium
839 5043 942 5100 babere
990 5047 1113 5102 cerdotio
1127 5047 1214 5121 iungi,
1232 5057 1340 5120 oportet
1354 5049 1439 5106 fuisse
1454 5054 1548 5109 viram
1571 5056 1659 5110 unitos
1680 5057 1794 5124 weris,

139 5144 150 5174 r
170 5123 271 5179 bouum
285 5125 320 5178 ab
335 5125 377 5179 his
391 5125 436 5197 qui
452 5125 518 5182 loris
532 5135 603 5196 sunt,
620 5136 650 5182 ut
660 5144 714 5184 nou
724 5129 751 5184 in
762 5131 940 5201 opprobrium
990 5136 1064 5206 quod
1078 5152 1159 5190 unam
1174 5145 1277 5192 tantum
1292 5154 1405 5195 uxorem
1421 5140 1498 5212 (dum
1512 5141 1563 5197 sibi
1579 5142 1689 5198 uxorari
1703 5144 1793 5216 licuit)

138 5233 149 5263 ι
167 5211 277 5280 incidat,
295 5220 322 5268 et
336 5212 364 5267 in
378 5213 506 5285 laqueum
526 5216 637 5272 diaboli.
664 5218 801 5274 Diaconos
816 5219 940 5275 similiter
989 5223 1121 5280 babuerit.
1138 5226 1199 5280 Non
1216 5227 1288 5298 quod
1303 5227 1330 5281 in
1347 5228 1504 5300 episcopatu
1528 5245 1590 5286 eam
1613 5231 1724 5300 habeat,
1747 5234 1794 5290 vel

137 5323 148 5350 v
166 5300 290 5373 pudicos,
307 5317 363 5357 non
377 5302 522 5374 bilingues,
549 5321 604 5361 non
621 5306 705 5362 multo
731 5308 795 5363 vino
820 5308 936 5379 deditos,
989 5313 1062 5383 quod
1078 5313 1100 5368 si
1115 5315 1217 5370 nullam
1232 5315 1337 5382 babuit,
1354 5317 1492 5388 repudiari
1515 5319 1621 5386 debeat,
1637 5320 1687 5376 sed
1701 5322 1794 5396 magis

137 5406 221 5446 «non
236 5398 315 5463 turpe
330 5390 435 5447 lucrum
450 5399 596 5461 sectantes,
622 5395 755 5452 babentes
777 5396 938 5468 mysterium
987 5400 1083 5471 accipi.
1110 5402 1175 5458 ldeo
1199 5403 1259 5460 viro
1282 5404 1425 5460 multamm
1453 5422 1571 5464 uxorum
1595 5417 1678 5480 negat
1697 5424 1793 5467 saeer-

138 5475 230 5535 «fidei
244 5477 272 5535 in
287 5479 455 5538 conscientia
467 5497 545 5555 pura.
561 5483 596 5541 Et
619 5483 648 5540 hi
671 5492 762 5544 autem
784 5485 937 5559 probentur
986 5489 1099 5559 dotium,
1116 5491 1189 5563 quia,
1206 5490 1254 5548 illo
1278 5494 1397 5552 solutoa
1416 5495 1508 5569 priore
1532 5512 1629 5567 uxore,
1654 5512 1719 5556 cum
1742 5515 1792 5556 se-
