3742 5986
52 216 108 273 293
386 213 577 273 nxrostrto
596 215 634 272 IN
652 212 841 272 aelswius
859 211 971 270 eluit.
993 240 1028 253 -
1047 210 1085 268 IN
1102 209 1213 267 EPIST.
1233 210 1282 267 tn
1300 209 1380 268 dut.
1652 213 1705 270 294

56 359 70 390 ι
87 339 154 394 hem
168 338 236 407 Deo,
252 345 277 393 et
292 345 446 410 reputatum
465 348 506 397 est
524 340 550 397 ei
572 341 608 396 nd
624 340 755 411 justitiam
771 341 890 412 (Gemi.
905 336 940 392 ei.
952 335 1107 392 Festinatos
1121 334 1202 403 dicit,
1228 349 1360 391 accusans
1382 332 1566 407 insipientiam
1587 349 1702 402 eorum3

59 449 71 475 ι
88 441 141 496 xv,
154 430 190 493 ὃς
205 429 282 482 Rom.
298 443 338 494 ιν,
354 427 392 498 3).
411 452 422 477 r
439 428 603 503 Cognoscitc
623 445 702 501 ergo,
725 428 788 501 quia
810 427 857 500 qui
907 439 963 481 non
977 424 1048 481 enim
1063 422 1192 480 differunt
1205 439 1222 479 ιι
1236 424 1347 492 vetulis,
1365 440 1426 496 quae
1440 423 1555 480 credunt
1570 423 1704 497 quosdam

56 535 69 566 ι
87 530 123 570 ex
138 511 274 582 fidesunt,
290 513 396 571 bisunt
418 514 465 571 filii
480 517 609 575 Abrahae.
633 517 784 574 Providens
806 532 857 572 au·
907 513 1086 570 fascinatores
1101 512 1161 568 solo
1171 512 1231 568 visu
1242 528 1323 584 posse
1339 526 1513 584 corrumpere
1524 529 1593 585 quos
1603 513 1704 571 volunt.

57 623 70 654 ι
86 609 146 658 tem
160 601 308 674 Scriptura,
325 603 387 675 quia
405 620 438 660 ex
453 603 507 661 fide
519 605 646 676 justificat
656 613 753 680 gentes
772 607 855 674 Deus,
910 603 964 657 Vos
977 601 1041 658 dico
1054 600 1201 657 fascinatos
1213 605 1281 658 ante
1291 602 1386 658 oculor
1399 617 1518 673 quorum
1532 601 1704 673 (quinipsam

56 713 70 740 ι
86 690 281 764 praenuntiavit
299 691 425 762 tumne,
446 693 510 766 quie
534 714 546 746 r
569 694 764 750 benedicentur
783 693 811 749 in
823 694 857 750 'te
907 690 1050 746 veritotem
1069 689 1175 745 hebetis
1189 696 1214 745 et
1229 689 1406 763 cognoscitis)
1422 696 1448 745 et
1461 690 1489 744 iu
1504 689 1591 746 oculis
1604 689 1705 747 vestris

57 794 189 835 «omues
202 786 301 853 gentes
316 779 395 850 (Gen.
415 795 467 852 rur,
493 782 531 852 3).
551 782 665 856 »Igitur
685 782 778 855 quiex
803 779 857 839 lide
908 777 1037 834 Christus
1055 779 1134 835 lesus
1145 779 1321 851 proscriptas
1339 782 1390 834 ert.
1407 778 1577 850 Proscriptus
1595 777 1704 848 dicitur,

57 874 151 924 «sunt
163 867 363 925 benedicentur
381 885 444 926 cum
467 869 539 926 fideli
561 871 708 927 Abraham.
734 868 857 940 Quicun-
907 866 953 938 qui
975 882 991 920 a
1014 882 1100 939 regno
1123 875 1150 922 et
1162 865 1317 922 hereditate
1333 882 1383 922 suo
1402 866 1593 938 depellitur.li
1614 875 1705 923 eutem

58 971 144 1028 «que
156 955 231 1012 euim
246 971 280 1012 ex
303 957 433 1029 operibus
451 957 521 1032 legis
544 965 616 1026 sunt,
640 959 691 1014 suh
712 958 857 1016 meledicto
907 953 1044 1009 Christum
1058 971 1168 1028 arogno
1183 962 1210 1012 et
1218 954 1375 1010 hereditate
1385 969 1436 1010 sun
1445 954 1627 1026 depellebant,
1638 955 1705 1011 dum

58 1050 165 1098 «sunt,
194 1043 330 1116 Scriptum
357 1053 399 1101 est
427 1046 500 1102 enim
517 1065 553 1102 :a
580 1047 740 1104 Maledictus
768 1047 857 1102 omnis
907 1041 1014 1113 scipsos
1034 1042 1062 1097 iu
1076 1042 1175 1114 quibus
1190 1058 1306 1116 regnare
1321 1042 1448 1111 debebat,
1469 1042 1552 1115 etqui
1563 1043 1620 1113 ejus
1631 1051 1706 1100 eraut

59 1129 192 1205 .[h0mo]
205 1132 252 1204 qui
266 1148 322 1189 uon
334 1134 515 1205 permanserit
529 1135 557 1189 in
572 1135 699 1192 omnibus
714 1152 775 1208 quae
786 1135 857 1192 scri-
907 1131 1060 1197 haereditns,
1085 1131 1192 1187 Christo
1208 1131 1408 1187 subducebant.
1435 1131 1496 1187 Non
1516 1132 1603 1188 solum
1624 1147 1705 1203 pros·

60 1240 72 1268 ι
88 1227 138 1292 pta
157 1227 222 1275 sunt
242 1220 271 1275 iu
291 1220 362 1278 libro
376 1221 457 1294 legis,
474 1230 502 1278 ut
524 1222 602 1278 iaciat
613 1239 645 1279 ea
659 1224 752 1296 (beat.
764 1239 855 1294 xxvu,
907 1219 1027 1290 criptus3
1044 1218 1187 1276 sedetiam
1202 1219 1325 1275 Christus
1347 1227 1389 1274 est
1402 1220 1434 1275 io
1450 1219 1524 1276 uobis
1537 1221 1704 1290 crucifixus.

60 1310 148 1379 ιιι).
166 1332 179 1358 ι
197 1307 332 1378 Quoniam
355 1317 443 1367 autem
458 1310 486 1365 in
508 1311 571 1385 lege
595 1327 676 1368 nemo
696 1311 859 1382 justificatur
906 1308 969 1363 Non
983 1307 1055 1363 cuim
1070 1307 1158 1381 magis
1177 1307 1253 1364 viluit
1277 1306 1397 1364 213
1421 1307 1545 1364 Christus
1566 1308 1594 1364 iu
1618 1308 1705 1366 oculis

60 1417 72 1445 ι
87 1396 165 1469 apud
180 1396 280 1465 Deum,
295 1397 464 1454 manifestum
479 1407 529 1468 est,
547 1399 611 1472 quia
627 1422 638 1448 r
653 1401 742 1470 justus
766 1415 800 1456 ex
822 1398 856 1454 li-
906 1395 1061 1452 ludaeorum
1086 1404 1113 1452 et
1124 1395 1213 1464 Pilati,
1222 1411 1304 1468 quam
1317 1395 1346 1450 in
1360 1395 1447 1464 vohis,
1459 1396 1504 1468 qui
1515 1397 1556 1453 sic
1569 1412 1632 1452 eum
1639 1413 1705 1455 con-

61 1483 203 1541 «derisit
217 1484 330 1556 (habac.
346 1501 376 1554 rr,
398 1488 434 1553 ⁴3
451 1490 527 1545 Rom.
551 1503 570 1554 ι,
597 1488 652 1560 ll).
672 1513 683 1538 s
702 1489 857 1545 Lexeutem
907 1484 1038 1540 temnitis.
1061 1483 1111 1540 Vel
1132 1485 1188 1540 ito:
1209 1485 1280 1540 Ante
1312 1483 1408 1541 oculos
1431 1499 1548 1557 quorum
1582 1486 1705 1558 Christus

61 1594 73 1618 ι
88 1579 202 1629 nonest
215 1589 249 1629 ex
262 1571 316 1630 fide
332 1588 339 1629 t
355 1574 404 1631 scd
422 1597 433 1623 r
450 1575 496 1648 qui
510 1575 606 1632 lecerit
620 1592 663 1646 en,
679 1577 752 1633 vivet
765 1577 858 1632 inillis
907 1573 1076 1645 proscriptus
1091 1579 1133 1629 est
1147 1574 1174 1627 in
1188 1572 1257 1641 aliis,
1275 1587 1344 1644 quos
1366 1571 1439 1628 malo
1462 1571 1588 1645 exemplo
1610 1574 1708 1647 depra-

62 1661 194 1732 ¹(Leot‘t.
219 1675 298 1727 xvru,
323 1661 362 1733 5).
381 1661 535 1719 »Christus
557 1670 648 1720 nutem
670 1679 721 1720 nos
742 1664 857 1721 redemit
870 1690 898 1754 B
909 1661 1003 1729 vastis,
1019 1660 1138 1717 etetiam
1150 1659 1267 1718 invobis
1281 1660 1357 1732 ipsis,
1375 1661 1420 1733 qui
1443 1661 1581 1718 Christum
1594 1663 1706 1735 repelli-

62 1772 73 1795 ·
89 1748 128 1805 de
140 1747 290 1806 maledicto
304 1748 374 1822 legis
388 1766 395 1806 :
411 1750 499 1807 iectus
514 1768 563 1823 pro
577 1753 657 1810 nohis
670 1753 856 1823 maledictum,
909 1749 943 1804 tis
957 1765 973 1804 e
988 1749 1079 1807 vobis.
1098 1750 1132 1804 Et
1146 1749 1211 1805 licet
1231 1749 1269 1804 ite
1283 1748 1318 1803 sit
1331 1749 1510 1821 proscriptus,
1536 1757 1627 1806 temen
1648 1751 1707 1822 ipse

62 1836 155 1910 ·quia
169 1837 301 1909 scriptum
320 1847 362 1894 est
376 1856 383 1894 ε
398 1839 558 1897 Maledictus
581 1841 670 1897 omnis
693 1841 795 1915 [homo]
813 1842 859 1915 qui
907 1853 958 1909 pro
972 1837 1050 1894 robis
1064 1844 1106 1893 est
1120 1835 1274 1907 crucifixus,
1290 1851 1341 1892 nec
1355 1837 1392 1891 ite
1402 1844 1474 1893 esset
1482 1838 1705 1908 proscribendus.

59 1924 191 1998 «pendet
217 1925 247 1980 in
259 1925 335 2000 liguo
350 1927 443 1998 (Dent.
460 1944 522 1998 xxr,
537 1929 593 2000 23),
613 1954 624 1978 r
641 1937 670 1985 ut
690 1931 860 2003 ingentibus
909 1927 966 1982 lloc
982 1925 1122 1983 evidenter
1140 1924 1264 1981 inseruit.
1280 1924 1360 1980 blodo
1374 1925 1516 1981 revertitur
1530 1926 1566 1982 nd
1587 1926 1665 1982 illud.
1681 1925 1705 1985 0

61 2036 73 2061 ι
89 2012 250 2070 benedictio
263 2014 381 2071 dbrshte
393 2013 471 2072 fieret
493 2017 521 2072 in
536 2017 645 2073 Christo
658 2019 732 2086 lesu,
754 2027 782 2073 ut
797 2017 860 2090 pol·
909 2030 960 2072 vos
975 2013 1116 2080 insensati,
1142 2013 1206 2070 licet
1223 2013 1305 2069 modo
1329 2012 1394 2069 setis
1421 2013 1596 2084 probaverim
1623 2012 1706 2071 fidem

62 2099 271 2158 «licitationem
291 2102 402 2175 spiritus
416 2104 584 2176 accipiemus
603 2121 652 2178 pcr
673 2104 768 2162 fidem.
793 2107 860 2161 Fru-
908 2103 1009 2170 valere,
1025 2102 1116 2174 legem
1130 2101 1236 2157 irritum
1251 2117 1320 2168 esse,
1337 2109 1364 2157 ct
1382 2101 1445 2158 lioct
1459 2118 1509 2158 vos
1523 2102 1653 2158 insensati
1666 2103 1707 2159 si·

62 2196 150 2246 «tres
181 2190 344 2262 (secundum
363 2193 501 2250 homiuem
526 2194 599 2264 dico)
629 2203 720 2250 tamen
742 2195 860 2251 hominis
909 2191 953 2258 tis,
970 2199 1059 2247 tamen
1074 2206 1123 2247 vos
1135 2190 1210 2262 ipsos
1224 2189 1322 2245 faciem
1336 2188 1458 2246 confiteri
1471 2198 1497 2245 et
1506 2190 1626 2262 probare
1634 2191 1707 2264 quod

61 2299 73 2325 ι
93 2274 293 2335 confirmatum
306 2288 498 2339 testamentum
512 2298 593 2338 nemo
608 2283 721 2355 spernit,
740 2292 787 2339 aut
810 2301 859 2338 su·
910 2296 943 2334 ex
957 2278 1010 2335 lide
1031 2279 1065 2334 sit
1085 2278 1196 2349 justitie,
1212 2285 1239 2334 et
1261 2294 1316 2335 nou
1335 2293 1369 2334 ex
1391 2276 1466 2350 lege.
1487 2276 1567 2347 Quod
1583 2279 1623 2337 sic
1644 2280 1704 2337 ait:

62 2366 251 2439 ·perordtnsr
278 2368 370 2440 (herr.
400 2385 441 2438 rx,
468 2370 523 2442 ll).
548 2371 664 2427 Abrahae
692 2371 772 2428 dictae
799 2380 861 2428 sunt
909 2367 991 2422 Multa
1006 2366 1057 2422 alie
1073 2374 1217 2423 occurrunt
1231 2381 1282 2438 per
1301 2367 1432 2438 quaehoc
1454 2365 1571 2438 probare
1585 2383 1706 2439 possem,

62 2477 73 2501 ·
88 2453 299 2527 promissiones,
316 2464 342 2512 et
355 2457 452 2513 semini
466 2459 535 2529 ejus.
551 2459 612 2515 Nou
624 2458 689 2516 dicit
705 2466 731 2516 et
745 2459 860 2515 semini·
910 2455 959 2511 sed
974 2456 1024 2512 hoc
1037 2457 1129 2512 solum
1144 2453 1251 2525 suffieit,
1267 2462 1294 2511 et
1303 2456 1356 2511 hoe
1369 2456 1429 2511 uolo
1439 2455 1545 2512 discere
1555 2473 1573 2512 c
1584 2456 1659 2513 uobis
1668 2476 1707 2516 tm

64 2542 154 2614 -bus,
170 2543 250 2616 quasi
263 2544 293 2600 in
312 2545 414 2614 multis,
430 2546 480 2603 sed
495 2547 574 2619 quasi
588 2546 617 2601 in
635 2562 699 2617 uno,
717 2555 744 2604 et
763 2548 861 2604 semini
909 2545 1059 2617 accepistis
1072 2544 1212 2617 Spiritum
1233 2546 1366 2599 sanetum
1390 2558 1427 2599 cc
1443 2543 1512 2615 lece,
1535 2560 1574 2600 ort
1588 2560 1627 2601 ec
1640 2545 1706 2617 lide.

62 2638 138 2688 «tuo
152 2631 202 2705 qui
215 2639 258 2689 est
272 2632 405 2690 Christus.
427 2635 486 2692 Hoc
503 2643 592 2691 nutem
617 2635 688 2706 dico,
714 2643 860 2693 testamen·
909 2633 950 2688 Ex
965 2632 1027 2704 lege
1042 2647 1107 2701 non,
1124 2631 1186 2704 quia
1203 2646 1259 2697 ros,
1278 2631 1404 2703 gentiles,
1417 2630 1508 2702 legem
1523 2646 1578 2687 nou
1591 2633 1707 2690 habuis-

63 2721 148 2771 «tum
162 2713 348 2773 confirmatum
363 2718 457 2774 clleo.
482 2718 549 2789 Quae
563 2726 624 2790 post
645 2719 861 2792 quadringentor
909 2721 955 2776 tis.
971 2721 1005 2775 Ει
1020 2719 1125 2775 nonita
1140 2719 1299 2792 simpliciter
1312 2719 1398 2791 ponit,
1420 2719 1470 2775 sed
1484 2718 1569 2777 addit.
1580 2720 1622 2776 Ex
1637 2737 1707 2794 ope·

62 2824 73 2850 ·
89 2811 117 2860 et
126 2802 241 2877 triginta
258 2819 346 2861 enuos
361 2804 432 2863 iacta
454 2814 496 2862 est
514 2806 569 2877 lex,
585 2822 640 2862 non
664 2806 772 2864 irritum
795 2807 861 2865 iecit
910 2809 987 2864 ribus
1010 2807 1091 2882 legis,
1110 2824 1197 2864 snex
1221 2808 1313 2864 ruditu
1336 2805 1410 2878 fidei,
1428 2807 1585 2879 deprimens
1605 2809 1706 2883 legem,

63 2890 126 2947 ·ad
151 2892 339 2948 evacuandum
360 2893 580 2964 promissionem.
604 2895 674 2950 Nem
694 2896 718 2950 si
742 2911 775 2951 ex
798 2895 860 2970 lege
910 2897 987 2967 cujus
1002 2912 1087 2969 opera
1101 2904 1177 2952 erant
1190 2896 1383 2969 importabilia,
1397 2897 1592 2953 commendans
1607 2897 1706 2968 tidem,

63 2978 250 3048 «heredites,
262 2981 319 3051 jam
336 2996 392 3038 non
406 2997 439 3039 cx
453 2982 645 3054 promissione.
670 2983 789 3040 dbrahoe
811 3001 860 3041 eu·
911 3002 972 3057 quae
986 2984 1113 3042 facillime
1127 3001 1161 3040 ex
1170 2985 1230 3042 solo
1236 2985 1331 3061 mauditu
1345 2984 1469 3040 hebetur.
1485 2987 1592 3042 Etcum
1607 3002 1640 3043 ex
1653 2985 1708 3045 tide

63 3075 147 3125 rtem
161 3083 215 3139 per
224 3069 464 3141 repromissionem
478 3070 589 3127 donavit
601 3072 685 3128 Deus.
712 3070 784 3141 Quid
805 3045 894 3146 igi-⁰
910 3069 1040 3140 Spiritum
1064 3069 1219 3141 accepistis,
1244 3071 1285 3126 stc
1298 3069 1381 3125 modo
1402 3069 1488 3125 stulti
1501 3072 1569 3127 ertit
1585 3074 1619 3127 ut
1641 3086 1707 3128 cum

64 3177 74 3202 ·
87 3163 130 3212 tur
141 3155 216 3212 lex?
231 3156 346 3228 Propter
358 3159 604 3232 transgressionem
626 3159 716 3231 posito
739 3167 789 3229 est,
805 3160 859 3217 do·
908 3174 960 3231 per
976 3159 1118 3230 Spiritum
1128 3159 1270 3230 ceperitis
1285 3156 1396 3224 salvari,
1411 3174 1489 3215 num
1503 3173 1600 3228 come,
1616 3159 1644 3216 id
1666 3168 1708 3216 est

63 3259 138 3302 rnec
151 3243 261 3300 renuet
275 3261 378 3313 semen,
401 3247 445 3303 cui
468 3247 640 3319 promiserat,
665 3248 786 3304 ordinate
810 3265 861 3321 per
910 3260 959 3317 per
972 3244 1108 3301 carnalem
1122 3245 1214 3319 legem
1224 3246 1471 3314 consummemini,
1487 3245 1515 3302 id
1530 3254 1572 3303 est
1583 3246 1709 3319 perficia-

63 3331 211 3407 ‹mgelos
245 3332 275 3388 in
301 3349 384 3389 rnanu
411 3335 575 3392 Mediatoris.
610 3335 743 3393 blediator
769 3345 861 3393 autem
909 3332 985 3388 mini.
1002 3332 1151 3389 Plurimum
1165 3333 1288 3405 desipitis
1308 3348 1370 3390 oum
1384 3333 1450 3389 illud
1465 3335 1538 3406 quod
1560 3335 1650 3392 minus
1664 3343 1707 3393 est

64 3421 170 3477 «unius
184 3435 241 3476 non
259 3429 300 3477 est
312 3439 320 3490 3
334 3423 408 3479 Deus
431 3431 522 3480 eutem
540 3440 610 3480 unns
633 3433 685 3480 est.
714 3425 769 3480 Lex
792 3440 860 3500 ergo
910 3420 1026 3493 (seilicet
1039 3421 1170 3493 incipere)
1187 3419 1298 3493 Spiritui
1313 3420 1395 3490 detis,
1411 3430 1438 3476 et
1456 3421 1521 3478 illud
1536 3424 1707 3494 qnodmaJ'us

62 3530 73 3555 ι
88 3508 226 3567 advorsus
238 3509 373 3582 promisse
387 3510 461 3569 Dei?
476 3511 572 3569 hbsitl
588 3511 617 3568 Si
627 3513 699 3569 enim
711 3514 774 3569 data
787 3521 861 3570 esset
911 3510 1001 3583 (idest
1014 3509 1156 3581 perficere)
1170 3508 1315 3565 attribuitis
1325 3508 1410 3565 carni.
1422 3509 1458 3565 Et
1467 3509 1531 3581 quia
1539 3526 1590 3582 per
1596 3527 1708 3569 caruem

64 3596 145 3666 «lex,
162 3612 227 3670 quae
240 3605 334 3669 posset
348 3599 484 3657 vivificare
497 3619 505 3669 3
519 3616 584 3658 vere
598 3617 631 3658 cx
645 3601 709 3676 lege
724 3609 796 3658 esset
813 3603 860 3672 ju·
910 3597 1170 3654 consummationem
1193 3596 1324 3671 queritis,
1348 3599 1410 3654 sine
1428 3614 1515 3655 ccmo
1537 3601 1606 3655 estis
1629 3601 1708 3672 parri

64 3706 75 3732 ι
90 3684 177 3743 stitia.
193 3685 248 3742 Sed
262 3686 394 3744 conclusit
408 3688 546 3761 Scriptura
560 3690 653 3745 omnio
669 3689 719 3746 sub
733 3697 859 3762 peccato,
912 3690 1006 3742 tanto.
1020 3686 1076 3743 Vos
1090 3686 1202 3759 quidem
1216 3685 1302 3742 multa
1315 3685 1389 3758 passi
1404 3686 1470 3742 estis
1483 3687 1519 3742 cb
1533 3685 1706 3756 infidelibus,

63 3781 119 3830 «nt
126 3773 279 3847 promissio
293 3791 328 3831 ex
343 3773 397 3832 fide
418 3778 483 3833 lesu
497 3777 597 3833 Christi
620 3777 730 3834 daretur
743 3779 860 3835 creden·
911 3773 960 3830 sed
970 3773 1081 3830 frustra.
1100 3775 1167 3831 Sine
1188 3791 1275 3832 caasa
1290 3775 1353 3831 dico
1373 3788 1424 3830 ros
1447 3781 1518 3830 tenta
1537 3789 1653 3846 pessos;
1669 3783 1710 3832 tn·

62 3885 73 3909 ·
88 3861 176 3919 tibus.
191 3861 272 3918 Prius
285 3871 376 3921 autem
389 3881 472 3938 quam
496 3865 601 3923 veniret
621 3865 699 3934 fides,
725 3867 777 3922 sub
798 3867 861 3941 lege
911 3878 975 3918 men
990 3863 1042 3919 hec
1056 3862 1220 3933 conditione,
1237 3865 1263 3920 st
1277 3865 1340 3920 rme
1349 3879 1445 3931 como,
1462 3862 1489 3919 id
1504 3869 1546 3919 est
1559 3864 1583 3919 si
1592 3863 1709 3922 incorri-

64 3948 333 4020 «custodiehamun
350 3952 514 4009 conclusiin
528 3968 590 4009 eam
607 3953 689 4011 fidem
704 3970 765 4027 quae
779 3970 860 4011 reve·
911 3949 1010 4024 gihiles
1025 3951 1101 4007 estis.
1118 3950 1147 4008 Si
1161 3952 1233 4008 enim
1248 3951 1412 4023 poeniteatis,
1427 3959 1530 4023 proesto
1553 3960 1595 4008 est
1617 3952 1709 4009 indul·

64 4036 177 4094 rianda
189 4044 260 4095 erat.
280 4039 375 4112 ltaque
397 4039 440 4096 lex
458 4040 626 4115 pedagogus
648 4051 743 4100 noster
763 4042 813 4098 luit
833 4044 862 4099 in
912 4039 1017 4113 gentia.
1036 4039 1071 4095 Et
1086 4039 1126 4097 sic
1143 4039 1238 4097 dicens
1255 4039 1357 4096 revelat
1371 4055 1448 4112 spem
1461 4055 1564 4097 eorum.
1581 4041 1632 4097 Per
1645 4040 1709 4099 illos

64 4125 373 4194 «cimmeriorum
392 4127 582 4198 iustificemur.
604 4133 638 4187 dt
662 4131 708 4187 ubi
732 4130 805 4188 venit
826 4130 862 4186 ii·
912 4143 1028 4200 quosex
1051 4125 1105 4184 fide
1130 4128 1188 4184 solu
1209 4129 1336 4201 probarit
1357 4128 1460 4185 hebere
1482 4129 1622 4201 Spiritum,
1645 4130 1709 4203 quia

65 4213 153 4286 «des,
171 4213 229 4284 iam
242 4229 298 4272 non
312 4231 407 4273 sumus
421 4217 472 4274 sub
486 4217 650 4292 pedagogo.
668 4218 770 4276 Omnes
789 4219 862 4276 enim
911 4232 1050 4288 nunquam
1067 4216 1158 4291 legem
1171 4217 1330 4273 habuerant.
1349 4216 1413 4274 volt
1426 4217 1509 4274 modo
1531 4217 1649 4289 probare
1673 4219 1709 4276 de

66 4300 139 4358 «filii
154 4301 208 4359 Dei
222 4303 287 4359 estis
300 4304 457 4377 perfidem,
478 4306 507 4363 in
521 4307 627 4377 Christo
649 4308 724 4364 lesu.
740 4307 862 4378 Quicun·
913 4320 943 4361 se
957 4305 1040 4377 quod,
1057 4321 1118 4361 cum
1133 4314 1279 4378 utrumque
1295 4304 1430 4374 hebuerit,
1446 4305 1535 4378 legem
1556 4312 1584 4362 et
1599 4305 1681 4363 fidem
1697 4324 1706 4376 ς

65 4411 76 4436 ι
91 4406 147 4464 que
163 4390 238 4447 enim
251 4390 280 4448 in
294 4392 402 4451 christo
418 4394 545 4467 baptizati
568 4396 644 4464 estis,
660 4395 797 4453 Christum
815 4397 860 4453 in-
874 4395 961 4465 Dper
974 4391 1055 4449 fidem
1077 4401 1167 4450 tarneu
1182 4392 1309 4466 Spiritum
1327 4393 1443 4465 accepit,
1466 4409 1520 4450 nou
1542 4411 1592 4466 per
1605 4395 1707 4470 legem.

65 4477 201 4535 rduhtis.
218 4479 281 4537 Non
295 4489 337 4538 est
350 4483 470 4551 ludens,
486 4498 576 4556 neque
591 4483 724 4554 Grecnr,
739 4500 795 4542 non
819 4494 861 4543 est
912 4479 992 4550 Quod
1007 4481 1060 4537 nisi
1073 4481 1213 4554 probam,
1230 4480 1396 4538 dubietatem
1410 4481 1589 4555 relinqueret·

65 4582 202 4637 «servus,
224 4584 313 4640 neque
333 4568 423 4639 liber;
451 4586 506 4627 non
539 4579 581 4628 est
598 4573 746 4642 masculus,
770 4591 861 4648 neque
946 4569 1025 4627 Unde
1043 4569 1082 4627 sic
1097 4569 1135 4625 nii
1149 4586 1156 4624 :
1172 4569 1400 4642 Quandoquidem
1410 4585 1458 4628 tos
1468 4586 1500 4627 ex
1511 4569 1565 4629 fide
1580 4572 1708 4645 Spiritum

65 4654 208 4713 demina.
224 4655 327 4715 Omnes
339 4658 418 4730 [enim
442 4674 491 4717 vos
510 4676 595 4717 uuum
618 4661 684 4718 estis
704 4662 733 4717 iu
753 4662 862 4720 Christo
911 4657 1066 4730 accepistis,
1082 4666 1109 4715 et
1123 4672 1178 4714 uon
1193 4674 1226 4714 er
1247 4658 1319 4730 lege,
1335 4675 1399 4731 erpo
1421 4658 1518 4715 Paulus
1536 4661 1585 4733 poi
1606 4661 1710 4718 tribuit

64 4744 169 4801 «lesu,
190 4742 221 4800 Si
234 4753 327 4803 autem
340 4762 390 4804 vos
407 4747 518 4816 Christi,
543 4765 610 4823 ergo
633 4765 728 4808 semen
745 4751 861 4808 Abrahae
910 4745 986 4802 vobit
1000 4745 1138 4817 Spiritum,
1161 4744 1189 4801 id
1212 4753 1254 4802 esi
1277 4761 1329 4818 per
1346 4761 1443 4803 manus
1465 4748 1542 4818 cujus
1564 4748 1709 4820 accepistis

65 4850 78 4883 ι
93 4830 173 4903 estis,
188 4832 339 4892 secuudum
353 4835 565 4909 promissionem
579 4838 713 4896 heredes.
731 4863 743 4890 r
911 4832 1042 4906 Spiritum
1054 4841 1189 4902 sanctum,
1205 4832 1288 4906 etqui
1302 4839 1437 4909 operetur
1450 4836 1571 4893 coluter
1585 4842 1613 4892 et
1626 4835 1709 4894 mira·

911 4922 973 4979 culo
988 4923 1020 4978 m
1039 4923 1123 4990 vohis,
1138 4921 1220 4979 dicite
1235 4923 1319 4980 modo
1333 4938 1369 4979 an
1383 4940 1421 4981 ee
1435 4924 1563 4999 operibat
1578 4925 1646 4998 lepis
1659 4926 1711 4984 ha·

911 5010 969 5067 buit
983 5009 1128 5083 Spiritum,
1144 5027 1183 5067 cn
1205 5027 1243 5068 err
1264 5013 1366 5070 auditu
1388 5012 1478 5084 fidei?
1495 5013 1537 5069 Ex
1560 5012 1638 5070 robis
1658 5031 1710 5088 per

386 5090 546 5136 mm·
912 5099 1000 5156 simile
1011 5098 1136 5169 judicare
1150 5099 1277 5171 potestis,
1292 5099 1356 5174 qrriu
1370 5116 1403 5156 ex
1424 5099 1478 5159 lide
1500 5117 1556 5159 nou
1576 5118 1610 5159 ex
1634 5103 1708 5178 lege,

910 5188 975 5246 licet
988 5195 1132 5262 utmmque
1145 5188 1283 5246 hahuerit.
1309 5190 1349 5245 Ex
1373 5188 1427 5246 lide
1445 5190 1561 5247 habetur
1582 5191 1708 5265 Spiritus.

97 5265 134 5323 Et
143 5265 367 5340 qnandoquidem
378 5284 429 5341 per
441 5269 523 5327 iidem
531 5269 679 5342 justitia,et
693 5286 748 5327 non
762 5287 811 5343 per
822 5271 863 5328 le·
911 5279 953 5333 Ex
967 5275 1020 5334 lide
1035 5278 1151 5335 hahetur
1161 5278 1273 5350 iustitie,
1290 5285 1316 5334 et
1331 5293 1364 5334 ex
1373 5277 1426 5335 tide
1436 5279 1591 5351 promissio.
1608 5280 1711 5337 Littera

61 5369 137 5427 geru,
152 5357 323 5413 olmemotr’
335 5357 453 5426 dolote,
467 5359 515 5432 qai
533 5374 579 5416 vor
592 5361 748 5433 fescinavit
761 5366 862 5417 utnon
913 5365 953 5423 sic
964 5367 1110 5441 iungitur:
1128 5367 1170 5423 Ex
1184 5365 1237 5424 lide
1252 5367 1293 5425 sic
1306 5367 1423 5425 habetur
1437 5367 1561 5442 Spiritus,
1586 5368 1655 5424 sicut
1676 5382 1710 5424 ex

61 5443 219 5501 “dmm
232 5445 350 5502 ”Wadi
361 5450 373 5502 i
386 5446 531 5504 Veritatem
540 5447 646 5505 htbetis
659 5448 688 5504 in
701 5447 789 5515 v0bi⁸‚
806 5448 863 5506 8ιὶ-
912 5455 1008 5513 eedem
1026 5454 1081 5514 tide
1096 5456 1210 5513 habetur
1221 5455 1337 5528 justitia.
1356 5457 1464 5515 lustitia
1481 5457 1575 5530 utique
1589 5472 1623 5514 ex
1637 5454 1706 5516 fide.

62 5531 126 5591 licet
139 5529 228 5592 fldem
241 5531 352 5607 Christi,
364 5534 640 5609 querereiustihcat,
652 5544 680 5597 et
688 5552 744 5598 non
752 5536 863 5597 creditis
912 5544 983 5603 Num
996 5544 1139 5604 Abrohom
1151 5545 1274 5606 credidit
1286 5546 1351 5615 beo,
1363 5545 1392 5605 id
1406 5550 1448 5604 est
1461 5544 1545 5603 iidem
1558 5543 1664 5616 habult,
1684 5553 1713 5604 et
