3742 5986
133 134 167 188 ab
404 139 434 195 S.
459 142 634 199 BRUNONlS
652 144 977 207 CARTIIUSthOlthl
996 154 1239 244 INSTlTUl'ORIS
1258 159 1334 218 OPP.
1355 162 1442 219 PARS
1466 165 1498 218 ll.
1739 173 1773 221 36

133 257 249 359 teralem
270 262 421 362 custodiam
450 265 539 338 eligis,
573 275 600 323 et
628 269 795 342 spiritualem
823 272 962 343 rejicisA
979 300 990 326 ι
1006 285 1033 333 ει
1048 288 1130 353 egent
1143 283 1233 355 gloria
1255 285 1315 352 Dei,
1337 286 1477 355 justificati
1492 276 1580 360 gratis
1595 291 1774 363 pergratiam

131 358 326 418 prevaricator
340 359 422 408 ettam
438 370 467 410 es
478 371 529 426 per
543 358 788 416 circumcisionem
804 360 925 417 incarne
977 386 989 416 ι
1008 367 1104 437 ipsius,
1121 387 1171 441 per
1187 373 1403 445 redemptionem
1418 392 1478 447 quae
1492 384 1534 432 εει
1549 377 1576 431 ln
1591 379 1700 434 Christo
1723 381 1773 436 Je-

131 434 261 535 habitam,
277 440 345 494 etin
360 443 442 497 corde
457 458 512 498 non
526 444 707 502 observatam.
725 448 794 505 Vere
810 448 923 505 circum·
977 471 988 503 ι
1006 470 1057 523 su3
1074 474 1155 529 quem
1166 462 1309 532 proposuit
1322 462 1396 518 Deus
1410 464 1612 536 propitiatorem
1627 484 1677 538 per
1691 467 1773 524 fidem

130 538 198 581 custo
213 525 240 581 tit
262 529 434 600 praeputium.
459 532 591 604 Numqui
609 534 641 590 in
661 538 824 608 manifesto,
841 537 925 593 idest
976 563 987 593 ι
1005 543 1179 618 insanguine
1197 549 1293 620 ipsius,
1318 552 1352 606 ad
1375 553 1560 609 ostensionem
1578 555 1690 624 iustitiae
1705 572 1771 627 sum,

129 613 189 670 solo
203 615 312 672 nominc
324 617 436 675 Judaeus
446 627 496 687 est,
513 620 557 677 hic
570 636 625 677 non
639 631 680 678 est
695 625 848 680 credendus
863 641 924 683 esse
976 651 988 682 ι
1005 641 1118 705 propter
1132 636 1322 694 remissionem
1340 641 1552 711 praecedentium
1567 643 1727 700 delictorum
1743 645 1771 700 in

126 701 257 801 iudaeum
273 721 362 777 neque
383 707 554 767 circumcisio
578 726 639 782 quae
663 719 704 766 est
726 712 754 767 in
768 711 922 782 manifesto,
975 738 987 772 ι
1004 724 1199 781 sustentatione
1215 726 1275 795 Dei,
1293 729 1328 783 ad
1347 729 1531 786 ostensionem
1543 731 1655 801 justitiae
1669 733 1729 801 ejus
1743 732 1770 787 in

129 797 156 846 et
169 799 207 847 ita
220 793 293 888 quoti
314 796 345 850 iu
359 811 446 891 camec
460 801 583 863 tunium,
602 807 629 854 ει
642 815 697 855 non
712 799 740 854 iu
754 801 846 868 corde,
864 803 923 859 haec
974 828 986 859 ι
1003 809 1056 866 hoc
1069 819 1201 885 ternpore,
1218 823 1247 870 ut
1260 816 1295 871 sit
1309 817 1367 887 ipse
1382 817 1471 886 justus
1495 828 1521 874 et
1541 819 1694 889 justificans
1709 837 1770 877 eum

127 890 182 931 1¹0ss
201 884 244 931 0⁸²
266 877 383 934 timenda
405 882 589 938 chemel-⁰³5⁰·
613 883 715 938 PrObfli
734 883 834 940 ilerum
849 886 922 956 q¹¹⁰d
974 915 987 947 t
1005 899 1050 972 qui
1067 916 1100 955 ex
1115 900 1168 958 lide
1183 911 1223 958 est
1237 904 1302 959 Jesu
1316 905 1426 961 Christi.
1438 906 1489 963 Ubi
1503 915 1545 963 est
1559 925 1627 982 ergo
1642 909 1769 982 gloriatio

126 966 289 1038 ΡΙἚΡῑῑῑῙΠΠ1
311 968 392 1039 (licut
413 970 514 1026 dmum
539 971 591 1042 est)
615 970 662 1028 fiel
679 971 861 1045 Circumcisib
877 974 922 1030 di·
972 987 1072 1044 «tuai
1086 989 1205 1047 Exclusa
1227 999 1278 1048 εει.
1301 993 1354 1049 Per
1373 1010 1456 1066 quam
1472 996 1587 1069 legem?
1600 996 1772 1054 Factorum?

127 1066 194 1109 cens
210 1071 217 1108 :
231 1054 342 1112 Judaeus
356 1056 383 1111 in
398 1057 552 1126 manifesto,
568 1075 622 1115 non
640 1061 810 1131 estludaeus,
820 1062 921 1118 sedilia
972 1093 984 1128 1
1000 1076 1072 1143 Non,
1089 1078 1137 1132 sed
1154 1095 1205 1149 per
1219 1078 1310 1153 legem
1325 1080 1397 1137 fidei,
1414 1083 1587 1139 ,migramus
1602 1085 1674 1140 gurm
1684 1086 1767 1155 justi.

126 1144 175 1215 qui
189 1144 221 1198 in
233 1145 404 1213 abscondito,
420 1146 448 1202 id
462 1155 504 1202 εει
517 1148 546 1203 in
556 1162 670 1219 operum
693 1149 858 1207 exhibitione
871 1153 921 1208 In·
971 1184 984 1216 r
1000 1162 1075 1220 ficari
1091 1166 1233 1222 hominem
1248 1183 1298 1238 per
1311 1167 1391 1224 fidem
1407 1170 1465 1227 sine
1477 1173 1609 1243 operibus
1623 1173 1706 1245 tegis,
1726 1177 1768 1230 ,tn

124 1229 201 1287 ΜΨ
216 1236 267 1303 θδῑ,
284 1233 336 1289 θῑὸῑ
350 1249 404 1290 ¹10⁰
419 1243 532 1291 vocetur
545 1235 599 1293 ¹¹0⁰
612 1237 742 1306 ¹¹0ffli¹¹05
756 1242 784 1294 el
798 1240 920 1296 Circum·
970 1270 983 1304 ι
999 1252 1156 1310 Judaeorum
1171 1256 1245 1311 Deus
1260 1264 1363 1312 mnium
1374 1259 1388 1313 i
1401 1261 1499 1315 Nonne
1514 1261 1696 1334 algentium?
1710 1262 1769 1319 lmo

124 1319 193 1419 cisio
217 1322 310 1378 cordis
331 1324 410 1394 sacta
428 1324 461 1380 in
483 1325 598 1396 Spiritu,
625 1325 652 1380 id
676 1334 717 1382 esi
741 1326 920 1397 spiritualiter
970 1342 1174 1414 eetgentium,
1200 1343 1334 1413 Quoniam
1349 1347 1459 1418 quidem
1482 1365 1552 1404 unus
1566 1352 1706 1416 eleeus,
1723 1351 1769 1422 qui

123 1407 243 1480 impleta,
267 1426 328 1466 non
346 1410 373 1466 in
403 1413 511 1479 littera,
535 1412 563 1468 id
587 1421 628 1469 esi
644 1429 699 1470 110⁰
713 1414 873 1485 litteraliter,
891 1425 919 1473 ul
970 1429 1124 1499 «Justilicat
1138 1431 1374 1490 circumcisionem
1385 1452 1418 1490 ex
1429 1436 1491 1504 fide,
1511 1445 1537 1492 ct
1544 1438 1704 1509 praeputium
1719 1456 1770 1511 per

123 1497 259 1596 carnalis3
273 1498 332 1554 haec
345 1499 439 1572 utique
453 1500 603 1571 spiritualis
617 1509 659 1558 est
672 1509 700 1558 et
722 1518 787 1560 vcra
800 1503 918 1560 circum·
969 1539 980 1566 .
997 1516 1088 1575 fidem,
1112 1519 1212 1594 Legem
1228 1538 1295 1593 ergo
1311 1523 1475 1582 destruimus
1484 1542 1534 1597 per
1548 1526 1655 1583 fidem?
1669 1527 1767 1584 Absitl

123 1598 191 1643 custo
200 1601 207 1641 :
217 1588 289 1643 Laus
299 1587 390 1659 cujas,
400 1588 428 1643 id
442 1596 483 1644 est
498 1589 918 1663 19quae1auusbttisetrcum-
930 1631 957 1692 B
970 1627 982 1658 ι
999 1606 1054 1663 Sed
1068 1608 1159 1683 legem
1173 1610 1326 1666 statuimus.
1346 1633 1357 1663 ι

123 1672 191 1732 cisto
205 1690 264 1730 nou
276 1679 319 1732 cst
341 1692 379 1732 nn
402 1675 570 1750 hominibus,
593 1679 641 1735 scd
655 1684 698 1736 cst
712 1696 749 1736 cn
763 1683 826 1738 Deo.
842 1682 916 1738 Deus

122 1761 196 1820 onim
217 1763 293 1820 solus
312 1764 445 1834 iustitiam
469 1767 561 1823 cordis
585 1767 651 1822 dare
671 1775 776 1840 potest;
792 1769 916 1827 homines

119 1866 186 1909 vero
199 1860 342 1925 amputare
356 1868 477 1923 carnem,
495 1863 521 1912 et
530 1856 597 1911 nihil
611 1856 684 1913 aliud
697 1866 823 1930 possunt.

1003 1951 1074 2021 Quia
1088 1952 1214 2025 probavit
1228 1954 1355 2026 superius
1376 1955 1537 2028 praeputium
1561 1955 1621 2013 lieri
1644 1957 1765 2015 circum-

436 1997 550 2054 CAPUT
564 1998 611 2052 Μ’
965 2039 1109 2108 cisionem,
1125 2049 1152 2097 et
1165 2057 1315 2098 econverso
1329 2043 1564 2101 circumcisionem
1578 2043 1638 2102 lleri
1652 2063 1764 2121 praepu-

155 2144 167 2170 a
184 2120 257 2190 Quid
271 2137 339 2195 ergo
353 2121 470 2193 amphus
484 2121 579 2178 ludaeo
599 2121 663 2178 esti
676 2129 722 2178 aut
741 2139 801 2195 quae
814 2124 914 2180 utilitas
964 2128 1041 2197 tium,
1067 2138 1218 2201 opponeret
1240 2146 1291 2201 per
1313 2131 1366 2187 hoc
1387 2131 1510 2203 ludaeus,
1529 2133 1614 2190 nihilo
1636 2135 1697 2205 plus
1712 2137 1763 2191 sub

119 2229 131 2261 ι
148 2210 387 2267 circumcisionis?
401 2211 514 2266 llultum
530 2226 704 2281 peromnem
718 2213 838 2268 modum.
856 2214 913 2269 Pri·
963 2217 1070 2274 Veteris
1085 2218 1252 2274 Testamenti
1276 2227 1347 2275 statu
1367 2220 1494 2277 collatum
1513 2237 1575 2277 esse
1597 2222 1659 2290 sibi,
1680 2240 1762 2295 quam

119 2315 221 2355 «mum
244 2299 364 2372 quidem,
381 2299 446 2372 quia
462 2300 565 2356 credita
580 2307 643 2354 sum
658 2299 712 2355 illis
728 2300 836 2373 eloquia
850 2301 910 2357 Dei.
962 2305 1067 2378 gentili.
1091 2306 1134 2362 hd
1154 2307 1207 2364 hoc
1226 2306 1403 2364 refellendum
1429 2309 1466 2364 ait
1490 2309 1590 2365 Paulus
1613 2311 1762 2368 inserendo

118 2410 129 2436 ι
148 2386 220 2456 Quid
241 2388 352 2444 enimsi
374 2388 483 2460 quidam
502 2388 612 2445 illorum
634 2404 689 2444 non
715 2388 913 2446 crediderunt?
963 2394 1146 2464 objectionem
1169 2395 1255 2452 Judaei
1272 2414 1278 2452 :
1295 2395 1366 2465 Quia
1388 2397 1443 2452 dixi
1469 2399 1632 2470 praeputium
1644 2401 1762 2471 reputari

116 2499 129 2526 ι
145 2476 274 2550 Nunquid
288 2476 464 2533 incredulitas
477 2477 585 2533 illorum
595 2475 677 2533 fidem
687 2477 737 2533 Dei
747 2479 911 2536 evacuavit?
960 2481 1251 2555 incircumcisionem,
1274 2492 1301 2541 et
1322 2501 1483 2554 econverso,
1500 2503 1566 2559 ergo
1581 2495 1694 2559 propter
1709 2488 1761 2546 hoc

117 2587 129 2613 α
146 2565 240 2621 Absitl
256 2566 306 2621 Est
318 2573 408 2621 autem
424 2567 497 2621 Deus
512 2581 603 2632 verax,
620 2566 709 2621 omnis
723 2574 813 2622 autem
828 2569 910 2624 homo
960 2571 1082 2627 dicturus
1097 2580 1139 2627 est
1152 2573 1218 2628 mihi
1235 2590 1241 2627 :
1258 2573 1330 2641 Quid
1344 2576 1467 2646 amptius
1490 2575 1616 2632 collatum
1632 2592 1694 2632 esse
1707 2579 1760 2634 in·

117 2676 128 2702 ·
145 2653 272 2720 mendax,
285 2653 355 2711 sicut
365 2654 497 2725 scriptum
507 2661 549 2709 εει
562 2671 591 2708 ιι
605 2653 803 2724 Utjustiiiceris
813 2655 840 2711 in
851 2672 909 2712 ser·
960 2659 1017 2716 doeo
1032 2659 1059 2714 in
1072 2660 1159 2717 veteri
1173 2668 1255 2728 statu,
1271 2677 1354 2733 quam
1368 2662 1489 2735 gentili?
1503 2667 1554 2719 ont
1573 2680 1634 2737 qun
1644 2665 1757 2721 utilitas

115 2760 127 2795 ι
143 2742 271 2799 monibus
281 2742 343 2810 tuis,
355 2750 383 2799 ει
389 2742 482 2799 vinces
491 2758 552 2798 cum
559 2741 693 2812 judicaris
704 2742 792 2814 (Psoi.
804 2759 830 2810 ι,
842 2745 880 2815 6).
894 2766 906 2796 ι
958 2745 1009 2802 luit
1023 2748 1247 2806 circumcisionis
1261 2749 1366 2817 ludaeo,
1383 2765 1445 2806 cum
1460 2751 1553 2824 gentili
1568 2750 1640 2806 idem
1655 2752 1759 2808 valeret

114 2831 263 2888 «Siautem
274 2830 402 2904 iniquitas
412 2830 645 2901 nostrajustitiam
663 2831 712 2886 Dei
724 2833 906 2902 commendat,
957 2836 1142 2908 praeputium?
1157 2838 1209 2893 Pro
1224 2837 1308 2893 nihilo
1329 2838 1469 2895 videretur
1488 2838 1556 2895 lacta
1575 2839 1756 2912 circumcisio,

114 2939 126 2974 a
143 2920 209 2994 quid
222 2920 368 2977 dicemus?
381 2919 508 2992 Nunquid
530 2919 640 2992 iniquus
659 2927 700 2976 est
714 2920 787 2976 Deus
802 2921 848 2993 qui
863 2921 907 2976 in·
958 2923 1001 2980 lex
1017 2924 1153 2997 superflue
1168 2925 1241 2994 data,
1257 2926 1281 2982 si
1295 2927 1398 2999 absque
1412 2927 1454 2981 his
1469 2927 1556 2999 potuit
1570 2927 1671 2984 bonum
1686 2928 1757 3002 legis

113 3029 126 3063 ε
141 3008 193 3067 ieri
204 3010 293 3066 irunt
307 3009 463 3066 Secundum
476 3008 613 3064 hominem
629 3008 700 3064 dico.
717 3008 813 3065 ausiti
829 2988 942 3067 Alio-C
957 3020 983 3069 et
997 3012 1214 3070 circumcisionis
1226 3013 1330 3076 haberi.
1351 3015 1421 3071 sicut
1436 3015 1587 3071 ostenditur
1600 3016 1629 3071 in
1649 3017 1755 3090 gentili.

114 3121 127 3148 ι
144 3098 210 3171 quin
234 3098 371 3171 quomodo
387 3097 518 3166 judicabit
542 3097 616 3153 Deus
630 3097 701 3153 hunc
715 3098 864 3153 mundum?
876 3099 905 3156 si
955 3101 1055 3157 Habuit
1069 3101 1162 3174 utique
1181 3102 1291 3159 Judaeus
1314 3103 1341 3158 in
1356 3103 1441 3159 veteri
1457 3112 1527 3159 statu
1542 3104 1625 3161 multo
1640 3105 1758 3177 amplius

114 3208 125 3235 ι
144 3186 217 3242 euim
231 3186 333 3243 veritas
353 3186 404 3242 Dei
418 3185 446 3241 iu
468 3200 531 3241 meo
550 3184 692 3241 mendacio
714 3185 864 3242 abundavit
877 3187 904 3243 in
955 3190 1084 3246 collatum
1098 3189 1151 3246 sibi
1165 3191 1258 3263 (etiam
1274 3190 1297 3246 si
1313 3207 1368 3247 non
1378 3192 1554 3262 observavit),
1572 3210 1652 3266 quam
1667 3194 1757 3266 genti-

112 3293 124 3330 s
140 3274 257 3349 gloriam
270 3273 366 3347 ipsius,
392 3274 457 3346 quid
471 3274 560 3329 adhue
579 3281 607 3329 at
629 3288 683 3346 ego
698 3280 824 3346 tanquam
836 3289 904 3346 pec·
954 3278 1007 3345 lis;
1023 3279 1096 3351 quod
1111 3279 1183 3334 enim
1198 3278 1376 3336 circumcisus
1390 3288 1432 3336 εει
1454 3288 1480 3336 ει
1495 3281 1607 3337 edoctus
1622 3283 1655 3338 de
1670 3291 1755 3339 caete-

112 3382 124 3416 ι
141 3371 218 3421 cator
232 3362 361 3432 iudicor?
378 3361 413 3418 Et
422 3378 477 3418 nou
487 3361 557 3418 sicut
566 3362 789 3434 blasphemamur
799 3371 825 3418 et
835 3362 905 3420 sicut
954 3367 993 3423 ris
1007 3367 1035 3422 iu
1049 3366 1122 3442 lege,
1138 3368 1352 3440 praeparationes
1366 3369 1445 3425 bonae
1465 3368 1575 3425 luerunt
1589 3377 1616 3426 et
1630 3371 1754 3442 quadam
1778 3379 1781 3383 ’

113 3455 216 3508 «aiunt
235 3452 347 3525 quidam
370 3467 422 3508 nos
445 3451 546 3522 dicere,
573 3450 704 3508 iaciamus
724 3451 796 3507 mala
810 3459 839 3506 ut
853 3468 903 3508 ve·
953 3455 1155 3526 instructiones,
1178 3457 1213 3512 ad
1232 3456 1438 3528 intelligendum
1458 3456 1539 3513 iidem
1561 3457 1673 3514 Christi.
1700 3458 1755 3515 Sed

85 3564 124 3591 -ι
139 3541 215 3598 uiant
230 3541 309 3608 bona,
327 3556 442 3613 quorum
455 3539 594 3596 damnatio
610 3539 684 3610 justa
701 3547 753 3596 est.
770 3538 841 3608 Quid
856 3557 903 3596 cr·
953 3542 1064 3618 gentilis
1078 3544 1180 3600 nullam
1193 3545 1301 3616 penitus
1315 3543 1394 3601 20
1410 3546 1627 3613 instructionem,
1653 3554 1754 3618 praeter

110 3650 123 3684 ε
139 3629 201 3702 goi
213 3628 397 3687 Praecellimus
412 3627 482 3685 eos?
496 3629 688 3701 Nequaquam.
704 3628 816 3683 Causati
829 3629 903 3684 enim
952 3632 1105 3688 naturalem
1119 3631 1285 3688 intellectum
1301 3632 1404 3688 habuit.
1429 3633 1492 3689 Non
1514 3642 1605 3691 tamen
1630 3636 1754 3709 amplius

110 3718 343 3775 «sumusJudaeos
352 3725 379 3774 et
389 3717 778 3789 Graecosomnessubpeccato
788 3718 904 3786 esse,si-
953 3716 1015 3773 dico
1028 3717 1123 3775 ludeo
1133 3716 1204 3789 quod
1217 3715 1245 3772 in
1260 3717 1314 3773 lide
1328 3717 1427 3773 Christi
1442 3717 1550 3792 dignior
1563 3718 1706 3775 habendus
1718 3720 1754 3776 sit

109 3830 122 3857 ι
134 3815 180 3865 cut
189 3806 317 3878 scriptum
330 3814 372 3863 est
383 3824 390 3862 :
402 3806 526 3878 quianon
535 3813 576 3862 est
583 3805 673 3876 justus
683 3804 835 3877 quisquam,
847 3821 902 3860 nou
951 3806 1063 3878 gentili,
1080 3806 1129 3862 sed
1152 3805 1244 3878 utique
1262 3806 1352 3879 magis
1367 3815 1534 3877 preparatus
1548 3815 1590 3862 est
1603 3808 1636 3862 ad
1651 3806 1747 3864 fidem.

110 3917 122 3947 ι
138 3902 180 3954 est
189 3894 355 3968 intelligens,
370 3909 426 3951 non
440 3902 482 3950 est
491 3893 635 3967 requirens
643 3893 730 3949 Deum
741 3894 829 3962 (Psoi.
839 3909 899 3963 xxxi,
952 3891 1043 3964 Quare
1058 3893 1082 3949 si
1095 3909 1150 3949 non
1164 3894 1303 3950 consensit
1317 3892 1391 3961 fidei,
1408 3894 1497 3969 magis
1510 3895 1654 3951 damnatus
1669 3913 1750 3968 quam

107 3985 170 4057 ei).
182 4005 194 4035 ι
207 3982 530 4053 Omnesdeolinaverunt,
541 3981 622 4039 simul
630 3980 738 4038 inutiles
745 3981 809 4038 lacti
819 3991 900 4038 sunt:
951 3981 1061 4055 gentilis
1074 4000 1081 4049 ;
1096 3982 1194 4039 sivero
1217 3982 1366 4049 consensit,
1389 3997 1443 4039 non
1458 3991 1547 4039 nmen
1561 3984 1690 4056 gentilem
1705 3985 1750 4040 di-

110 4092 123 4126 ε
139 4089 194 4130 nou
208 4081 249 4130 est
265 4071 313 4145 qui
326 4071 408 4129 iaciat
422 4073 534 4140 bunum,
546 4086 601 4128 non
617 4077 659 4127 est
669 4086 755 4142 usque
769 4070 804 4126 ad
818 4088 901 4127 unum
951 4070 1055 4142 gnitate
1068 4068 1132 4127 fidei
1146 4071 1273 4127 excessit.
1290 4070 1398 4140 Quaeris
1413 4070 1477 4143 quid
1488 4071 1606 4143 amplius
1619 4072 1749 4128 collatum

107 4185 118 4211 ι
134 4161 225 4232 (leid,
236 4161 276 4234 3.)
288 4185 299 4210 n
313 4160 473 4234 Sepulcrum
481 4167 578 4232 patens
586 4165 628 4216 est
637 4165 729 4232 guttur
738 4173 844 4226 eorum,
853 4159 902 4215 lin·
951 4158 987 4215 sit
999 4158 1092 4214 Judaeo
1105 4156 1111 4213 l
1127 4159 1249 4216 Multum
1264 4158 1368 4231 utique,
1384 4166 1412 4215 ει
1423 4175 1476 4232 per
1494 4175 1606 4217 omnem
1619 4162 1745 4229 amdam,

107 4249 196 4324 iguis
210 4250 268 4306 suis
288 4249 385 4306 dolose
397 4249 527 4323 agebant,
547 4262 685 4304 venenum
709 4247 834 4318 aspidum
850 4248 900 4303 sub
950 4253 978 4303 ει
992 4246 1143 4304 secundum
1165 4248 1294 4314 animam,
1317 4254 1345 4302 ει
1368 4247 1519 4304 secundum
1545 4263 1654 4320 eorpus,
1680 4257 1707 4304 ει
1721 4248 1749 4304 in

105 4361 117 4388 ι
133 4338 213 4396 labiis
231 4355 328 4397 eorum
342 4337 445 4411 (ibid).
462 4356 474 4388 ε
491 4334 614 4407 Quomm
628 4351 660 4391 os
671 4334 859 4393 maledictione
874 4340 936 4401 etl)
951 4350 1124 4408 unoquoque,
1151 4343 1177 4393 et
1200 4335 1358 4407 incorpore
1374 4342 1401 4391 ει
1414 4336 1442 4391 in
1456 4335 1556 4406 anima,
1576 4337 1661 4392 multa
1675 4338 1748 4393 bona

106 4426 430 4500 ‹amantudmeplenum
438 4432 489 4494 est,
500 4425 609 4482 veloces
616 4423 700 4496 pedes
710 4438 803 4481 eorum
811 4425 846 4480 ad
856 4424 898 4482 ei·
949 4423 1098 4480 factasunt
1119 4424 1224 4491 iudeo,
1251 4439 1366 4496 quorum
1391 4423 1457 4479 nihil
1472 4423 1582 4499 gentilis
1596 4425 1700 4480 habuit.
1716 4427 1747 4481 ln

104 4516 298 4574 «fundendum
312 4514 473 4589 sanguinem
484 4511 585 4586 (ibid).
600 4511 753 4569 »contritio
767 4519 793 4568 et
810 4512 899 4569 inleli·
948 4528 1074 4586 corpore,
1090 4513 1152 4586 quia
1176 4512 1301 4569 liberavit
1320 4528 1368 4569 eos
1383 4512 1417 4568 ab
1432 4512 1559 4585 inimicis,
1575 4522 1603 4571 ει
1618 4513 1692 4571 dedit
1707 4515 1747 4570 eis

104 4628 117 4657 α
134 4605 298 4664 citasinviis
308 4620 412 4674 eorum,
424 4610 452 4661 et
460 4602 533 4659 viam
540 4602 620 4674 pacis
629 4617 684 4658 non
693 4610 895 4674 cognoverunt;
948 4608 1049 4659 terram
1068 4601 1299 4674 repromissionis,
1318 4609 1370 4658 ete.
1386 4601 1528 4671 luanima,
1540 4602 1604 4675 quia
1619 4603 1746 4658 instruxit

104 4711 185 4753 «non
193 4702 236 4751 est
244 4694 325 4751 timor
333 4692 387 4750 Dei
395 4699 458 4748 aute
465 4690 780 4763 ocdoseorumtlbid.).·
791 4690 897 4748 Scirum
948 4706 996 4748 eos
1010 4707 1060 4762 per
1074 4690 1175 4764 legem,
1192 4698 1219 4747 ει
1242 4690 1394 4746 habuerunt
1416 4691 1599 4764 cognitionem
1614 4690 1673 4758 Dei,
1691 4699 1744 4747 etc.

105 4790 225 4840 ·autem
244 4781 374 4855 quoniam
383 4795 553 4854 quecunque
569 4779 612 4836 lex
620 4778 748 4853 loquitur,
758 4778 802 4834 his
811 4780 859 4851 qui
868 4780 896 4835 iu
946 4779 982 4836 Et
1009 4779 1095 4835 multa
1122 4778 1220 4834 similia
1247 4779 1360 4835 contulit
1383 4778 1433 4848 eis,
1457 4788 1484 4835 et
1497 4778 1525 4835 iu
1548 4795 1660 4852 corpore
1676 4787 1702 4835 ει
1717 4779 1747 4835 in

103 4895 116 4922 ι
132 4872 195 4944 lege
205 4879 268 4926 sunt
276 4869 405 4943 loquitur,
417 4878 448 4926 ut
456 4884 538 4925 omne
547 4884 579 4925 os
587 4868 753 4936 obstruatur,
765 4876 792 4925 et
802 4868 896 4924 subdi·
945 4868 1045 4924 anima.
1055 4868 1095 4924 De
1106 4867 1204 4940 quihus
1214 4867 1251 4923 ait
1261 4868 1360 4924 Paulus
1377 4883 1383 4922 ε
1399 4867 1481 4924 Multa
1492 4867 1601 4940 quidem
1609 4883 1743 4941 reponere

104 4980 116 5012 ι
132 4967 174 5016 tus
189 4957 236 5015 fiat
249 4960 339 5016 omnis
353 4957 557 5025 mundusDeo;
572 4957 633 5030 quia
643 4973 675 5013 ex
686 4955 896 5030 operibuslegis
944 4972 1056 5029 possem
1079 4956 1115 5012 ad
1139 4956 1509 5028 comprobandum.amplius
1527 4973 1589 5013 esse
1613 4957 1742 5013 collatum

102 5071 115 5098 ι
131 5063 186 5105 non
198 5046 388 5118 iustificabitur
401 5046 489 5104 omnis
499 5061 565 5102 caro
574 5061 669 5102 coram
678 5045 736 5103 illo.
745 5047 797 5102 Per
804 5045 895 5119 legem
943 5045 1039 5102 iudaeo
1062 5060 1143 5116 quam
1164 5044 1277 5119 gentili;
1290 5045 1338 5101 sed
1355 5047 1490 5119 primum,
1517 5045 1546 5100 id
1560 5054 1602 5102 εει
1616 5046 1678 5117 quia
1693 5047 1744 5103 hoc

100 5135 202 5194 tanim
231 5136 350 5208 cognitio
370 5135 485 5207 peccati.
507 5135 586 5191 Nunc
606 5142 695 5191 autem
718 5134 820 5205 iustitia
844 5134 895 5190 Del
944 5133 1121 5206 precipuum,
1137 5141 1179 5189 est
1193 5133 1227 5188 ad
1242 5134 1412 5206 probandum
1425 5133 1500 5207 quod
1513 5133 1625 5190 intendo
1639 5149 1740 5206 ponam

101 5244 114 5279 ι
131 5225 190 5282 sine
202 5225 266 5299 lege
278 5223 451 5281 manifestata
465 5231 517 5291 est,
533 5221 675 5280 testificata
688 5240 704 5278 a
717 5223 778 5295 lege
790 5230 818 5279 et
831 5238 894 5294 pro-
943 5221 1026 5288 istud,
1041 5221 1104 5279 ideo
1119 5222 1235 5294 amphus
1254 5222 1382 5279 collatum
1403 5238 1465 5279 esse
1479 5223 1582 5289 Judaeo,
1598 5223 1664 5295 quio
1679 5239 1743 5279 crc-

100 5313 229 5388 «phalis.
244 5312 350 5369 lustitia
373 5320 464 5369 autem
479 5312 529 5369 Dei
542 5329 593 5385 per
608 5311 688 5368 iidem
702 5313 766 5369 Jesu
780 5311 891 5382 Christi,
943 5310 1013 5381 dita,
1044 5310 1071 5366 id
1100 5318 1141 5367 cst
1162 5310 1299 5383 proposita
1327 5319 1390 5366 sunt
1411 5311 1465 5366 illis
1487 5311 1522 5366 ad
1536 5310 1741 5368 instructionem

101 5402 157 5458 «in
180 5418 276 5459 omnes
298 5410 325 5458 et
338 5417 419 5473 super
442 5401 604 5475 omnesqui
625 5402 739 5459 credunt
760 5401 788 5456 in
811 5416 887 5458 eum.
942 5415 1036 5455 eorum
1051 5400 1160 5474 anguto
1176 5400 1235 5468 Dei,
1252 5408 1388 5473 praecapta
1400 5415 1460 5472 qua
1468 5401 1541 5456 Deus
1551 5399 1627 5456 dedit
1637 5400 1665 5455 iu
1676 5400 1738 5474 lege

99 5511 111 5541 ι
127 5489 189 5547 Non
203 5490 277 5549 enim
290 5499 332 5547 est
344 5490 490 5549 dmuueuo.
507 5490 610 5549 Omnes
620 5490 891 5563 enimpeocaverunt,
942 5494 969 5544 et
981 5487 1130 5560 prophetis.
1155 5487 1254 5546 Contra
1275 5489 1329 5545 hoc
1349 5487 1461 5545 iudaeus
1474 5487 1571 5545 iterum
1589 5503 1595 5544 :
1611 5489 1664 5545 Per
1679 5487 1740 5545 data

1269 1816 1427 1860 nxeostuto.
