3742 5986
176 195 228 249 659
605 189 775 248 GUIGONlS
795 189 806 244 i
824 185 1028 244 CARTHUSDE
1045 183 1192 242 teutolus
1211 183 1349 243 Plttoltts
1367 185 1399 240 V.
1777 181 1828 235 bit)

212 320 237 369 8.
251 313 319 369 Cum
333 320 442 369 ventum
458 321 499 369 est
514 313 548 368 ad
564 313 727 385 sepulcrum,
744 311 809 369 dicit
824 310 962 377 sacerdos,
978 311 1064 365 Peter
1085 314 1190 380 noster,
1208 309 1436 383 Aportoiuseri;
1452 306 1601 363 orationem
1616 305 1683 371 tttt,
1696 304 1826 369 Domine,

177 412 415 469 commendamus.
431 411 506 467 Tunc
521 411 657 465 benedicit
681 410 781 466 fossam
803 416 829 464 et
852 406 975 480 aspergit
987 421 1056 478 aqua
1071 415 1164 461 sancta
1179 415 1205 462 et
1220 405 1363 475 thurificat,
1379 405 1478 460 deinde
1492 403 1600 474 ponitur
1614 417 1717 472 corpus
1730 401 1760 454 in
1775 414 1825 466 ea;

175 520 201 566 et
215 511 279 566 dum
293 509 416 580 operitur
429 507 494 562 dicit
509 507 636 564 sacerdos
651 508 790 563 orationes
805 506 879 572 istas,
896 503 1001 560 ceteris
1013 502 1159 575 praedictos
1179 503 1299 574 psalmos
1321 489 1492 570 canentibus,
1517 501 1712 565 obsecremus,
1742 501 1824 561 Deus,

176 607 251 679 opud
265 622 356 679 quem,
371 607 414 672 Te,
431 605 557 671 Domine,
575 604 700 672 Oramus,
716 606 832 674 fratres,
848 603 921 657 Deus
935 600 1087 673 quijustis,
1105 600 1234 655 Debitum
1251 599 1379 665 humani,
1394 600 1572 654 Temeritatis
1588 597 1712 668 quidem,
1725 596 1825 653 Omni·

176 704 300 776 potentis
310 703 369 768 Dei,
385 702 506 769 lectica,
522 701 648 755 Domine.

211 805 237 855 a.
254 798 358 869 Quibus
374 798 474 870 pariter
488 805 515 852 et
530 796 643 852 Psalmis
658 795 773 867 expletis
788 794 912 867 sequitur
927 796 1013 852 Pater
1025 797 1132 859 uester,
1148 799 1175 848 et
1189 793 1328 849 orationes
1344 793 1411 860 Tibi,
1434 793 1560 858 Domine,
1580 790 1824 857 commendamur,

175 900 298 965 erbeus,
315 897 396 966 cujus
410 896 606 951 miseratione.
625 893 731 949 Dehinc
744 909 759 946 a
775 891 901 964 sepulcro
916 892 1032 949 redeunt
1054 898 1196 948 cantmtea
1222 892 1352 947 Aiserere
1372 891 1438 957 mei,
1455 891 1538 956 Deus,
1554 888 1620 944 etin
1635 887 1762 943 ecclesia
1777 888 1826 943 bae

175 992 298 1049 oratione
313 999 397 1047 totum
414 989 551 1062 complent
565 988 692 1054 officium,
709 989 849 1044 i'idelium
860 988 943 1043 Deus.

858 1106 1056 1163 CAPITULUAI
1069 1106 1143 1161 xlv.

778 1196 849 1253 ltem
860 1196 893 1251 de
909 1212 979 1252 curo
991 1200 1178 1253 nrortuorum.

210 1301 238 1352 l.
258 1297 299 1352 Ab
313 1297 374 1368 ipso
396 1302 487 1351 autem
511 1294 657 1365 sepultura
684 1292 728 1348 die
753 1308 840 1363 usque
855 1292 890 1347 ad
905 1291 1083 1359 tricesimum,
1096 1289 1219 1362 quotidie
1234 1303 1285 1360 pro
1301 1303 1344 1356 eo,
1360 1303 1415 1344 non
1430 1289 1564 1347 tamenin
1579 1296 1729 1359 «conventu,
1745 1288 1828 1343 musa

174 1401 308 1463 cantatur,
324 1400 350 1448 et
374 1392 463 1464 prima
485 1392 513 1447 in
533 1391 648 1465 agendis
662 1390 751 1446 oratio
771 1391 797 1446 ei
819 1390 974 1461 specialiter
997 1390 1151 1461 deputatur.
1174 1387 1328 1459 Notatoque
1343 1387 1370 1442 in
1384 1387 1577 1460 Martyrologio
1592 1386 1683 1442 obitus
1698 1385 1761 1455 ejus
1775 1385 1826 1451 die,

174 1488 283 1561 semper
297 1488 485 1544 anniversaria
499 1487 526 1541 in
541 1493 676 1542 conventu
690 1501 741 1557 pro
756 1502 789 1541 eo
804 1485 897 1551 missa,
915 1485 1004 1541 bieme
1019 1492 1091 1556 post,
1107 1490 1201 1538 aestate
1215 1491 1277 1538 ante
1292 1481 1419 1554 primam,
1435 1484 1596 1541 celebratur.

208 1591 235 1643 2.
252 1588 292 1641 Eo
306 1593 395 1641 autern
410 1586 454 1640 die
469 1600 523 1656 quo
538 1583 681 1640 defunctus
695 1583 835 1654 sepelitur,
851 1583 936 1638 cellas
950 1582 1048 1639 fratres
1064 1591 1157 1638 tenere
1172 1598 1226 1637 non
1245 1589 1389 1654 coguntur,
1406 1588 1432 1638 et
1445 1582 1637 1638 consolationis
1651 1584 1752 1656 gratia,
1770 1585 1820 1653 bis,

172 1683 224 1738 uisi
239 1683 405 1754 praecipuum
417 1682 549 1752 jejunium
563 1680 653 1748 fuerit,
670 1680 751 1735 simul
767 1689 923 1737 vescuntur.

208 1785 234 1835 3.
250 1781 284 1835 lit
306 1780 359 1836 hoc
382 1780 531 1842 sciendum,
548 1779 621 1852 quod
639 1779 697 1833 sine
712 1778 765 1833 ulla
779 1793 956 1848 personarum
972 1779 1141 1849 acceptione,
1159 1793 1209 1850 pro
1224 1777 1351 1833 omnibus
1366 1777 1499 1834 defunctis
1515 1779 1617 1834 uostris
1636 1778 1713 1835 idem
1728 1786 1757 1835 et
1770 1794 1818 1850 par

172 1877 289 1935 officium
302 1876 426 1944 facimus,
441 1876 506 1932 nihil
520 1892 571 1947 pro
590 1876 723 1932 monacho
746 1877 808 1946 plus
823 1891 904 1947 quarn
918 1891 969 1946 pro
984 1875 1064 1942 laico,
1079 1876 1121 1932 vel
1136 1891 1187 1947 pro
1201 1875 1314 1947 praelato
1328 1891 1408 1948 quarn
1419 1892 1469 1947 pro
1484 1876 1592 1932 subdito
1604 1875 1655 1949 [oi.
1672 1877 1819 1950 subjectat.

207 1979 233 2032 l.
251 1977 303 2031 Pro
317 1973 538 2031 benefactoribus
553 1990 617 2030 vcro
633 1974 743 2040 uostris,
760 1980 873 2044 excepta
888 1972 1001 2028 assidua
1014 1974 1285 2041 commemoratione,
1301 1990 1363 2045 quaa
1377 1972 1407 2029 fit
1420 1989 1528 2046 semper
1541 1974 1568 2028 in
1582 1974 1713 2045 precibus
1729 1974 1820 2031 eccle-

172 2072 273 2129 siastici
288 2071 378 2138 oflicii,
394 2071 544 2143 penultima
558 2072 587 2127 iu
601 2072 726 2128 omnibus
738 2070 853 2144 agendis
878 2069 964 2127 oratio
983 2070 1090 2137 dicitur,
1112 2078 1139 2126 et
1152 2070 1338 2144 persingulas
1354 2070 1538 2127 hebdomadas
1550 2079 1604 2126 tam
1619 2087 1672 2143 pro
1685 2072 1729 2128 eis
1743 2088 1824 2145 quum

170 2185 219 2241 pro
243 2168 369 2225 omnibus
394 2167 473 2238 hujus
495 2168 547 2223 loci
570 2167 774 2237 habitatoribus,
801 2177 827 2223 et
850 2167 1041 2223 universaliter
1064 2184 1113 2239 pro
1136 2169 1242 2226 cunctis
1257 2169 1382 2225 fidelibus
1398 2168 1534 2228 defunctis
1549 2170 1582 2225 ab
1597 2168 1824 2232 hebdomadario,

169 2273 263 2322 aestate
279 2272 340 2321 ante
356 2265 482 2336 primam,
499 2265 588 2320 bieme
603 2273 674 2337 post,
691 2265 776 2321 missa
790 2282 843 2321 una
856 2272 991 2322 cantatur.

206 2365 234 2417 5.
250 2361 322 2417 Raro
342 2361 442 2433 quippe
465 2360 509 2418 hic
531 2361 616 2416 missa
640 2362 757 2429 canitur,
779 2363 907 2434 quoniam
925 2363 1061 2435 praecipue
1085 2365 1205 2420 studium
1227 2374 1253 2421 at
1275 2365 1442 2437 propositum
1464 2374 1588 2422 nostrum
1612 2373 1653 2422 est
1676 2365 1788 2423 silentio
1800 2373 1827 2421 et

171 2461 309 2517 solitudini
320 2461 396 2517 cellae
411 2477 509 2517 uacare
521 2461 598 2530 juxta
613 2461 679 2516 illud
694 2461 819 2517 Jeremiae
834 2481 843 2516 .·
858 2461 966 2517 Sedebit
980 2462 1127 2519 solitarius
1141 2467 1170 2520 et
1187 2465 1289 2520 tacebit
1304 2464 1418 2532 (Tbrec.
1431 2463 1474 2533 nr)
1484 2481 1491 2531 ;
1503 2470 1530 2518 et
1539 2462 1603 2518 alibi
1615 2481 1622 2521 :
1635 2464 1655 2518 A
1669 2465 1747 2535 socie
1762 2479 1824 2518 mu·

172 2576 227 2614 uus
246 2562 303 2616 ture
317 2561 393 2615 solus
412 2559 549 2626 sedebam,
566 2561 632 2632 quia
650 2560 871 2615 cornminctione
886 2560 1001 2632 replesti
1015 2576 1060 2616 me
1073 2562 1190 2633 (terem.
1210 2561 1270 2632 xv).
1286 2561 1359 2616 Nihil
1375 2560 1446 2617 enim
1464 2560 1629 2616 laboriosius
1644 2560 1673 2615 in
1687 2559 1825 2617 exercitiis

172 2654 324 2726 disciplinae
347 2655 481 2728 regularis
504 2655 669 2710 arbitramur
684 2672 764 2728 quarn
780 2656 914 2712 silentium
930 2655 1083 2712 solitudinis
1097 2665 1124 2714 et
1139 2658 1267 2730 quietem.
1290 2658 1367 2714 Unde
1382 2666 1409 2714 et
1424 2659 1518 2714 beatus
1539 2657 1709 2730 Augustinus
1737 2656 1803 2713 dicit
1816 2674 1825 2716 t

173 2754 278 2808 Amicis
289 2753 373 2823 bujus
383 2752 484 2808 muudi
493 2753 568 2808 cibit
579 2768 636 2809 erse
649 2752 814 2808 laboriosius
825 2770 909 2826 quom
916 2769 975 2808 noc
983 2754 1119 2811 laborare.
1132 2755 1186 2811 Sed
1197 2756 1255 2811 baec
1265 2754 1412 2823 hactenus3
1424 2768 1496 2810 nuno
1507 2762 1607 2811 oaetera
1613 2735 1824 2828 prosequamur.

850 2877 1136 2936 COMMENTARIUS.

208 2974 274 3030 Car.
290 2973 362 3030 xlv.
380 3005 414 3014 -
428 2974 512 3028 Num.
533 2976 558 3030 l.
574 2975 613 3030 Ab
627 2976 686 3046 ipso
705 2979 802 3030 eutem
816 2977 1005 3048 sepulturoeA
1018 2993 1116 3031 munes
1130 2985 1157 3032 et
1171 2976 1198 3031 in
1213 2976 1255 3031 his
1270 2975 1516 3032 consuetudinibus
1533 2976 1701 3048 designatas,
1714 2991 1827 3033 assecu-

175 3062 220 3118 die
235 3079 321 3136 usque
336 3062 372 3118 cd
389 3063 573 3119 tricesimum.
585 3062 634 3118 llic
644 3062 729 3118 babes
737 3062 871 3136 originem
882 3063 976 3120 suffra-
1024 3064 1126 3120 laribus
1142 3071 1343 3136 expeterentur,
1360 3072 1387 3120 et
1401 3065 1516 3120 maxime
1531 3065 1565 3120 de
1580 3065 1635 3119 illis
1649 3072 1745 3121 contra
1760 3081 1827 3137 quas

173 3151 220 3222 gii,
237 3151 309 3222 quod
325 3166 397 3207 nunc
414 3151 602 3207 tricenarium
610 3166 750 3217 vocamus,
761 3160 785 3206 et
795 3167 846 3222 per
853 3151 975 3223 privatas
1024 3153 1159 3209 invehitur
1173 3169 1232 3225 cap.
1249 3155 1292 3221 il,
1309 3169 1336 3207 n.
1349 3155 1374 3220 l,
1392 3152 1437 3209 ubi
1453 3153 1516 3208 dicit
1534 3171 1540 3208 :
1558 3152 1724 3210 Audivimus
1739 3155 1825 3219 euim,

173 3240 273 3294 missas
288 3238 422 3308 redditur,
444 3247 559 3310 excepta
572 3239 670 3311 prima,
688 3255 748 3311 quac
762 3241 976 3296 conventualiter
1024 3243 1094 3315 pared
1108 3259 1166 3298 uon
1179 3242 1338 3313 probamus,
1349 3242 1494 3315 pterosque
1505 3243 1588 3298 toties
1598 3242 1747 3313 splendide
1761 3258 1826 3298 corr·

178 3326 277 3382 dicitur
289 3326 315 3381 in
330 3327 374 3382 die
399 3327 555 3399 sepultura.
579 3329 612 3383 Et
628 3344 660 3383 ex
675 3329 728 3385 hoc
748 3328 866 3400 capitulo
885 3330 974 3385 abun·
1024 3332 1123 3400 moeri,
1138 3333 1294 3403 missosque
1308 3334 1402 3402 focem
1416 3334 1543 3403 puratos,
1555 3331 1664 3404 quoties
1675 3331 1769 3403 aliqui
1775 3347 1827 3403 pro

176 3415 283 3471 (lautius
307 3416 437 3488 probatur
460 3433 538 3472 usum
558 3415 712 3489 frequenter
732 3418 889 3473 celebrandi
903 3419 975 3489 apud
1024 3421 1084 3475 suis
1095 3420 1422 3476 eisuoluerinteabibere
1430 3419 1584 3491 defunctis,
1592 3426 1645 3474 etc.
1654 3418 1828 3492 &aumergo

179 3521 229 3560 nos
243 3504 343 3560 missas
357 3506 564 3573 conventuales,
581 3514 661 3578 atque
677 3506 758 3561 ctiam
772 3522 827 3561 uon
841 3522 902 3563 raro
916 3508 975 3579 pri·
1025 3515 1106 3579 atque
1122 3508 1178 3579 egit
1193 3508 1227 3563 de
1250 3506 1363 3578 speciali
1386 3507 1469 3561 missa
1493 3522 1544 3578 pro
1566 3505 1789 3563 benefactoribus
1803 3514 1830 3562 ct

175 3601 251 3650 rama
271 3593 357 3650 fuisse
367 3594 401 3649 ab
416 3594 492 3650 initio
507 3595 692 3651 observatum.
1024 3597 1130 3652 cunctis
1145 3595 1272 3652 fidelibus
1298 3595 1443 3661 defunctis,
1458 3595 1575 3669 singulis
1596 3603 1698 3651 tantum
1720 3595 1827 3652 bebdo-

208 3683 291 3738 Num.
306 3687 334 3741 2.
353 3682 444 3739 Cetius
466 3687 582 3755 tratres,
598 3691 651 3740 etc.
677 3685 748 3740 Usus
775 3684 826 3739 iste
841 3683 890 3740 fuit
903 3684 974 3756 apud
1024 3685 1150 3740 madibus
1168 3683 1341 3751 celebranda,
1368 3692 1450 3755 prout
1470 3684 1552 3740 etiam
1567 3700 1639 3740 nuuc
1653 3686 1826 3751 observatur,

174 3787 226 3826 nos
240 3778 336 3842 postca
352 3778 499 3839 correctus,
516 3779 542 3827 ct
556 3788 627 3826 nunc
641 3771 738 3827 diebus
754 3772 896 3842 sepulturae
911 3773 975 3828 nul-
1024 3774 1058 3828 ad
1072 3774 1171 3828 missas
1185 3773 1246 3827 illas
1261 3772 1437 3838 convertitur,
1454 3789 1522 3845 quas
1538 3772 1830 3846 temporibuaillispa·

173 3859 230 3914 lum
259 3858 376 3914 babetur
402 3859 586 3931 colloquium;
602 3860 644 3914 bis
667 3868 757 3915 tamen
782 3860 871 3917 adbuc
895 3859 989 3917 simul'
1025 3869 1117 3917 rentes
1130 3861 1319 3917 defunctorum
1334 3861 1499 3932 expetebant
1512 3860 1830 3929 calabrariamonachis,

174 3946 344 4001 comedimus
359 3946 387 4001 in
403 3945 555 4003 refectorio.
1025 3951 1060 4006 ad
1081 3966 1150 4023 quos
1172 3950 1253 4005 simul
1276 3950 1421 4006 mittebant
1436 3951 1537 4005 bonurn
1553 3950 1707 4021 prandium,
1722 3950 1758 4005 de
1773 3965 1829 4023 qrro

209 4034 290 4088 Num.
307 4037 333 4088 3.
345 4034 422 4090 idem
431 4038 521 4107 etpor
531 4036 663 4106 officium.
676 4036 741 4091 lude
753 4036 831 4091 nobis
842 4036 976 4093 indicatur
1024 4039 1139 4110 loquens
1154 4047 1263 4093 sanctus
1287 4038 1329 4094 vir
1342 4038 1418 4105 dicit,
1440 4037 1585 4111 splendide
1600 4038 1756 4105 coumuori,
1775 4044 1827 4094 etc.

175 4137 255 4193 quarn
271 4122 366 4178 sedulo
383 4122 464 4193 primi
477 4123 582 4178 ordinis
594 4125 688 4179 Patres
699 4125 838 4181 charitatis
849 4126 975 4182 exhibitae
1024 4127 1081 4181 Has
1096 4142 1162 4198 ergo
1177 4126 1275 4180 missas
1290 4125 1445 4197 specialiter
1460 4126 1487 4180 in
1503 4134 1593 4181 mente
1609 4124 1738 4181 habuisse
1752 4125 1830 4182 arbi·

173 4210 355 4281 equalitatem
369 4211 440 4266 iuter
455 4227 518 4268 suos
533 4213 638 4268 servari
654 4213 763 4280 vellent,
779 4229 861 4286 quam
877 4213 975 4270 imitari
1024 4222 1138 4283 tramur,
1155 4214 1220 4269 dum
1235 4215 1300 4270 dicit
1317 4217 1408 4270 :ltcro
1419 4216 1519 4288 quippe
1539 4213 1583 4270 bie
1594 4212 1724 4287 [subaudi
1734 4215 1830 4286 iujus-

172 4296 314 4367 dcbemus,
331 4307 358 4354 et
372 4315 426 4355 nou
442 4306 497 4354 tam
511 4299 590 4356 facile
606 4301 755 4374 singularia
766 4300 898 4357 beneficia
908 4308 972 4373 post
993 4301 1115 4392 Bmodi]
1129 4305 1218 4359 misso
1231 4305 1367 4370 conitur;
1382 4310 1410 4359 et
1423 4303 1514 4358 subdit
1529 4303 1671 4368 rationem,
1690 4303 1827 4374 quoniam

174 4395 291 4442 mortem
309 4388 449 4443 reddenda
462 4389 600 4459 postulare
618 4399 663 4445 aut
677 4392 838 4446 concedere.
851 4391 977 4461 Singula·
1030 4393 1170 4462 precipuo
1180 4391 1307 4448 studium
1317 4393 1528 4463 etpropositum
1539 4394 1669 4447 nostrum
1679 4391 1829 4457 est,siterr·

178 4475 243 4529 ritas
259 4475 329 4529 enim
346 4477 468 4532 charitati
483 4479 616 4551 derogare
636 4480 752 4544 videtur,
768 4480 832 4533 dum
848 4479 916 4533 alius
930 4478 976 4533 alii
1029 4481 1079 4547 tio,
1097 4487 1149 4536 etc.
1166 4481 1296 4534 Parentes
1309 4480 1381 4534 enim
1395 4480 1448 4550 ipsi
1462 4481 1497 4535 ud
1508 4479 1828 4535 monasteriumaccede·

176 4562 316 4634 praefertur
333 4563 360 4618 in
375 4565 473 4621 auxilio
499 4568 662 4636 praestando.
687 4567 752 4621 lndc
768 4567 848 4621 etiarn
863 4575 977 4637 apparet
1027 4567 1091 4622 bant
1113 4568 1224 4623 missam
1253 4567 1379 4638 audituri,
1408 4576 1435 4623 at
1461 4567 1573 4623 forsitan
1599 4574 1697 4638 postea
1725 4567 1827 4622 ibidem

176 4659 308 4723 quantum
322 4667 372 4708 nos
393 4670 488 4710 omnes
512 4654 613 4709 distare
638 4654 773 4710 vallente
792 4670 973 4724 personarum
1026 4657 1163 4726 pransuri,
1179 4656 1284 4727 quoda
1305 4655 1405 4711 silentii
1427 4664 1454 4712 et
1470 4654 1623 4712 solitudinis
1645 4655 1787 4728 proposito
1801 4663 1829 4713 et

173 4741 339 4811 acceptione.
356 4743 518 4814 Superiores
532 4759 599 4799 vero
614 4740 647 4797 ab
658 4742 793 4806 omnibus,
807 4759 867 4814 quae
878 4759 974 4814 supar—
1024 4744 1114 4801 studio
1130 4744 1250 4800 alienum
1269 4752 1337 4800 erat.
1354 4744 1407 4801 Sed
1419 4745 1480 4816 quia
1491 4744 1567 4800 locus
1577 4745 1628 4800 iste
1637 4744 1720 4800 ualde
1730 4744 1831 4802 obscu-

172 4829 275 4899 cilium,
292 4830 401 4894 fastum,
416 4840 463 4886 aut
478 4831 667 4904 singularitem
681 4831 811 4886 redolent.
961 4892 965 4899 ,
1025 4850 1072 4888 rus
1086 4841 1154 4898 erat,
1172 4832 1224 4888 ista
1239 4833 1334 4900 verbu,
1353 4849 1420 4889 roro
1435 4835 1537 4906 quippe
1549 4832 1827 4898 taruennensem,

208 4918 289 4972 Num.
300 4919 971 4992 l.Abhebdomodarioeastuteouteprimom,etc.
1024 4921 1052 4975 in
1066 4922 1182 4993 antiquis
1206 4921 1314 4976 statutis
1339 4938 1393 4976 non
1409 4921 1516 4976 fuerunt
1530 4921 1627 4992 posita.
1644 4921 1747 4977 Caetera
1762 4936 1828 4978 vero

174 5006 214 5061 De
225 5007 368 5062 sacerdote
379 5008 592 5064 hebdomadario
603 5008 648 5064 hio
658 5008 684 5062 fit
695 5009 795 5064 mentio
808 5017 834 5064 et
845 5011 880 5064 de
890 5009 974 5064 missa
1023 5010 1050 5063 in
1067 5010 1133 5080 ipsis
1149 5009 1305 5065 referuntur
1319 5010 1399 5081 prim.
1416 5017 1485 5081 part.
1501 5026 1562 5081 cap.
1579 5012 1623 5074 ta,
1635 5025 1663 5064 n.
1674 5013 1700 5075 t,
1712 5024 1774 5080 cap.
1783 5012 1827 5078 i‘l,

174 5110 236 5165 quae
250 5109 300 5164 pro
315 5095 533 5152 benefactoribus
548 5104 574 5151 et
590 5112 640 5167 pro
662 5098 765 5152 cunctis
780 5097 905 5153 fidelibus
920 5098 972 5153 de·
1023 5115 1050 5152 n.
1067 5102 1111 5154 28.
1129 5099 1196 5152 ltcm
1211 5114 1271 5169 cap.
1290 5099 1333 5166 ta,
1345 5114 1420 5153 num.
1438 5103 1453 5153 8
1468 5107 1494 5153 et
1510 5101 1553 5164 13,
1566 5106 1662 5169 etcap.
1674 5096 1827 5154 usecundae

175 5181 273 5238 functis
288 5183 403 5254 singulis
427 5184 644 5240 hebdomadibus
664 5185 790 5256 privatim
806 5186 970 5242 celebratur.
1026 5195 1110 5258 part,
1124 5203 1152 5241 n.
1168 5189 1214 5243 26.

176 5267 247 5338 Quid
263 5287 331 5344 ergo
345 5271 397 5325 sibi
411 5271 468 5327 vult
482 5272 513 5327 il.
531 5273 560 5327 P.
581 5273 681 5346 Guigo.
697 5274 762 5328 dum
771 5274 862 5330 subdit
877 5295 885 5330 :
902 5277 973 5330 Acro
1063 5276 1145 5329 Num.
1163 5279 1189 5330 5.
1203 5277 1280 5332 ll'ibii
1295 5278 1372 5332 enim
1385 5277 1549 5333 laboriosius
1558 5278 1590 5332 iu
1601 5275 1762 5341 exercitiis,
1775 5281 1828 5331 etc.

176 5361 278 5432 quippe
288 5361 333 5415 bic
348 5361 434 5415 missa
445 5360 586 5417 comitur?
600 5362 690 5418 Facile
702 5361 745 5417 bic
757 5372 862 5417 erratur
872 5362 923 5416 uisi
935 5363 975 5416 in·
1028 5363 1078 5420 llic
1091 5363 1165 5435 loqui
1191 5364 1284 5436 incipit
1305 5363 1340 5420 de
1364 5364 1518 5421 solitudinis
1532 5371 1559 5420 et
1573 5363 1673 5419 silentii
1688 5364 1829 5447 proposito

176 5446 314 5518 telligatur
326 5448 361 5502 de
376 5447 474 5519 quibus
489 5448 579 5504 missis
601 5450 645 5507 bic
663 5450 783 5522 loquitur
798 5451 840 5507 vir
852 5459 971 5506 sanctus.
1028 5459 1055 5508 ct
1069 5459 1174 5507 natura.
1190 5452 1263 5507 Nihil
1278 5468 1343 5509 vere
1360 5453 1520 5509 laboriosius
1534 5460 1576 5508 est
1590 5461 1692 5507 naturas
1702 5451 1830 5507 bumana

176 5533 274 5610 Agitur
288 5551 354 5610 ergo
377 5535 421 5592 bic
433 5536 572 5609 precipue
587 5539 620 5595 dc
634 5538 725 5595 missis
739 5555 799 5612 quae
813 5538 883 5595 ultra
899 5555 973 5596 com·
1031 5555 1114 5612 quam
1129 5539 1257 5597 societate
1281 5539 1333 5596 sibi
1356 5540 1494 5609 similium,
1519 5549 1546 5597 et
1560 5539 1688 5614 loquendi
1703 5538 1831 5597 liberasse
