3750 5984
44 161 97 217 att
350 150 539 211 EXPOSlTlO
558 150 595 208 ΙΝ
614 145 804 208 aelswius
826 141 939 200 ruunt.
956 171 991 183 -
1005 139 1043 196 tlt
1059 139 1168 196 aelst.
1194 137 1219 193 11
1236 136 1284 193 Ab
1308 134 1389 193 COR.
1646 134 1700 192 Μ

52 300 64 334 ι
79 282 118 338 ita
146 289 173 339 et
199 297 259 337 nos.
285 281 353 336 Nam
369 286 395 335 et
419 279 442 335 si
463 277 579 349 amplius
601 274 703 348 aliquid
717 269 885 345 gloriatusA
899 266 989 323 vendo
1017 263 1182 337 superbiam.
1212 263 1283 318 Dum
1297 275 1419 333 praesens
1435 256 1473 314 iui
1488 257 1637 314 secundum
1650 272 1700 312 vos

51 392 64 421 ι
80 371 160 427 tuero
183 370 217 426 de
239 377 373 441 potestate
388 376 492 435 nostra,
509 382 591 439 quarn
611 363 685 420 dedit
700 362 780 418 nobis
793 362 851 417 lio-
902 355 1012 411 humilis
1027 369 1119 420 eram;
1135 352 1183 409 sed
1198 351 1280 407 modo
1295 351 1393 406 absens
1403 346 1520 416 confido,
1536 345 1620 400 idest
1636 360 1701 400 con·

51 455 170 511 «minus
194 455 222 509 in
250 453 467 518 aedificationem,
484 460 510 508 et
530 467 584 507 non
598 450 626 504 in
641 447 853 505 destructionem
903 444 1021 500 fidenter
1036 451 1063 499 et
1077 441 1224 513 imperiose
1239 455 1293 510 ago
1320 441 1353 495 iu
1367 438 1450 502 uobis,
1467 435 1539 508 quod
1554 433 1633 506 quasi
1647 448 1702 490 non

52 563 66 594 r
81 552 212 611 uestram,
240 558 295 598 non
324 542 494 598 erubescam.
522 541 557 597 Ut
583 546 673 595 autern
688 553 743 592 non
758 534 853 592 existi·
903 532 1035 589 auderem
1050 532 1077 586 iu
1091 531 1151 585 aliis
1164 528 1306 585 Ecclesiis.
1332 528 1393 581 Non
1408 524 1495 580 solum
1512 522 1591 594 quasi
1605 529 1703 593 postu·

51 653 64 683 ι
81 648 145 687 mer
169 639 297 703 tauquam
312 638 415 687 terrere
429 645 479 685 vos
492 645 543 700 per
558 627 703 700 Epistulas,
725 624 853 697 quoniam
903 621 964 676 lans
979 621 1106 685 obsecro,
1123 619 1172 674 sed
1192 616 1270 689 quasi
1292 631 1349 672 rem
1372 612 1489 670 debitam
1504 612 1618 685 exigens
1628 624 1703 682 repo,

53 742 65 767 ι
81 720 194 791 quidem
215 719 356 791 Epistulae,
372 718 506 791 inquiunt,
532 732 633 790 graves
647 722 746 770 suntet
761 713 852 778 fortes,
904 726 940 765 ue
954 724 1078 781 prooem
1092 707 1222 774 audeam,
1238 704 1323 760 idest
1340 719 1346 757 :
1372 701 1411 758 sie
1426 718 1475 758 vos
1490 699 1630 773 corrigere
1645 707 1705 754 stu-

52 832 64 856 ·
81 809 228 881 praeseutia
250 817 338 864 autem
363 807 486 879 corporis
509 804 626 872 infirma,
643 812 668 859 et
683 818 772 859 sermo
786 817 855 858 con·
904 798 1000 867 deetis,
1016 813 1060 863 ne,
1076 812 1139 853 cum
1161 809 1284 867 presens
1305 791 1394 860 tuero,
1421 790 1544 856 audeam,
1561 788 1588 843 id
1603 795 1645 843 est
1659 803 1706 842 se-

50 896 259 969 rtemptibilis;
289 898 342 952 boe
368 896 470 969 cogitet
498 895 542 967 qui
566 892 699 963 ejusmodi
723 899 774 958 est,
795 889 857 962 quis
905 886 1022 943 eundum
1037 901 1087 941 vos
1114 884 1241 938 audacter
1256 895 1428 953 praesumam.
1445 877 1570 934 audeam
1584 877 1646 932 dico
1661 876 1704 942 iu,

51 1006 67 1040 ι
82 985 179 1058 quales
195 1002 288 1040 snmus
311 984 394 1041 verbo
408 1000 456 1056 per
469 982 606 1055 Epistulas
634 982 772 1047 absentes,
788 979 857 1034 tales
905 975 932 1029 id
947 981 987 1030 est
1002 981 1106 1040 contra,
1118 972 1252 1044 quosdam
1266 969 1354 1025 adhuc
1376 967 1543 1024 incorrectos
1559 980 1644 1038 agere
1657 980 1708 1037 per

53 1097 65 1122 ι
84 1081 113 1130 et
128 1082 279 1145 presentes
301 1073 328 1127 in
353 1072 434 1128 facto.
459 1073 520 1126 Non
537 1071 609 1126 enim
631 1071 764 1126 audemus
779 1069 856 1122 inse·
906 1079 968 1120 eum
983 1062 1196 1131 confidentium,
1211 1059 1239 1114 id
1254 1055 1577 1113 esttamconlidenteret
1588 1061 1707 1124 potesta·

55 1185 67 1214 ι
86 1178 152 1219 rere
162 1170 207 1218 aut
221 1178 381 1233 comparare
406 1177 456 1216 nos
471 1160 643 1233 quibusdam,
666 1159 712 1231 qui
729 1173 758 1213 se
782 1157 857 1228 ipsos
906 1151 969 1220 tive,
981 1153 1047 1224 qaia
1061 1147 1225 1206 confidentia
1240 1148 1391 1204 existimor
1405 1161 1420 1199 a
1435 1142 1599 1216 quibusdam
1608 1141 1708 1198 absens

57 1271 66 1305 ι
85 1251 300 1317 commendant;
331 1250 380 1305 sed
407 1249 459 1321 ipsi
487 1248 566 1304 nobis
593 1247 776 1317 nosmetipsos
797 1260 857 1299 me·
906 1256 957 1313 per
970 1237 1112 1310 epistolam
1127 1237 1241 1293 audere.

56 1361 68 1392 ι
85 1341 197 1407 tientes,
227 1350 254 1396 et
282 1346 471 1410 comparentes
495 1337 678 1408 nosmetipsos
695 1335 784 1391 nobis.
800 1335 858 1389 Nos
946 1326 1065 1385 189
1077 1326 1181 1381 Contra
1191 1323 1325 1397 quondum
1335 1322 1406 1392 dico,
1418 1321 1465 1394 qui
1473 1321 1637 1376 arbitrantur
1644 1324 1707 1376 tou·

58 1437 185 1485 «autem
213 1443 268 1483 non
296 1428 323 1482 in
350 1427 513 1483 immensum
536 1425 724 1498 gloriabimur,
749 1423 797 1479 sed
811 1438 858 1477 se·
909 1434 994 1491 quom
1004 1432 1054 1471 nes
1064 1414 1241 1470 ambutemus
1251 1411 1406 1469 secuudum
1416 1425 1542 1467 curnem.
1552 1409 1710 1465 ambularet

58 1517 210 1574 «cundum
240 1531 394 1572 mensuram
428 1513 532 1588 regulae
570 1529 651 1587 quam
680 1528 791 1569 mensus
818 1519 860 1566 est
907 1505 1008 1562 Paulus
1023 1504 1173 1560 seeundum
1188 1518 1307 1571 carnem,
1320 1501 1343 1555 si
1352 1499 1396 1556 rel
1406 1515 1499 1555 amore
1509 1497 1711 1569 temporalium,

58 1629 68 1653 a
87 1606 172 1662 nobis
194 1606 267 1661 Dens
291 1606 402 1677 (Epiros.
423 1619 462 1674 tv,
487 1603 543 1675 il),
573 1618 729 1658 mensuram
752 1601 971 1686 pertin-Bquae
987 1592 1077 1648 abeis
1101 1591 1253 1662 acciperet,
1269 1597 1394 1661 parceret
1412 1587 1525 1644 eisdem.
1542 1587 1592 1643 Vel
1605 1586 1629 1641 si
1643 1586 1714 1643 male

58 1718 69 1742 ι
87 1694 175 1768 gandi
190 1710 276 1767 usque
291 1694 325 1748 ad
340 1709 399 1750 vos.
416 1693 478 1748 Non
502 1691 572 1747 enim
589 1691 666 1765 quasi
681 1706 736 1746 non
751 1689 858 1761 pertin·
910 1683 962 1738 sibi
989 1680 1115 1738 conscius
1142 1679 1250 1734 timeret
1279 1677 1334 1749 pati
1361 1693 1411 1749 pro
1426 1676 1548 1732 Christo.
1571 1675 1714 1731 benedixi

60 1781 316 1855 «ganimedem,
344 1781 600 1853 superextendimus
624 1796 684 1835 nos.
709 1780 801 1850 Usque
825 1778 861 1834 ad
910 1777 1071 1845 tanquum;
1091 1785 1141 1824 nos
1156 1767 1228 1822 enim
1244 1782 1309 1822 vere
1330 1781 1386 1821 non
1402 1765 1548 1821 militamus
1565 1764 1714 1821 secundum
1795 1839 1806 1848 η

60 1887 143 1927 «vos
169 1871 240 1927 enirn
263 1871 437 1942 pervenimus
461 1871 487 1925 in
510 1869 660 1941 Evangelio
681 1867 789 1936 Christi,
806 1883 861 1922 non
911 1874 1030 1916 caruem.
1047 1857 1169 1912 llilitiam
1183 1862 1263 1912 vocat
1293 1870 1371 1910 suam
1385 1853 1620 1925 pradicationem.
1639 1852 1716 1909 Dice

61 1981 72 2011 ι
90 1961 120 2015 in
134 1961 299 2016 immensum
309 1959 460 2032 gloriantes
469 1959 497 2012 in
507 1958 604 2014 alienis
622 1957 771 2024 laboribus,
784 1971 861 2027 spem
911 1954 953 2004 ret
967 1947 1085 2020 aliquis:
1102 1947 1141 2001 Tu
1155 1944 1266 2017 quidem
1281 1942 1385 2015 aliquid
1400 1942 1539 2014 singulare
1554 1942 1655 1997 donum
1663 1940 1715 1998 Dei

62 2056 187 2104 «autem
200 2049 334 2103 habentes
358 2047 506 2104 crescentis
529 2045 592 2102 tidei
613 2045 765 2114 vestraein
783 2044 862 2101 vobis
910 2037 1015 2092 babes:
1033 2049 1087 2108 quo
1101 2034 1138 2089 ita
1161 2033 1252 2105 possis
1265 2031 1362 2105 egredi
1387 2046 1497 2086 earnem
1511 2049 1517 2084 :
1532 2030 1716 2102 quoddonum

62 2160 73 2187 ι
90 2135 263 2210 magnificari
279 2137 429 2192 secundum
445 2136 566 2207 regulam
581 2142 718 2200 nostram;
732 2133 760 2187 in
773 2133 861 2188 abun·
912 2126 974 2198 quia
988 2141 1043 2180 non
1057 2123 1199 2191 habemus,
1210 2136 1324 2177 necesse
1334 2127 1376 2175 est
1396 2134 1506 2175 earnem
1519 2119 1606 2190 sequi.
1618 2118 1719 2174 Contra

62 2250 74 2274 ι
92 2227 190 2281 dantia
203 2225 283 2281 etiam
298 2226 326 2280 in
340 2224 386 2281 illa
401 2240 462 2296 quse
477 2225 547 2280 ultra
561 2239 610 2280 vos
632 2230 704 2293 sunt,
719 2221 862 2294 evangeli·
912 2216 965 2271 hoc
978 2213 1030 2267 ait:
1047 2213 1110 2267 Non
1123 2210 1270 2266 militamus
1282 2208 1432 2265 ⁵00¹¹11dl¹¹11
1449 2222 1570 2263 tamem·
1592 2208 1650 2263 NOS
1666 2207 1718 2262 ¹¹¹1·

63 2331 170 2382 «χιιι-ε,
196 2329 249 2371 non
264 2314 292 2369 in
314 2314 402 2369 aliena
416 2313 512 2387 regula
526 2313 553 2367 in
577 2312 619 2367 his
633 2327 694 2384 quae
708 2318 863 2383 praeparatn
913 2311 966 2375 que
994 2301 1174 2358 ambutantes
1195 2300 1226 2353 iu
1251 2314 1357 2364 aarum·
1383 2296 1508 2352 similiter
1530 2297 1603 2352 enim
1624 2303 1653 2351 ut
1668 2311 1718 2352 vos

64 2427 74 2452 ι
92 2411 157 2459 sunt
179 2403 302 2476 gloriari.
316 2424 327 2452 n
354 2400 406 2470 Qui
430 2409 520 2457 autem
543 2401 686 2474 gloriatur,
703 2400 731 2454 in
746 2399 863 2455 Domino
913 2406 982 2446 onus
996 2389 1086 2446 carnis
1099 2388 1236 2460 patimur3
1252 2395 1279 2442 et
1289 2394 1378 2441 tamen
1388 2400 1449 2440 eam
1460 2400 1631 2455 superamus.
1646 2386 1717 2441 Vere

66 2491 231 2564 «glorietur
245 2491 276 2562 (l
290 2491 351 2547 Cor.
374 2506 392 2557 r,
409 2493 460 2556 313
476 2492 532 2547 ter.
550 2504 591 2555 ιιι,
602 2489 659 2559 23).
678 2509 689 2538 ι
705 2489 767 2543 Νοιι
790 2486 864 2543 enim
914 2496 972 2536 uon
981 2480 1142 2534 militamus
1152 2476 1308 2532 secuudum
1318 2490 1435 2531 earnem
1446 2490 1533 2529 :num
1543 2489 1624 2530 eima
1635 2475 1716 2530 mitt-

66 2602 77 2630 ι
93 2580 143 2652 qui
170 2580 291 2650 seipsum
320 2578 500 2645 commendat,
523 2577 569 2634 ille
591 2577 723 2649 probatus
737 2584 797 2645 est;
815 2575 864 2631 sed
916 2569 981 2635 tta,-
995 2566 1022 2621 id
1038 2573 1079 2621 est
1094 2563 1306 2636 praedicationis,
1320 2570 1346 2617 et
1360 2561 1449 2618 omnis
1463 2561 1527 2618 vitae
1541 2569 1651 2629 nostrae,
1663 2578 1719 2618 non

66 2691 77 2716 a
94 2683 179 2741 quem
191 2668 265 2724 Deus
280 2667 461 2725 commendat.
479 2687 490 2716 n
915 2664 979 2712 sunt
993 2653 1121 2711 earnalia.
1137 2656 1219 2708 Arma
1233 2650 1336 2706 militiae
1350 2657 1429 2707 vocat
1443 2649 1583 2716 miracula,
1593 2666 1642 2722 per
1656 2666 1718 2723 qua

915 2742 1136 2817 pradicationem
1152 2756 1230 2796 suam
1255 2738 1444 2796 confirmabat.
1459 2741 1543 2795 Arma
1557 2738 1622 2797 dicit
1637 2738 1719 2795 etiam

917 2833 1040 2900 virtutes,
1063 2837 1090 2886 et
1119 2844 1288 2901 quacunque
1319 2828 1391 2884 bona
1406 2843 1499 2899 opera.
1516 2830 1602 2883 Arma
1616 2828 1718 2885 militias

917 2925 1024 2978 uestrae
1038 2935 1097 2976 uon
1108 2922 1178 2975 aunt
1187 2918 1316 2975 cornutio
1330 2934 1336 2970 z
1349 2916 1372 2972 si
1386 2916 1458 2972 enim
1469 2931 1578 2972 carnem
1588 2932 1720 2989 sequere-

101 3008 253 3079 Postquam
279 3005 314 3061 de
341 3003 427 3078 gratia
460 3003 695 3073 eleemosynarum
722 2999 868 3072 multipliti
882 2979 905 3040 ⁰
918 3026 990 3077 mur,
1006 3007 1127 3080 prolecto
1156 3022 1234 3061 anna
1248 3005 1296 3061 illa
1310 3005 1398 3060 statim
1416 3020 1467 3061 nos
1477 3005 1655 3072 desererent;
1672 3005 1721 3063 ted

68 3093 306 3168 commendatione
343 3098 483 3148 correctos
520 3089 684 3146 sufficienler
718 3089 868 3156 admonuit,
919 3114 997 3155 arma
1010 3105 1103 3153 nostra
1119 3103 1182 3150 sunt
1195 3097 1324 3168 potentia
1338 3095 1402 3160 beo,
1419 3094 1446 3148 id
1462 3093 1719 3165 estperlieum,vel

67 3184 166 3240 bausit
179 3183 215 3238 ad
227 3181 425 3253 increpandum
439 3181 615 3247 incorrecws,
634 3178 679 3251 qui
693 3179 780 3235 adhuc
789 3195 871 3250 pseu·
920 3187 955 3242 ad
970 3186 1084 3258 gloriam
1100 3184 1160 3239 liei.
1178 3183 1302 3238 Potentia
1312 3189 1373 3237 sunt
1382 3182 1419 3238 ud
1427 3182 1651 3241 destructionem
1661 3200 1723 3240 mu·

68 3273 104 3328 do
117 3271 301 3344 praeferebant
317 3269 387 3334 sibi;
403 3285 473 3340 quus
487 3268 591 3339 pseudo
605 3267 751 3340 plurimum
766 3267 809 3323 hie
820 3267 870 3323 de·
920 3276 1086 3341 uirtutum
1103 3280 1131 3327 ut
1142 3271 1344 3340 taeileperhaec
1357 3286 1435 3325 arma
1446 3270 1724 3343 destruamusquasti-

69 3361 174 3432 primii,
202 3358 393 3414 auctoritatem
417 3373 495 3413 suam
517 3356 701 3429 multipliciter
724 3364 750 3412 et
774 3356 872 3412 idonce
921 3364 968 3420 bet
990 3360 1187 3417 munitissimas
1209 3360 1339 3425 hareses,
1365 3359 1408 3413 vel
1422 3359 1722 3430 philosophicasratio-

70 3448 278 3506 commendans.
293 3447 355 3502 Non
369 3454 398 3501 ut
412 3462 461 3518 per
475 3447 527 3502 hoc
544 3445 771 3519 quaeratgloriam
782 3461 871 3513 suam,
922 3469 981 3508 nes.
997 3452 1066 3507 Vere
1081 3463 1158 3505 arma
1171 3455 1265 3503 nostra
1279 3454 1341 3502 sunt
1351 3447 1472 3518 potentia
1481 3447 1634 3504 destruere.
1650 3448 1722 3504 Nam

70 3539 120 3594 sod
135 3534 618 3602 il00⁵01¹1¹11intendiiubvilifitfliis
642 3535 757 3606 pseudo,
777 3534 875 3590 Corin·
923 3540 1005 3597 etiarn
1028 3538 1056 3593 in
1077 3545 1138 3602 actu
1162 3553 1256 3592 sumus
1283 3535 1476 3591 destruentes:
1498 3535 1545 3590 ubi
1569 3544 1645 3591 actus
1668 3544 1723 3608 est,

70 3627 121 3682 titii
135 3642 193 3681 non
209 3624 280 3680 ultra
291 3625 456 3689 tdhaereont,
475 3623 581 3695 sibique
596 3632 648 3678 tam
662 3623 780 3695 gloriose
795 3639 873 3679 rom·
923 3628 1043 3701 potentia
1058 3627 1156 3682 abesse
1182 3625 1284 3696 nequit.
1310 3624 1413 3679 Littera
1427 3632 1517 3679 tamen
1532 3623 1570 3678 ibi
1581 3625 1718 3697 jungitur.

69 3715 201 3771 menduto
215 3713 312 3770 exinde
326 3713 462 3784 gaudeant
476 3712 626 3768 adbaerere.
642 3712 742 3767 Littera
757 3711 797 3768 sic
808 3713 874 3782 jun·
923 3720 985 3775 Non
1006 3716 1152 3772 militamus
1176 3713 1328 3770 secundum
1341 3728 1485 3780 ‚uernum
1511 3728 1572 3781 nos,
1588 3712 1661 3780 (1100,
1673 3714 1723 3770 de.

71 3805 147 3878 gitur
164 3820 171 3858 ε
189 3803 244 3858 vos
257 3802 327 3858 bene
341 3808 480 3858 correctos
495 3801 627 3874 degrada
639 3801 874 3872 eleemosynarum
924 3808 1070 3864 struentes
1085 3804 1214 3868 consitio,
1231 3802 1316 3858 idest
1343 3801 1493 3873 exquisitus
1520 3801 1650 3857 melones.
1671 3804 1725 3858 be·

70 3893 225 3958 adhortcr;
242 3905 292 3947 vos
305 3899 395 3945 autem
410 3889 579 3947 incorrectos
593 3889 645 3945 hoc
659 3905 714 3945 ncn
728 3890 874 3958 admoneo,
926 3902 1063 3950 struentes
1074 3893 1162 3948 etium
1172 3891 1478 3947 omnemottitudiuem
1485 3890 1633 3961 physicalis
1641 3890 1728 3945 seien-

72 3997 143 4055 quos
158 3980 253 4054 gratiae
267 3978 318 4034 Dei
331 3979 460 4050 indignos
474 3978 551 4045 sei0;
577 3978 625 4034 sed
641 3979 766 4045 obsecro,
792 3977 819 4033 id
834 3983 876 4033 est
927 3985 980 4049 tiae,
997 3983 1188 4039 extollentem
1199 3996 1228 4035 se
1238 3979 1372 4035 aduersus
1382 3980 1593 4036 scientiumltei
1604 3999 1614 4047 ,·
1624 3987 1653 4034 ut
1664 3979 1726 4035 illos

72 4086 126 4142 per
141 4083 311 4141 quaeeunque
326 4082 405 4124 saera
420 4067 516 4137 adjuro
531 4083 580 4124 vos
590 4067 648 4138 ipse
663 4062 715 4140 egr
729 4066 838 4122 Paulus.
928 4072 974 4144 qui
989 4087 1039 4142 per
1052 4077 1157 4125 naturae
1172 4069 1262 4140 legem
1276 4076 1416 4140 opponunt
1437 4083 1491 4123 non
1504 4067 1624 4139 potuisse
1639 4068 1727 4141 virgi-

109 4158 183 4213 Nota
197 4157 270 4228 quod
294 4156 332 4212 ait
355 4157 416 4229 ipse
430 4171 488 4228 epo.
505 4155 637 4212 Dicebant
659 4155 730 4211 enirn
746 4154 877 4211 Corinthii
928 4176 991 4216 nem
1014 4174 1123 4230 parere,
1145 4165 1283 4212 mortuum
1309 4172 1470 4229 resurgere3
1488 4171 1540 4212 ucc
1564 4156 1652 4213 solum
1676 4157 1728 4212 de·

75 4246 161 4319 quod,
186 4245 305 4318 quandiu
333 4245 434 4300 Paulos
455 4261 577 4316 presens
591 4244 649 4314 luit,
665 4244 719 4299 illis
740 4243 878 4299 humiliter
930 4255 1077 4316 struentes,
1094 4245 1143 4302 sed
1154 4245 1236 4301 etiam
1251 4244 1413 4316 redigentes
1424 4261 1536 4300 omnem
1547 4246 1729 4302 tutetteetum

75 4335 154 4400 sotis,
172 4341 198 4391 et
211 4348 267 4389 noo
279 4333 315 4389 ad
329 4333 470 4390 lesionem
482 4333 597 4403 alieuius
611 4333 758 4406 quidquam
772 4333 914 4395 loeutusn
929 4337 1115 4407 cujuscunque
1136 4332 1302 4389 infidelitatis
1325 4333 1352 4388 in
1376 4332 1570 4404 captivitatem,
1594 4333 1657 4406 quia
1682 4351 1729 4390 sn·

74 4423 135 4490 luit,
153 4423 252 4477 timens
266 4420 411 4489 iortassis;
439 4438 513 4479 nunc
534 4438 601 4478 vero
617 4423 715 4478 absens
731 4422 877 4493 imperiose
926 4425 1027 4499 peratis
1042 4422 1198 4478 inlidelibus
1216 4421 1356 4493 deponunt
1383 4423 1482 4494 iugum
1497 4421 1610 4488 diaboli,
1632 4429 1658 4478 et
1679 4438 1729 4479 ca-

75 4512 232 4569 minabatur
262 4510 313 4581 eis,
329 4527 361 4567 ae
376 4511 399 4567 si
409 4518 570 4583 potestatem
585 4510 753 4583 imperialem
764 4511 878 4567 haberet
926 4515 1029 4587 ptivant
1037 4529 1067 4569 se
1078 4511 1202 4585 subjugo
1210 4510 1319 4566 Christi.
1330 4510 1499 4582 Redigentes
1509 4510 1732 4583 utiqueineapti·

75 4600 105 4656 in
122 4616 181 4657 eos.
199 4601 349 4671 Propterea
363 4599 400 4655 ait
417 4615 423 4655 :
439 4601 492 4672 Epo
503 4601 561 4673 ipse
577 4601 684 4657 Paulus
702 4617 774 4656 nunc
788 4600 878 4671 impe·
928 4603 1037 4660 vitatem
1052 4600 1175 4657 ducendo
1190 4616 1238 4656 eos
1258 4601 1290 4655 iu
1317 4599 1480 4672 obsequium
1504 4598 1608 4655 Christi
1621 4618 1631 4653 :
1645 4606 1674 4654 ιιι
1684 4598 1732 4671 qui

76 4690 152 4745 ricae
167 4703 261 4761 agens,
279 4686 397 4759 quiobm
406 4687 555 4757 humiliter,
565 4689 674 4745 ebsecro
683 4704 730 4744 uos
737 4705 879 4761 permun-
928 4691 1003 4764 prius
1030 4689 1101 4745 male
1127 4688 1349 4760 obsequebantur
1386 4686 1505 4756 diabolo,
1534 4687 1632 4743 amodo
1660 4687 1731 4744 bene

78 4777 263 4834 suetudinem
277 4779 306 4832 et
321 4776 489 4832 modestiam
514 4776 629 4833 Christi.
645 4776 880 4833 Mansuetudinem
930 4781 1115 4850 obsequantur
1130 4777 1247 4834 Christo.
1264 4777 1345 4847 Quod
1359 4777 1396 4832 ait
1411 4793 1522 4834 omnem
1538 4777 1730 4848 iutetteetum,

381 2876 544 2917 expostulo.

79 4865 157 4934 dicit,
173 4864 220 4920 ubi
233 4863 321 4938 gratis
336 4864 394 4920 sine
406 4865 509 4935 judicio
533 4866 625 4922 omnia
644 4865 754 4921 dimisit.
783 4865 880 4921 illode-
930 4885 1042 4926 munem
1052 4866 1247 4934 altitudinem,
1260 4865 1527 4939 nonquodsingulos
1537 4864 1733 4922 infideleseon·

78 4953 159 5009 stiam
173 4952 249 5019 dicit,
265 4953 404 5025 quiscum
419 4954 630 5026 ageretjudicio,
641 4955 766 5010 modeste
776 4954 881 5024 judica·
930 4956 1050 5022 verterit,
1076 4955 1125 5011 sed
1148 4954 1212 5027 quia
1235 4953 1269 5011 de
1293 4955 1367 5011 omni
1382 4970 1485 5028 genere
1500 4953 1667 5010 infidelitatis
1678 4953 1732 5011 ali·

79 5042 136 5108 bat,
154 5041 287 5097 condiens
300 5041 455 5114 aequitatem
470 5042 667 5099 misericordia.
683 5044 736 5098 Per
750 5057 881 5098 mansue·
932 5061 1000 5118 quos
1021 5043 1057 5100 ad
1084 5042 1165 5099 iidem
1181 5043 1272 5098 traxit.
1295 5044 1460 5116 ltedipmtes
1484 5043 1595 5119 quidem
1606 5045 1639 5099 iu
1653 5043 1733 5101 obte-

78 5129 205 5185 tndinem
233 5129 327 5202 utique
340 5137 367 5186 et
394 5130 557 5186 modestiam
583 5129 681 5186 Christi
703 5132 818 5188 obsecro
832 5145 882 5187 vos
932 5135 1029 5207 quium
1046 5131 1151 5189 Christi
1165 5132 1257 5204 :quod
1272 5132 1295 5186 si
1322 5133 1407 5205 aliqui
1421 5139 1483 5188 sunt
1496 5131 1622 5189 nolentes
1633 5131 1732 5205 redigi,

80 5219 259 5290 egoPuutue,
275 5218 324 5291 qui
343 5218 460 5275 humilis
480 5219 601 5291 quidem,
632 5228 658 5276 et
672 5220 762 5276 omnia
777 5219 883 5291 patiens
933 5237 1028 5278 sumus
1037 5219 1170 5277 babentes
1177 5221 1735 5294 inpromptuuteiaeiemneminetedieu·

81 5305 482 5376 existimorluisseiuteruoae
495 5309 884 5381 quaehumilitasquidem,se·
936 5313 1016 5381 tium
1032 5309 1116 5365 idest
1142 5309 1292 5381 apostolica
1319 5310 1478 5367 auctoritate
1502 5326 1610 5366 omnem
1633 5308 1733 5365 inobe-

81 5395 204 5452 cundum
218 5395 293 5468 quod
307 5396 464 5467 opinamini,
480 5396 512 5452 iu
525 5397 600 5468 faeie
614 5396 672 5466 luit,
688 5405 715 5453 et
724 5413 779 5452 non
788 5396 817 5451 in
826 5413 886 5453 cor·
935 5400 1055 5456 mentem
1069 5399 1210 5455 damnare.
1226 5399 1258 5454 ln
1284 5407 1413 5472 promptu
1426 5400 1479 5456 hcc
1496 5399 1589 5465 habet,
1605 5397 1669 5469 quia
1682 5411 1735 5455 nec

84 5482 145 5540 de:
171 5483 335 5541 simulabam
362 5483 435 5540 enim
461 5490 537 5541 extra
564 5485 743 5543 humilitatem
757 5484 829 5542 intus
844 5484 885 5542 lo·
936 5487 1104 5546 ecmcientia
1126 5487 1198 5544 mala
1222 5503 1285 5546 eum
1298 5495 1419 5558 revocat,
1443 5503 1495 5545 nec
1508 5484 1652 5559 temporali
1669 5501 1734 5544 mu·
