3750 5984
58 177 112 232 529
380 174 570 233 expositio
590 175 627 232 IN
644 175 833 234 aristonis
852 175 967 232 PAULI.
991 207 1026 219 -
1046 178 1083 235 ΙΝ
1100 178 1209 236 ttetsr.
1229 180 1277 237 ΑΙ)
1296 181 1375 237 ΗΕΒ.
1656 184 1710 240 oso

56 297 226 371 persancte
241 305 395 355 sanctorum
412 299 604 374 significatam,
630 299 753 356 minister
768 309 793 356 et
803 301 900 371 jernA
913 316 968 356 non
978 316 1039 358 cum
1047 301 1188 374 inciperet,
1201 304 1249 360 sed
1255 321 1318 361 oum
1326 310 1534 362 consummaret
1542 306 1709 364 tabernacu-

58 386 162 443 ibidem
177 389 236 444 veri
247 390 434 456 tabernaculi,
446 389 474 444 id
486 397 527 444 est
536 389 667 456 veritatis,
680 404 761 461 quam
771 389 860 445 taber·
912 390 981 445 lum.
994 388 1132 459 Quasdam
1147 392 1220 447 enirn
1233 392 1337 464 ligures
1350 409 1400 464 per
1420 409 1449 449 se
1463 393 1586 449 invenire
1601 393 1686 464 potnit
1703 408 1709 447 :

58 475 188 532 naculum
213 483 290 532 vetus
313 476 518 548 praefigurabat,
551 478 654 534 scilicet
675 477 809 548 justitiam
833 478 860 533 in
912 478 961 532 scd
976 492 1038 533 oum
1052 493 1149 535 omnes
1164 496 1214 550 per
1228 496 1258 536 se
1280 496 1336 536 nnn
1361 489 1454 552 posset
1469 481 1600 548 invenire,
1615 497 1709 536 rever-

59 563 190 637 praesenti
204 564 339 632 Ecclesia,
355 565 473 639 gloriam
497 566 524 621 in
547 565 645 621 lutura.
670 565 746 633 Quod
769 582 861 622 verum
912 581 959 620 sus
974 574 1014 621 est
1029 566 1064 621 ad
1079 567 1184 633 Deum,
1200 576 1230 623 ut
1244 568 1313 624 sicut
1325 569 1360 624 de
1375 569 1495 635 verimte,
1513 570 1553 626 sic
1566 569 1601 625 de
1616 567 1713 642 liguris

60 652 267 709 tabernaculum
287 655 356 723 finit
373 654 509 710 Dominus
532 655 561 710 in
583 662 716 711 oeternum
729 668 861 726 perman·
913 653 1086 710 edoceretur.
1104 655 1153 710 Cui
1167 656 1301 712 Dominus
1311 657 1395 730 inquit
1412 675 1419 712 :
1442 658 1514 725 Vide,
1531 659 1649 729 moyses,
1665 661 1713 728 sa-

58 757 174 809 surum3
198 741 262 796 illud
288 757 352 797 vero
373 741 518 798 umbratile
550 743 620 816 legis
643 742 860 809 tabernaculum,
912 742 968 798 cito
976 745 1083 808 omnio,
1093 743 1121 798 id
1132 742 1380 817 estdgnrasomnes
1390 746 1712 817 secundumeuemplor·,

57 844 116 885 non
129 828 227 900 fixum,
243 829 367 886 sederat
385 830 517 901 portabile
544 831 578 886 de
608 830 668 887 loco
695 830 730 886 ad
758 831 860 887 locum.
911 829 938 885 id
953 838 994 885 est
1003 832 1154 887 secundum
1169 832 1319 898 veritatem,
1332 833 1404 906 quod
1413 833 1552 905 exemplar
1564 837 1711 890 ostensum

59 917 172 974 Diceret
194 918 305 973 lndaens
322 936 329 972 ι
354 919 389 973 Et
411 918 502 991 legale
526 919 636 990 quidem
659 919 862 974 tabernaculum
913 922 955 974 est
971 920 1021 975 etot
1031 921 1063 975 in
1074 924 1170 977 monto
1185 941 1195 977 .·
1209 921 1246 976 illi
1260 922 1362 977 habent
1376 922 1557 978 ministerium
1571 921 1711 978 deservire

59 1004 120 1060 lixit
143 1005 276 1061 Dominus
300 1022 348 1077 per
369 1006 523 1061 ministrum
556 1009 680 1079 htoysen.
706 1007 803 1078 Utique
827 1006 864 1063 ait
914 1007 1061 1077 exemplari
1077 1015 1103 1063 et
1117 1008 1292 1075 umbrae3sed
1301 1011 1381 1066 lesus
1391 1010 1511 1066 sortitus
1525 1014 1568 1066 est
1580 1011 1711 1066 ministe-

58 1093 172 1164 Paulus,
190 1094 239 1149 sed
253 1095 304 1150 boo
320 1093 377 1150 fixit
392 1094 532 1161 Dominus,
550 1095 586 1150 ita
601 1095 673 1168 quod
688 1112 743 1150 non
757 1095 806 1150 luit
819 1095 864 1152 bic
914 1097 990 1149 rium
1005 1097 1108 1152 metius
1123 1096 1206 1167 :quia
1229 1105 1256 1153 et
1279 1097 1306 1152 in
1329 1097 1497 1168 spiritalibus
1523 1098 1668 1164 ministrat,
1687 1104 1713 1153 ct

57 1198 123 1240 cum
138 1198 171 1239 eo
185 1183 263 1252 cnjus
277 1183 432 1238 ministerio
450 1182 566 1255 figeret3
582 1183 632 1239 sed
645 1183 785 1255 propriam
799 1200 864 1255 per·
914 1181 1045 1253 spiritalia
1058 1183 1112 1238 dat.
1130 1183 1247 1240 Sortitus
1269 1185 1331 1241 dico
1356 1202 1427 1241 nunc
1450 1193 1595 1258 postquem
1618 1193 1714 1241 osten·
1815 1191 1823 1200 '

60 1287 160 1327 sonam
175 1269 241 1326 lixit.
261 1273 332 1327 Vere
347 1272 470 1327 Christus
485 1272 608 1328 minister
621 1279 677 1338 est;
693 1288 758 1327 nam
772 1274 864 1328 omnis
914 1286 974 1324 snm
990 1279 1030 1326 est
1054 1287 1116 1326 eum
1141 1288 1197 1326 non
1220 1272 1328 1337 offerre,
1351 1274 1424 1345 quod
1447 1273 1481 1328 sit
1496 1289 1579 1344 super
1601 1280 1712 1328 terram.

59 1362 197 1433 pontifex
212 1361 405 1416 constituitur
420 1360 455 1414 ad
475 1359 694 1429 ministrandum,
711 1360 814 1416 scilicet
827 1359 864 1415 od
915 1358 1092 1414 Ministerinm
1107 1359 1168 1416 dico
1183 1368 1256 1416 tanto
1271 1360 1367 1415 melius
1383 1365 1489 1432 quanto
1505 1369 1531 1416 et
1559 1359 1618 1432 ipse
1633 1360 1713 1415 lesus

59 1448 207 1522 offerendo
220 1464 341 1504 munero
355 1452 384 1504 et
398 1449 513 1506 hostias.
528 1450 603 1508 Unde
622 1448 683 1520 quia
698 1448 786 1504 omnis
800 1464 866 1520 pon·
915 1447 993 1501 dator
1007 1452 1049 1503 est
1070 1451 1237 1504 testamenti
1256 1449 1393 1514 melioris,
1410 1448 1437 1502 id
1452 1455 1494 1504 est
1513 1448 1635 1516 meliora,
1651 1448 1714 1519 quia

59 1536 127 1592 tilex
140 1536 313 1592 constituitur
327 1536 362 1591 ad
382 1534 563 1606 offerendum,
585 1553 698 1594 rrocesse
721 1540 764 1593 est
789 1536 864 1593 hrono
915 1543 1014 1590 aeterna
1029 1536 1219 1606 promittentis.
1236 1537 1267 1591 Et
1277 1552 1332 1591 non
1346 1537 1384 1592 ait
1397 1537 1484 1603 dator,
1502 1536 1551 1591 sed
1562 1535 1713 1602 mediator,

59 1624 150 1682 etium
163 1622 320 1696 pontificem
336 1624 472 1680 Christum
487 1624 902 1721 ιιιιιειειιιὶιιιιιιιᾳιιειιοΙῙε-Β
916 1623 1045 1694 quoniam
1076 1623 1183 1680 medius
1204 1624 1274 1680 inter
1295 1626 1382 1680 Deum
1407 1632 1433 1680 et
1455 1624 1593 1679 bominem
1617 1640 1633 1679 a
1657 1625 1715 1680 Deo

59 1717 118 1777 rat,
134 1720 236 1769 etcum
251 1728 365 1768 necesse
380 1713 488 1768 siteum
513 1713 614 1768 habere
629 1713 729 1785 aliquid
744 1712 779 1768 ad
795 1712 864 1769 offe·
915 1712 1023 1783 accipit,
1049 1712 1122 1783 quod
1154 1712 1257 1769 homini
1291 1713 1391 1768 tribuit.
1423 1712 1502 1781 Quod
1524 1720 1714 1768 testamentum

61 1801 191 1868 rendum,
207 1809 253 1855 aut
268 1801 333 1856 illud
351 1801 402 1857 orit
432 1810 642 1873 superterram,
670 1811 712 1856 aut
740 1801 863 1866 eoeleste,
915 1801 1068 1866 sancitum,
1096 1800 1123 1855 id
1148 1808 1190 1856 est
1209 1800 1410 1868 confirmatum,
1435 1808 1477 1857 est
1505 1801 1663 1856 duratumm
1686 1800 1715 1855 in

62 1890 184 1945 sednon
200 1905 283 1960 super
298 1898 410 1945 terram.
438 1890 469 1946 Si
490 1889 563 1944 enim
577 1906 661 1962 super
677 1890 865 1958 tenemium
915 1895 1056 1943 aeternum.
1084 1888 1221 1944 Sancitum
1250 1888 1312 1945 dico
1336 1888 1609 1961 repromissionibus,
1630 1888 1714 1944 idest

63 1995 124 2036 non
139 1980 212 2034 esset
227 1978 366 2044 sacerdos,
383 1977 483 2033 nedum
506 1977 639 2049 pontifex.
663 1978 738 2050 Ergo
754 1977 865 2033 coeleste
915 1976 1008 2031 multis
1022 1992 1054 2033 ao
1070 1977 1187 2033 diversis
1210 1976 1459 2048 pollicitationibus.
1483 1976 1713 2047 llepmmissioni·

62 2066 114 2123 erit
129 2067 202 2139 qnod
217 2064 337 2122 offerret.
354 2066 553 2137 superterram
568 2082 629 2122 esso
652 2065 717 2121 dicit
733 2064 865 2136 quidquid
916 2065 967 2120 bus
982 2064 1045 2121 dico
1067 2067 1232 2122 melioribus
1255 2064 1325 2122 sicut
1347 2081 1419 2136 saepe
1439 2064 1541 2120 dictum
1565 2072 1616 2119 est.
1640 2064 1713 2120 Dixit

61 2155 91 2210 in
107 2154 262 2211 carnalibus
273 2163 299 2210 et
313 2170 363 2225 pro
378 2153 533 2210 carnalibus
552 2153 672 2210 offerret.
687 2154 715 2208 Si
729 2161 801 2208 esset
816 2169 864 2208 sn·
915 2152 952 2208 ibi
970 2171 976 2207 :
992 2153 1114 2209 Christus
1129 2161 1169 2209 est
1184 2153 1264 2209 dator
1288 2152 1409 2208 melioris
1431 2152 1594 2218 testamenti,
1620 2160 1646 2207 ct
1659 2154 1712 2210 hoc

63 2260 115 2316 pcr
129 2252 231 2298 terram
241 2243 313 2314 qnod
328 2244 408 2297 lesus
416 2241 537 2310 offerret,
549 2258 603 2299 non
616 2243 703 2298 solnm
716 2258 788 2315 nego
803 2258 865 2298 cnm
914 2241 1012 2312 probat
1026 2241 1120 2298 (licens
1136 2260 1143 2296 :
1159 2242 1228 2297 Vera
1237 2248 1429 2297 testamentum
1444 2240 1545 2297 Christi
1559 2240 1656 2295 melius
1672 2248 1715 2296 est

64 2330 232 2404 pontificem,
249 2333 298 2387 scd
312 2339 449 2388 necessat
474 2332 620 2397 sacerdos;
638 2330 734 2386 trustra
751 2330 865 2385 enimin
916 2337 1078 2385 testamento
1100 2330 1196 2401 priori.
1219 2331 1290 2386 Nam
1318 2329 1383 2385 illnd
1415 2329 1491 2399 prins
1521 2335 1714 2384 testamentum

65 2419 221 2477 camalibns
236 2420 365 2477 sacerdos
381 2426 465 2485 esset,
482 2436 547 2475 oum
571 2423 665 2475 essent
680 2419 755 2473 multi
770 2434 865 2474 sacer·
915 2434 971 2474 non
984 2419 1092 2474 vocavit
1106 2432 1122 2474 e
1137 2419 1232 2490 culpa,
1248 2418 1348 2473 Christi
1362 2425 1451 2473 antem
1464 2425 1655 2473 testamentum
1669 2433 1714 2472 va·

65 2509 626 2581 dotesquioliementmunerosocundum
636 2506 864 2578 leqem,idestsu-
916 2512 957 2560 cat
973 2520 989 2559 a
1004 2503 1093 2575 culpa.
1112 2504 1143 2559 si
1157 2503 1316 2559 eninrillud
1326 2503 1405 2574 prius
1416 2508 1603 2556 testamentum
1619 2516 1714 2556 occos·

64 2614 116 2671 per
125 2597 350 2653 terramDiceret
360 2596 406 2651 ille
417 2611 423 2650 :
434 2596 508 2650 hiulti
519 2595 628 2667 quidem
638 2603 701 2650 sunt
708 2593 864 2661 offerentes,
916 2597 958 2648 set
981 2608 997 2647 a
1012 2592 1103 2664 culpa,
1118 2607 1173 2646 non
1196 2591 1307 2647 daretur
1330 2590 1479 2646 secundum
1503 2596 1713 2655 testamentum

66 2687 116 2742 scd
132 2686 194 2757 quia
209 2700 289 2741 nemo
304 2685 342 2740 sic
357 2685 440 2756 digne
454 2684 540 2756 possit
554 2682 664 2750 offerre,
691 2684 792 2739 bonurn
808 2690 868 2738 erat
917 2682 965 2737 sed
990 2681 1052 2753 quia
1081 2680 1230 2736 secundnm
1260 2680 1350 2734 datum
1379 2686 1429 2746 est,
1454 2685 1568 2748 apparet
1596 2676 1713 2748 primum

65 2782 95 2831 ut
109 2775 188 2830 lesus
203 2773 314 2829 offerret
337 2773 487 2829 secundum
511 2772 613 2846 legem,
629 2780 657 2826 et
671 2773 721 2827 hoc
735 2779 864 2838 removet,
917 2769 1001 2826 tuisse
1016 2768 1215 2840 imperfectum,
1231 2777 1258 2824 et
1282 2767 1432 2823 secundum
1455 2764 1616 2837 perlectum.
1641 2765 1711 2820 Fru-

64 2864 161 2921 dicens
177 2880 184 2917 ε
202 2863 270 2918 Cum
285 2870 376 2917 ossont
392 2862 437 2934 qni
457 2861 607 2917 secundum
621 2860 712 2932 legem
727 2859 865 2929 offerrent,
917 2867 973 2913 stra
1002 2859 1075 2914 enim
1101 2857 1176 2929 prins
1211 2864 1401 2912 testamentum
1439 2855 1634 2919 destmeretnr,
1663 2852 1715 2908 nisi

65 2960 93 3008 et
107 2953 156 3024 qui
170 2952 332 3008 deserviunt
343 2951 512 3023 exemplari.
527 2949 675 3021 Exemplar
689 2948 787 3004 dicitur
801 2947 867 3003 illud
918 2955 991 3003 osset
1004 2945 1202 3018 imperfectum.
1219 2946 1252 3001 Et
1268 2944 1368 3000 trustra
1393 2942 1540 2999 secundum
1555 2942 1667 2996 daretur
1681 2941 1716 2997 ad

65 3040 196 3110 adonius
217 3038 421 3095 similitudinem
443 3036 472 3092 fit
496 3037 608 3109 aliquid.
632 3037 793 3109 Exemplum
817 3015 901 3091 ιιιι-0
919 3036 1115 3092 correctionem
1128 3033 1228 3106 prioris
1243 3031 1403 3104 imperfecti,
1420 3031 1443 3086 si
1466 3046 1520 3086 non
1536 3037 1608 3085 esset
1621 3028 1714 3100 perte-

67 3137 123 3186 tem
138 3128 297 3196 similitudo,
314 3144 374 3199 quae
389 3128 422 3181 ab
446 3125 595 3196 exemplari
616 3120 729 3196 capitui.
752 3123 867 3193 Quando
917 3132 999 3179 ctum.
1015 3124 1093 3193 Quod
1109 3123 1144 3177 ita
1158 3124 1194 3178 ait
1211 3141 1218 3177 ε
1235 3122 1263 3177 Si
1285 3121 1349 3176 illud
1364 3120 1440 3191 prius
1458 3125 1650 3174 testamentum
1664 3133 1715 3173 va-

67 3218 142 3274 Deus
166 3217 278 3287 Moysen
303 3215 411 3272 vocarit
429 3215 456 3269 in
480 3221 610 3279 montem,
627 3213 664 3268 ibi
689 3213 820 3269 revelavit
843 3211 868 3268 ei
918 3221 1037 3268 cassata
1054 3211 1140 3282 culpa,
1157 3226 1212 3266 non
1226 3209 1263 3265 ait
1278 3209 1301 3263 si
1312 3208 1436 3264 homines
1447 3207 1497 3262 sub
1512 3205 1559 3262 illo
1573 3211 1716 3261 vacassent

66 3322 178 3364 omnem
191 3307 264 3377 (quae
277 3304 414 3375 implenda
428 3305 498 3372 erat)
516 3303 550 3358 de
564 3303 638 3358 cultu
649 3302 699 3356 Doi
713 3301 866 3357 veritatem.
917 3317 932 3354 a
948 3299 1035 3371 culpa,
1061 3300 1111 3354 sed
1131 3298 1195 3353 illud
1211 3297 1299 3368 ipsum
1323 3304 1514 3351 testamentum
1532 3302 1666 3360 vacasset,
1688 3293 1715 3347 id

67 3396 123 3452 Sed
136 3394 211 3451 Deus
225 3410 287 3451 cum
302 3394 395 3464 hloyse
410 3392 566 3465 intelligens
578 3390 709 3462 populum
720 3389 795 3445 illurn
809 3405 868 3446 car·
919 3397 960 3444 cst
974 3404 1091 3444 vacuum
1104 3374 1178 3443 esset
1192 3402 1209 3441 a
1223 3386 1320 3456 cnlpu;
1337 3384 1365 3438 in
1381 3385 1435 3440 boc
1448 3383 1520 3439 enirn
1530 3383 1589 3453 ipsa
1603 3382 1647 3436 lex
1661 3396 1716 3436 non

66 3485 157 3540 nalem
167 3498 222 3538 non
238 3482 328 3537 statim
343 3496 424 3553 posse
443 3496 541 3551 capere
559 3478 701 3550 spiritalia,
714 3478 780 3533 dixit
790 3479 868 3547 hioy-
918 3494 980 3532 esse
993 3492 1077 3532 vacua
1102 3475 1243 3531 videbatur
1257 3490 1272 3527 a
1286 3472 1376 3542 culpa,
1399 3487 1479 3543 qnam
1495 3469 1670 3541 praecipiebat
1690 3475 1717 3523 et

67 3573 102 3641 si,
120 3581 158 3639 ut,
175 3572 245 3628 sicut
259 3571 401 3627 veritatem
412 3585 491 3641 qnam
507 3567 671 3633 ibividebat,
685 3565 785 3622 laceret
800 3565 870 3638 sigu—
921 3565 1035 3638 gratiam
1051 3563 1209 3633 adjutricem
1224 3577 1306 3634 quam
1323 3559 1488 3615 ministraret
1502 3573 1556 3614 non
1577 3556 1694 3612 habebat
1710 3570 1717 3609 :

67 3678 113 3717 ras
126 3661 165 3716 illi
175 3660 276 3732 populo
285 3658 398 3724 carnali,
410 3659 438 3712 in
450 3657 547 3730 quibus
556 3656 666 3727 puerilis
680 3653 796 3726 populus
811 3662 870 3708 tan·
920 3654 959 3709 sic
973 3669 1068 3708 omnes
1082 3651 1186 3723 legales
1200 3650 1304 3706 iaciens
1327 3647 1487 3718 culpabiles.

68 3751 116 3806 diu
131 3750 306 3817 enutriretur,
318 3748 406 3803 donoc
416 3746 450 3801 de
460 3745 573 3816 pueritia
588 3743 739 3817 figurarum
755 3742 870 3797 transire
956 3742 993 3808 Si,
1024 3741 1144 3813 inquom,
1171 3738 1238 3794 illud
1260 3738 1336 3809 prius
1351 3743 1508 3792 vacasseta
1531 3732 1610 3804 culpa
1634 3731 1718 3802 (idern

68 3846 164 3911 posset
178 3837 213 3894 ad
228 3836 408 3892 maturitatem
423 3835 539 3899 virtutis,
557 3841 583 3888 et
597 3833 648 3887 hoc
673 3832 754 3887 modo
770 3831 870 3887 veritas
919 3847 970 3902 pro
981 3837 1056 3886 certo
1075 3828 1138 3884 dico
1153 3826 1242 3898 vobis)
1259 3842 1317 3881 non
1327 3826 1521 3898 inquireretur
1536 3823 1622 3887 locus,
1638 3818 1665 3874 id
1680 3826 1721 3874 est

66 3928 147 4000 prins
161 3935 272 3983 ostensa
287 3924 426 3994 exemplar
442 3922 490 3977 luit
506 3921 656 3994 figuramm
677 3920 819 3988 factarum,
835 3918 870 3973 ad
919 3917 1106 3989 opportunitas
1120 3915 1237 3972 secundi
1252 3912 1406 3969 testamenti
1421 3910 1513 3966 dandi.
1530 3908 1716 3980 inquireretur

70 4015 276 4072 similitudinem
289 4014 366 4086 prius
381 4020 499 4068 ostensae
518 4009 653 4066 veritatis.
843 4040 846 4046 -
919 4007 982 4062 ideo
997 4007 1035 4061 ait
1048 4005 1111 4077 quia
1126 4005 1199 4060 Deus
1209 4002 1325 4074 primum
1341 4017 1391 4072 per
1403 4001 1473 4065 Noc,
1489 3998 1589 4054 deinde
1603 4012 1654 4067 per
1667 4009 1719 4066 pa·

106 4106 215 4162 ltemm'
236 4103 292 4158 alio
317 4111 442 4173 respectu
463 4099 557 4172 lignrae
582 4098 710 4154 dicuntur
732 4095 872 4166 exemplar
921 4095 1064 4161 triarchas,
1080 4100 1176 4164 postea
1189 4107 1239 4162 per
1263 4092 1353 4164 legem
1377 4096 1403 4145 ει
1424 4088 1569 4160 prophetas
1585 4104 1592 4151 ;
1609 4085 1637 4139 ιιι
1658 4084 1721 4155 lege

69 4194 202 4263 ueritatis,
218 4191 367 4248 secundum
382 4188 566 4261 impletionem
586 4186 675 4252 illius,
694 4185 728 4241 ad
743 4183 871 4239 similitu·
920 4182 1049 4255 paulatim
1064 4180 1225 4235 instruendo
1240 4178 1377 4234 carnalem
1402 4176 1547 4231 ruditatem
1571 4171 1721 4240 hominum,

69 4284 164 4339 dinem
178 4281 327 4354 figurarum
342 4277 565 4350 praecedentium,
592 4283 619 4330 et
633 4273 784 4330 secundnm
799 4273 872 4327 hunc
922 4270 1072 4344 inquirebat
1087 4269 1186 4334 locum,
1204 4282 1269 4338 qno,
1285 4266 1339 4320 illis
1353 4265 1387 4319 ad
1407 4263 1603 4334 perlectionem
1617 4261 1721 4315 instm·

69 4372 184 4428 modum
199 4369 301 4442 figuras
316 4368 360 4424 hic
375 4373 455 4423 vocat
476 4364 626 4435 exemplar.
646 4363 677 4416 ln
694 4360 871 4433 sequentibus
886 4359 981 4429 Dotis,
997 4365 1149 4429 opportune
1164 4356 1241 4410 daret
1266 4352 1388 4424 spiritale
1404 4357 1603 4407 testamentum.
1621 4347 1659 4414 Si,
1676 4347 1721 4402 in-

69 4468 162 4516 antem
185 4458 326 4514 veritatem
350 4455 425 4528 prins
448 4454 475 4508 in
498 4459 590 4508 monte
604 4450 690 4522 Moysi
712 4449 872 4515 revelatam,
923 4463 1015 4519 quam,
1032 4445 1108 4517 prius
1122 4449 1313 4500 testamentum
1334 4446 1486 4496 vacassete
1504 4437 1594 4508 culpa,
1610 4451 1664 4491 non
1679 4435 1721 4490 in·

69 4547 212 4620 exemplar
226 4555 304 4603 vocat
318 4551 444 4615 respectu
459 4541 610 4615 figurarum
619 4538 654 4594 ad
669 4536 873 4593 similitudinem
923 4535 1076 4607 quireretnr
1089 4533 1166 4589 locus
1193 4529 1307 4587 secundi
1327 4526 1492 4584 testamenti.
1519 4525 1572 4581 Sed
1586 4525 1662 4581 locus
1678 4538 1723 4578 se-

69 4645 191 4696 ostensae
217 4634 324 4691 virtutis
345 4629 470 4706 [veritati]
493 4630 673 4684 inventarum.
701 4624 871 4692 Deserviunt,
923 4623 1004 4679 cundi
1027 4621 1181 4695 inquiritur,
1207 4628 1234 4676 et
1263 4619 1316 4674 hoc
1339 4616 1436 4688 probat
1463 4630 1513 4686 per
1536 4611 1722 4669 testimonium

69 4727 193 4799 inquam,
209 4722 369 4794 exemplari,
386 4721 470 4776 idest
494 4716 600 4789 figuris,
617 4724 644 4771 ει
657 4714 720 4787 quia
735 4711 874 4784 exemplar
922 4711 1047 4768 ieremias
1072 4709 1211 4766 dicentis:
1237 4708 1307 4762 Vere
1330 4703 1487 4776 inquiritur.
1511 4703 1582 4758 Nom
1607 4698 1721 4770 Spiritus

71 4815 238 4889 quandoque
252 4821 294 4868 est
306 4810 417 4876 veritas,
433 4823 489 4863 non
504 4806 601 4879 ligura,
617 4804 692 4858 addit
705 4811 733 4857 et
756 4803 872 4869 umbrae,
924 4808 1033 4856 sanctus
1047 4801 1213 4872 vituperans
1228 4810 1273 4852 eos
1287 4794 1401 4865 legales,
1423 4792 1493 4848 dicit
1502 4805 1551 4861 per
1563 4787 1720 4844 ieremiam.

72 4904 139 4978 quia
162 4903 215 4958 illae
237 4900 343 4974 figura,
369 4896 509 4968 exemplar
531 4901 616 4959 emnt,
642 4907 697 4947 non
721 4889 872 4956 veritatem,
922 4891 993 4946 Ecce
1007 4889 1126 4944 ueniunt
1138 4883 1268 4957 paulatim
1282 4879 1492 4954 propinquando
1512 4876 1601 4947 magis
1615 4889 1647 4930 ac
1660 4889 1722 4929 rna·

73 4993 124 5049 sed
143 4992 266 5047 umbram
291 4989 423 5043 habentes
447 4982 580 5049 veritatis,
605 4997 653 5053 per
667 4979 808 5035 Christum
831 4977 874 5033 le·
923 4977 966 5048 gis
980 4976 1049 5031 dies.
1064 4975 1183 5045 Tempus
1197 4970 1297 5028 Christi
1320 4969 1380 5025 dics
1404 4974 1493 5032 vocat,
1510 4964 1575 5036 quia
1596 4962 1722 5019 veniente

72 5082 145 5139 riter
159 5079 358 5151 depellendam.
375 5077 444 5131 Cum
458 5078 559 5138 essent,
577 5070 698 5143 inquam,
714 5069 762 5140 qui
776 5066 874 5121 deser·
924 5064 1041 5130 Christo,
1058 5062 1176 5118 tenebrae
1198 5059 1285 5131 pulsae
1311 5065 1383 5113 sunt.
1400 5057 1434 5111 Et
1449 5053 1535 5109 illuxit
1549 5051 1622 5122 dies,
1638 5050 1667 5107 td
1681 5058 1722 5107 est

72 5171 152 5230 uiunt
182 5168 286 5224 umbrae
315 5165 489 5227 celestium,
518 5160 554 5214 ita
578 5157 739 5229 complendo
772 5153 872 5225 omnia,
923 5152 1042 5210 veritatis
1055 5149 1185 5224 cognitio.
1202 5149 1236 5203 Et
1250 5148 1301 5203 hoc
1316 5146 1389 5219 quod
1403 5143 1513 5200 veniant
1527 5142 1556 5197 hi
1569 5141 1628 5197 dies
1644 5157 1651 5195 :
1668 5154 1722 5195 non

73 5262 151 5320 sicut
163 5276 182 5314 a
196 5257 254 5313 Deo
268 5269 434 5328 responsum
453 5254 495 5307 est
509 5249 601 5322 lloysi,
617 5255 717 5302 etcum
733 5243 771 5298 illi
782 5257 874 5297 sacer·
924 5257 987 5315 eqo,
1005 5241 1054 5296 sed
1068 5239 1206 5295 Dominus
1221 5236 1312 5292 dicit:
1327 5233 1431 5290 credite
1455 5230 1505 5298 illi,
1522 5234 1551 5286 et
1574 5229 1601 5284 in
1625 5227 1723 5282 diebus

73 5351 154 5406 dotes
171 5345 289 5404 3δῖ
307 5344 377 5399 bene
395 5341 485 5414 legem
505 5337 649 5408 implerent
666 5352 672 5389 :
688 5330 875 5388 lmstraiesus
923 5330 977 5385 iliis
995 5324 1203 5393 consummabo,
1219 5325 1246 5380 id
1256 5333 1298 5379 est
1312 5323 1383 5377 dabo
1395 5323 1597 5377 testamentum
1605 5330 1720 5379 nouum,

74 5450 130 5507 boc
143 5442 328 5504 sacerdotium
349 5444 510 5497 assumeret.
535 5436 707 5508 Responsum
732 5436 773 5485 est
788 5424 875 5501 hloysi
924 5418 998 5491 quod
1020 5417 1072 5475 erit
1091 5428 1283 5474 consummans
1305 5418 1383 5468 vetus
1399 5425 1405 5463 :
1421 5407 1484 5484 qnia
1513 5406 1547 5462 ad
1569 5401 1722 5477 perlectum
1796 5460 1800 5465 ,
