3742 5986
160 158 210 212 863

595 126 767 205 careonis
790 146 813 201 11
838 139 1043 201 ctnruusta
1058 141 1368 202 untomsrarorus
1778 146 1821 200 aa

159 280 356 336 monachorum
372 277 443 347 (cap.
460 276 505 346 ta)
521 273 585 329 dicit
602 289 609 327 ε
629 295 639 320 a
657 272 762 343 Ubique
773 268 958 327 credimusdi-
968 269 997 329 Α
1009 274 1070 323 tuor
1089 268 1213 324 seniores
1226 266 1455 342 haberepht'alas
1469 268 1708 340 percomplerent
1724 265 1818 323 odora·

159 369 249 425 vinam
265 382 326 422 esse
349 363 533 436 praesentiam,
555 371 581 417 ct
596 361 689 416 oculos
713 359 821 413 Domini
843 357 960 412 inomni

158 456 221 513 loco
238 454 371 526 speculari
396 454 483 508 bonos
499 461 525 506 et
543 451 630 505 malos
647 468 653 503 :
671 449 787 503 maxime
802 455 892 502 tamen
908 446 961 500 hoc

164 546 224 601 sine
241 543 333 614 aliqua
349 541 516 597 dubitatione
532 540 686 605 credamus,
700 553 762 593 cum
772 537 806 591 ad
816 552 884 606 opus
896 534 962 589 ‹livi-

161 651 225 688 uum
241 632 405 687 assistimus,
432 631 497 683 hlco
513 644 622 697 semper
637 642 773 681 memores
789 626 873 679 simus
889 624 961 694 qiiod

161 723 196 776 ait
206 722 340 792 Propheta
353 720 474 775 :Servita
485 720 603 772 doctina
614 718 644 770 in
656 718 756 771 ttinere
764 715 851 771 t‘Psal.
863 728 892 779 tt,
904 714 959 781 ll),

162 810 303 865 etiterum
322 827 328 863 :
345 808 465 862 Psallite
480 808 624 877 sapienter
642 805 730 874 (Psoi.
752 818 828 865 xcvi,
846 802 892 871 8]t;
910 808 935 855 et
953 817 960 853 :

163 895 195 949 ln
206 891 529 965 conspeetaanpeloram
538 888 662 960 psallam
674 887 724 942 tibi
732 887 819 957 (Psoi.
833 899 960 947 cxxxvii,

163 982 201 1053 l).
213 982 287 1052 Ergo
298 979 503 1036 consideremus
518 975 634 1048 qualiter
648 982 771 1046 oporteat
785 989 835 1028 uos
851 973 878 1026 in
893 987 961 1028 con-

162 1078 256 1141 spectu
273 1067 421 1124 divinitatis
446 1074 472 1122 et
487 1065 647 1138 angelorum
663 1079 735 1131 esse,
760 1062 840 1118 etsie
861 1069 962 1116 stemus

162 1159 196 1213 ad
216 1156 399 1229 psallendum,
426 1162 455 1209 ut
474 1170 552 1209 mens
566 1160 660 1207 nostra
674 1151 820 1208 concordet
834 1150 895 1204 voci
910 1165 962 1203 no·

165 1255 239 1301 strae.
255 1267 266 1295 i
280 1266 329 1295 -a
343 1244 371 1300 Si
382 1260 442 1299 cum
455 1240 773 1311 homiuibuspoteutibus
784 1237 965 1293 volumusali-

165 1350 216 1406 qua
231 1349 393 1406 suggerere,
407 1347 460 1386 nou
469 1330 668 1402 praesumimus,
679 1328 730 1382 nisi
742 1344 804 1383 eum
813 1326 964 1380 bumilitate

164 1432 191 1478 et
206 1421 368 1489 reverentia,
386 1427 486 1491 quanto
507 1417 595 1491 nugis
615 1417 732 1472 Domino
747 1417 805 1471 Deo
820 1414 963 1471 uniuerso-

166 1527 227 1566 rum
241 1526 302 1566 cum
327 1508 475 1563 humilitate
497 1515 523 1561 et
544 1506 666 1577 puritatis
689 1504 833 1559 devotione
859 1503 964 1574 suppli-

1016 360 1180 413 mentoram
1194 357 1288 429 (Apes.
1305 371 1333 424 v,
1350 358 1388 427 8).
1400 356 1434 411 lit
1447 363 1475 411 ut
1490 356 1612 412 sciamus
1627 354 1699 427 quid
1709 355 1821 427 perime

1016 445 1196 500 odoramenta
1210 445 1334 517 accipere
1349 444 1509 511 debeamus,
1526 443 1667 518 adjungit,
1686 459 1753 516 qam
1761 448 1821 499 sant

1016 535 1159 588 orationes
1182 537 1357 589 sanctorem.
1386 532 1454 602 Quae
1468 540 1530 589 sunt
1544 533 1589 588 hae
1601 531 1712 604 phialae
1726 546 1819 600 aurea,

1016 619 1068 674 nisi
1100 630 1205 676 mentes
1230 630 1341 688 sancta,
1369 622 1486 693 puritate
1507 620 1653 677 munditiae
1679 619 1777 683 clarae,
1798 628 1820 675 et

1016 709 1131 764 maxime
1147 709 1247 764 amoris
1263 710 1312 766 Dei
1323 709 1473 780 etproximi
1483 710 1585 766 decore
1595 707 1727 780 pretioso
1747 708 1819 763 ador·

1016 799 1110 852 uataei
1129 799 1158 851 lu
1173 798 1271 853 talibus
1295 797 1392 868 phialis
1407 799 1513 871 integra
1537 806 1563 853 et
1578 797 1747 868 incorrupta
1761 813 1819 852 eon·

1016 894 1157 943 seruantur
1186 887 1380 957 odoramenta,
1406 887 1507 959 quiae
1540 885 1677 941 cordibus
1702 884 1821 957 purisct

1015 975 1146 1031 charitate
1161 975 1251 1046 plenis
1271 982 1384 1046 accepta
1408 975 1466 1030 Deo
1480 975 1642 1030 emittuntur
1658 981 1689 1029 et
1704 971 1819 1029 offerun-

1014 1070 1057 1117 tur
1070 1062 1177 1134 piarum
1191 1064 1343 1118 orationum
1358 1063 1478 1119 incensa.
1498 1063 1576 1118 Unde
1592 1070 1620 1118 et
1635 1061 1745 1118 dicitur
1758 1061 1821 1134 qaod

1015 1151 1068 1207 illae
1082 1152 1211 1208 mulieres
1235 1160 1412 1223 portaverunt
1434 1159 1555 1207 aromata
1577 1167 1642 1222 quae
1658 1158 1820 1222 paraverant

1014 1241 1179 1311 (Lae.xx1v,
1198 1241 1234 1312 t).
1258 1242 1329 1295 Nam
1342 1240 1433 1295 minus
1449 1240 1559 1312 quidem
1573 1255 1628 1295 nos
1643 1246 1748 1311 parata
1762 1254 1819 1295 are

1014 1335 1088 1383 mata
1102 1337 1254 1400 portamus,
1281 1344 1343 1384 cum
1367 1330 1426 1384 Deo
1440 1328 1509 1383 tales
1523 1327 1668 1384 orationes
1683 1328 1723 1399 (si
1736 1334 1821 1383 tamen

1014 1416 1165 1489 orationes)
1180 1416 1331 1484 offerimus,
1351 1433 1419 1488 quas
1434 1415 1602 1472 instabilium
1619 1424 1648 1472 et
1665 1416 1820 1472 hamunde·

1016 1521 1077 1559 rum
1100 1505 1294 1578 cogitationum
1319 1505 1519 1574 abjectissimus
1541 1505 1634 1576 pulvis
1662 1504 1822 1560 exinanitet

164 1599 283 1654 candum
299 1597 360 1652 esti
373 1598 406 1650 Et
429 1612 483 1651 uon
505 1595 533 1649 iu
547 1593 726 1666 multiloquio,
743 1592 793 1647 scd
807 1593 834 1646 iu
850 1592 1000 1686 puritateB
1015 1594 1172 1664 corrumpit,
1188 1602 1213 1648 et
1235 1593 1302 1664 ipsis
1322 1593 1423 1648 divinis
1446 1592 1557 1648 auribus
1573 1592 1714 1666 indiguas
1730 1592 1820 1649 reddit.

166 1687 258 1742 cordis
281 1694 308 1741 et
328 1683 536 1755 compunctione
560 1683 741 1753 laerymarum
766 1696 816 1735 nos
842 1679 964 1734 exaudiri
1015 1681 1069 1736 Sed
1082 1683 1157 1752 prius
1178 1689 1300 1737 aromata
1323 1688 1463 1752 parentur,
1481 1681 1561 1737 etsie
1576 1689 1708 1736 ammata
1722 1680 1758 1737 ed
1771 1682 1821 1736 Do·

165 1777 292 1832 sciamus.
322 1776 356 1829 Et
379 1774 440 1828 idco
465 1771 556 1826 brevis
581 1772 662 1826 debet
684 1786 746 1826 esse
767 1778 793 1825 et
813 1784 881 1840 pura
900 1784 963 1839 ora-
1013 1770 1118 1824 minum
1133 1777 1283 1841 portentur.
1311 1770 1370 1825 lloc
1393 1777 1444 1835 est,
1469 1769 1543 1840 prius
1556 1769 1709 1825 orationes
1724 1778 1822 1825 nostras

164 1860 202 1915 tio
219 1859 291 1913 :nisi
312 1857 381 1913 sorte
402 1874 434 1912 ex
456 1855 554 1911 aflectu
575 1856 673 1911 divinae
697 1853 881 1925 inspirationis
896 1868 964 1925 gra·
1014 1873 1098 1929 puras
1118 1856 1274 1923 efficiamus,
1297 1866 1324 1913 et
1343 1865 1407 1913 tunc
1429 1873 1476 1913 eas
1498 1856 1689 1928 omnipotenti
1714 1858 1784 1925 Deo,
1797 1866 1822 1913 ut

165 1948 209 2004 15ae
232 1946 412 2018 timendam?
436 1946 513 2015 (lied-
539 1945 566 2000 S·
592 1946 670 2007 Bon-2
686 1960 710 1998 0·
726 1944 813 2013 aot.»
839 1943 903 1996 Haec
926 1939 964 1994 illi
1015 1945 1040 2000 ei
1054 1945 1236 2016 acceptabiles
1260 1946 1323 2013 sint,
1347 1947 1446 2001 devote
1460 1943 1621 2001 offeramus.
1638 1946 1761 2012 Verum,
1775 1946 1822 2001 bea

165 2035 256 2092 eximii
272 2035 321 2088 viri
334 2035 386 2089 hoc
400 2033 483 2089 modo
498 2039 643 2087 senserunt
657 2031 691 2085 de
702 2031 754 2084 his.
767 2032 801 2084 At
810 2046 860 2084 nos
871 2028 965 2082 miseri
1014 2049 1065 2089 nos
1079 2034 1173 2089 miseri
1186 2033 1192 2089 t
1209 2034 1297 2089 minus
1311 2034 1445 2105 paricipi
1456 2048 1519 2090 eum
1530 2042 1660 2090 ammai„
1670 2042 1821 2107 poi-imus,

166 2141 228 2180 cum
244 2139 366 2188 oramus,
390 2122 445 2177 imo
460 2137 522 2177 cum
544 2137 594 2175 nos
609 2135 689 2175 orare
704 2118 810 2189 decepti
825 2126 963 2188 putamus,
1015 2123 1060 2196 qui
1076 2123 1187 2194 quando
1212 2139 1262 2178 nos
1281 2138 1363 2179 orare
1385 2131 1521 2194 putamus,
1537 2122 1604 2194 quid
1619 2138 1675 2179 ore
1698 2122 1821 2194 prosim.

164 2212 211 2268 vel
225 2228 322 2267 somno
337 2211 417 2266 inerti
433 2209 583 2280 saepissime
599 2207 782 2278 deprimimur,
799 2206 843 2261 vel
856 2205 963 2278 cogita·
1015 2227 1084 2278 mas,
1103 2211 1129 2266 in
1146 2212 1230 2267 corde
1246 2227 1297 2267 nec
1312 2227 1362 2282 per
1372 2211 1546 2275 intellectum,
1563 2227 1617 2268 uec
1631 2227 1689 2283 per
1699 2211 1821 2269 affeaum

165 2301 238 2356 tione
254 2299 372 2354 instabili
395 2306 470 2354 extra
493 2314 553 2365 nos,
575 2312 629 2351 uon
645 2304 699 2350 tam
715 2296 870 2366 frequenter
884 2309 962 2364 quam
1014 2290 1152 2355 multoties
1176 2308 1203 2354 er
1224 2299 1282 2356 ieie
1314 2317 1424 2372 semper
1442 2315 1598 2357 pergimus,
1622 2300 1663 2355 Et
1688 2300 1821 2374 montedo

165 2389 222 2445 iere
236 2389 414 2454 incessanter,
435 2402 486 2457 per
505 2402 621 2458 quaeque
642 2384 728 2439 otiosa
750 2391 776 2439 et
795 2382 899 2449 irivola,
914 2397 964 2452 per
1014 2404 1065 2443 nos
1080 2387 1155 2442 illam
1171 2404 1187 2442 a
1203 2389 1261 2443 Deo
1278 2388 1477 2444 exaudiendam
1502 2404 1565 2444 esse
1585 2378 1748 2445 orationem
1760 2404 1821 2460 spe·

166 2477 246 2534 noxia
260 2486 286 2533 et
299 2476 405 2531 inutilia
426 2490 568 2546 vagamur.
594 2472 622 2528 Si
645 2472 727 2527 talem
741 2471 892 2528 orationem
906 2470 964 2524 Deo
1015 2493 1075 2532 iaie
1099 2492 1255 2547 possumus,
1280 2492 1362 2548 quim
1387 2477 1427 2534 sic
1446 2476 1596 2547 offerimus,
1620 2477 1704 2550 quod
1715 2494 1768 2534 ως
1780 2477 1822 2550 qui

166 2582 228 2624 esse
243 2565 371 2637 placitam
386 2571 524 2635 putamus,
541 2561 735 2634 absquedubio
745 2550 871 2614 fallimur.
884 2555 964 2626 Quod
1015 2581 1076 2621 eam
1092 2573 1231 2637 utcunque
1248 2566 1371 2621 videmur
1384 2564 1495 2631 offerre,
1507 2581 1558 2622 nec
1569 2581 1822 2638 peimi-emm

168 2655 191 2709 si
206 2653 381 2725 pertinaciter
405 2652 572 2717 insistentes,
594 2659 619 2704 et
643 2657 806 2721 arroganter
821 2648 962 2709 instantes,
1014 2670 1065 2725 per
1091 2652 1296 2725 intelligentiam
1322 2655 1463 2710 gemimus,
1489 2655 1523 2709 Ei
1540 2654 1654 2726 quando
1678 2654 1740 2711 m
1761 2670 1821 2711 m.

166 2742 241 2797 illam
274 2740 463 2797 contendimus
494 2747 591 2794 eontra
619 2737 814 2793 conscientiam
841 2742 964 2790 nostram
1015 2750 1088 2797 mata
1098 2742 1230 2798 mulieres
1244 2751 1344 2814 parata
1359 2741 1554 2814 portaverunt?
1568 2742 1670 2815 atique
1683 2743 1820 2800 uuasab

168 2831 228 2886 Deo
242 2829 363 2901 placere,
379 2827 534 2895 mentimur,
551 2834 576 2881 et
592 2826 794 2881 veritatcmnon
805 2823 965 2888 iacimus,et
1015 2830 1080 2895 bati,
1104 2831 1183 2886 vaide
1207 2830 1339 2887 diluculo,
1365 2829 1389 2887 0
1405 2831 1558 2887 impingas!
1580 2847 1598 2887 0
1621 2828 1820 2904 imquppm!

165 2917 264 2975 veritas
280 2917 307 2971 iu
332 2916 411 2971 nobis
426 2931 480 2970 non
503 2920 553 2970 cst.
575 2915 636 2969 Non
659 2913 731 2969 enim
746 2911 807 2966 talis
822 2919 862 2967 est
877 2911 963 2966 oratio
1016 2935 1032 2973 0
1047 2927 1072 2974 et
1089 2918 1218 2974 claritas!
1236 2919 1392 2992 itaqueuna
1402 2919 1523 2985 Sabbati,
1534 2918 1615 2975 ualde
1625 2918 1822 2992 diluculopor·

166 3008 201 3062 ad
216 3023 297 3078 quam
312 3021 362 3061 nos
384 3003 484 3060 Paulus
508 3003 609 3071 invitat,
627 3001 672 3074 qui
687 3017 738 3056 nos
751 3007 844 3055 monet
858 3007 887 3054 ut
900 3015 966 3054 ore·
981 2982 1140 3063 cieverunt
1154 3023 1215 3078 quae
1229 3015 1392 3078 paraverint
1402 3013 1535 3074 immiti,
1547 3015 1576 3062 ui
1587 3006 1713 3064 sciamus
1724 3007 1821 3064 debere

165 3111 225 3151 mus
247 3095 275 3149 iu
296 3093 403 3166 spiritu.
428 3100 454 3147 ct
478 3091 622 3162 vigilemus
643 3089 672 3144 ia
693 3089 827 3152 oratioue,
849 3086 966 3142 inomni
1016 3110 1067 3150 nos
1094 3095 1194 3151 habere
1217 3112 1279 3152 cum
1302 3111 1423 3162 oramus,
1448 3096 1518 3152 imm
1540 3111 1601 3162 uos,
1633 3103 1664 3152 οι
1692 3096 1820 3153 unium

165 3183 306 3239 instantia.
323 3182 377 3238 Sed
392 3189 419 3237 et
438 3181 497 3251 ipse
513 3179 644 3234 Dominus
659 3179 796 3249 apostolos
811 3176 964 3248 alloquens,
1016 3191 1147 3255 quantum
1176 3182 1210 3237 ai]
1239 3183 1432 3256 cogitationum
1447 3190 1603 3240 mimium
1621 3183 1820 3250 mmmm

165 3280 193 3329 et
226 3272 261 3327 ad
294 3270 427 3326 orandum
458 3270 629 3324 exhortans:
649 3268 783 3339 l'ipilate,
810 3263 912 3336 inquit,
938 3268 966 3319 et
1016 3280 1042 3325 et
1056 3271 1175 3342 quietem
1199 3279 1329 3342 quantum
1342 3272 1377 3328 ad
1392 3287 1499 3344 pacem,
1518 3279 1544 3328 et
1557 3272 1716 3329 claritatem
1731 3287 1818 3346 qartu-

165 3365 245 3417 θΐαίθ
279 3360 304 3431 (¹
331 3358 392 3415 Cor·
418 3373 474 3423 MV.
507 3357 570 3427 15);
593 3355 725 3427 ltraemisil
756 3355 887 3426 viduale,
915 3368 966 3422 Der
1016 3367 1073 3414 tum
1096 3360 1130 3414 ad
1154 3360 1356 3432 cognitionem
1373 3368 1505 3433 quatenus
1539 3360 1676 3416 orationis
1698 3368 1820 3432 ternpore

163 3450 217 3506 l10⁰
249 3447 376 3504 emdiens
398 3461 464 3513 ¹¹0⁵,
491 3454 625 3518 quatenus
652 3444 674 3498 Si
696 3452 722 3498 et
746 3443 804 3498 ⁰00
827 3441 963 3513 hitaliam,
1015 3464 1067 3504 nec
1081 3465 1132 3519 per
1145 3449 1233 3504 otiosa
1248 3449 1339 3521 aliqua
1355 3457 1381 3504 et
1395 3449 1488 3505 illicita
1503 3463 1554 3504 nos
1568 3448 1821 3524 inmeuteevagari

164 3546 192 3596 et
224 3536 303 3592 uobis
344 3535 510 3591 fructuosam
550 3540 669 3588 nostram
713 3547 775 3586 esse
816 3530 965 3585 orationem
1017 3537 1216 3607 permittamus,
1243 3537 1293 3592 sed
1308 3544 1439 3609 quantum
1454 3553 1504 3608 per
1519 3537 1570 3594 Dei
1586 3537 1706 3611 gratiam
1721 3554 1821 3611 passi.

164 3634 367 3699 praeoptamus,
402 3623 476 3679 omni
508 3622 633 3677 nimirum
676 3620 765 3675 studio
808 3627 834 3674 et
866 3625 965 3674 conatu
1014 3639 1086 3690 mus,
1103 3624 1158 3679 illis
1173 3624 1821 3701 solisquaeoreproierimus,percogitationem

164 3723 261 3772 eontra
284 3713 433 3769 insolentes
456 3719 483 3766 et
501 3711 659 3775 instabiles,
687 3715 781 3764 contra
805 3706 916 3763 nocivas
939 3713 965 3761 et
1015 3712 1196 3769 intendamus.
1212 3713 1267 3769 Sed
1291 3729 1342 3770 uec
1356 3714 1474 3786 aliquam
1489 3714 1660 3771 intrinsecus
1675 3715 1820 3788 perturba·

105 3855 109 3861 .
163 3803 273 3858 inutiles
288 3801 478 3874 cogitationes,
495 3807 522 3854 et
537 3807 600 3854 ante
615 3806 721 3867 tenipus
737 3795 881 3859 orationis,
897 3802 924 3849 et
938 3793 966 3848 iu
984 3868 989 3881 ι
1014 3801 1117 3858 tionem
1131 3802 1321 3869 revolvamus3
1339 3803 1388 3858 sed
1402 3803 1430 3857 in
1445 3802 1528 3874 pieni
1541 3818 1609 3876 eiga
1625 3819 1727 3861 omnes
1736 3804 1822 3860 homi.

163 3891 225 3962 ipsa
241 3905 320 3962 quam
333 3889 450 3943 maxime
462 3887 607 3960 vigilemus
618 3885 739 3941 oratione
751 3884 865 3955 (Coloss.
880 3899 916 3949 rv,
928 3887 944 3939 2
957 3901 964 3949 ;
1015 3903 1074 3955 nes,
1090 3897 1116 3945 et
1130 3890 1249 3946 manime
1263 3906 1330 3962 erga
1339 3890 1438 3947 iratres
1449 3899 1476 3947 et
1486 3899 1578 3964 patres
1588 3899 1713 3958 nostros,
1726 3891 1823 3965 quibus

164 3980 263 4052 Eplet·
281 3993 319 4042 Vt,
338 3980 387 4041 lsst
404 3977 557 4041 Marc-³1¹⁹,
571 3975 616 4044 38)
629 3991 635 4028 ³
649 3989 683 4028 ΗΘ
701 3970 965 4043 <tu⁰dlisstiuaq1¹asi
1015 3978 1173 4034 cohabitare
1187 3987 1310 4034 tenemur
1333 3980 1476 4036 unanimes
1496 3981 1524 4035 in
1543 3980 1638 4047 domo,
1655 3994 1728 4053 paee
1741 3979 1824 4054 quieti

166 4067 269 4123 orando
284 4064 410 4135 prolerre
424 4063 539 4128 videtur,
556 4061 689 4117 alliciente
703 4062 756 4116 hoe
771 4059 965 4131 cogitationum
1015 4080 1122 4121 sumus,
1150 4067 1193 4122 ,id
1223 4075 1373 4123 extremum
1405 4084 1456 4124 nec
1480 4069 1596 4138 alicujus
1619 4068 1824 4140 phantasma&

165 4153 333 4211 instabilium
359 4152 528 4225 evagatione,
554 4152 628 4206 omni
652 4149 760 4220 ponitus
775 4147 862 4204 fructu
882 4146 964 4219 spiri·
1015 4155 1133 4227 caligine
1166 4156 1357 4223 obscuremur,
1389 4157 1438 4212 sed
1466 4157 1555 4230 potius
1584 4156 1659 4213 lucis
1681 4157 1823 4227 enjusdam

165 4243 230 4300 tuali
254 4243 384 4315 privetur.
410 4242 445 4297 Ut
468 4240 541 4295 enim
565 4239 602 4294 aa
626 4237 807 4294 Ecclesiastes
833 4255 840 4292 :
865 4238 965 4292 hasce
1015 4243 1162 4314 spiritualis
1177 4246 1391 4303 obcaecabis
1413 4246 1544 4303 immisse
1559 4245 1824 4304 illustrationem-

165 4331 450 4402 mort'entesperdant
465 4329 637 4384 suauitatem
656 4328 797 4399 aequanti
814 4326 915 4394 (Eeclc.
938 4341 962 4390 x,
979 4330 1162 4400 Drifioemiii

166 4421 208 4491 ll:
220 4428 247 4475 et
255 4422 294 4488 (ut
303 4435 357 4474 nou
368 4427 423 4473 tom
435 4416 603 4489 frequenter,
616 4431 697 4488 quam
710 4415 767 4470 lere
781 4414 967 4469 indesinenter

165 4508 332 4581 experimur)
360 4506 530 4562 descendunt
562 4505 689 4560 volucres
715 4519 799 4574 super
822 4503 964 4558 cadavera.

165 4598 201 4655 Et
215 4605 257 4652 est
280 4595 359 4651 valde
381 4594 565 4650 necessarium
581 4601 610 4647 ut
626 4592 719 4665 abigat
734 4608 781 4646 eas
796 4592 917 4658 Abram3
933 4606 967 4647 ne

165 4686 236 4743 torte
268 4684 375 4756 penitus
409 4683 481 4755 quoa
501 4681 580 4737 oben
613 4682 751 4752 perdatur,
777 4679 800 4734 st
824 4678 968 4751 contigerit
1017 4667 1056 4723 ta
1069 4669 1174 4754 mealia
1199 4673 1373 4756 conpactam,
1397 4687 1482 4744 qaam
1495 4669 1574 4755 potes
1589 4670 1737 4727 orationis
1759 4674 1825 4728 tem·

941 4775 968 4822 u,
1051 4755 1118 4810 pore
1128 4755 1219 4798 caesae
1230 4747 1378 4807 sentimas,
1390 4746 1418 4797 et
1428 4742 1553 4814 qualeter
1562 4743 1591 4796 et
1601 4756 1692 4812 padre
1700 4757 1760 4813 per
1771 4745 1825 4799 tce

1055 4820 1127 4875 iiam
1137 4816 1184 4888 qui
1195 4814 1227 4869 de
1239 4816 1296 4870 loco
1307 4814 1462 4883 voluptatis
1472 4811 1617 4881 egreditur
1627 4813 1766 4880 fiuvium,
1780 4813 1825 4885 pai

1053 4894 1081 4946 et
1094 4887 1315 4958 Tiprisvocatar,
1327 4884 1465 4941 orationis
1473 4880 1641 4954 accipienda
1652 4882 1768 4940 deuotio
1777 4885 1824 4940 sit.

1248 4500 1447 4558 CAPITULUM
1460 4499 1577 4556 XXXII.

167 4775 250 4848 (quod
267 4771 365 4844 obsiti)
380 4779 408 4825 ut
424 4772 458 4826 ab
473 4771 513 4826 cis
529 4770 659 4841 rapiatur.
676 4769 729 4825 Sed
744 4776 770 4823 et
784 4768 914 4822 mulieres
929 4768 938 4837 (

166 4880 260 4920 eorum
274 4878 334 4934 quae
349 4860 435 4933 gessit
448 4860 589 4925 Dominus,
607 4858 707 4913 relator
716 4857 846 4930 egregius
858 4864 968 4912 sauctus

165 4953 253 5008 lucas
277 4951 357 5006 nobis
382 4948 547 5018 manifestat)
573 4948 608 5001 ad
631 4954 837 5002 monumentum
859 4944 968 5000 Domini

87 5056 95 5069 ’
165 5047 309 5106 venerunt,
326 5042 475 5111 portantes
487 5053 548 5109 qaoe
556 5039 731 5108 pai-caeram
742 5038 872 5090 arctnatc
888 5035 966 5095 (Luc.
1054 5030 1132 5104 Cogit
1147 5044 1197 5084 uos
1213 5034 1242 5083 ut
1257 5034 1353 5091 tecum,
1372 5023 1418 5097 qui
1432 5023 1655 5080 habitatoreellm
1665 5040 1708 5092 es,
1722 5023 1824 5099 aliquid

167 5142 241 5190 xxiv,
259 5126 295 5197 l).
311 5127 345 5180 lit
368 5142 429 5196 qum
452 5133 513 5179 sunt
537 5125 594 5178 baec
617 5131 748 5188 aromata,
766 5123 818 5177 uisi
833 5123 929 5177 suavia
944 5129 970 5176 et
1018 5123 1109 5178 adhuc
1123 5133 1238 5190 mamus
1251 5115 1353 5180 dehis3
1370 5114 1511 5185 cogitnos,
1523 5113 1825 5187 inquammagnaqau

169 5214 307 5270 odorifera
322 5223 477 5269 sanctarum
498 5212 651 5267 orationum
677 5211 878 5267 odoramenta?
893 5211 969 5266 Unde
1019 5210 1085 5266 satis
1100 5205 1279 5278 deprimimur
1294 5203 1416 5267 miseria,
1428 5203 1515 5258 nostri
1532 5217 1587 5256 non
1610 5201 1755 5260 obliuisci.
1768 5204 1826 5258 Nou

168 5311 196 5358 et
219 5302 285 5374 petit
308 5301 462 5371 Psalmista,
486 5301 634 5356 orationem
658 5315 734 5354 suam
754 5299 834 5371 dirigi
850 5299 877 5352 in
900 5314 968 5354 coa·
1018 5299 1091 5355 euim
1118 5311 1263 5367 possumus
1276 5308 1329 5347 non
1345 5291 1482 5362 suspirare
1496 5298 1523 5346 et
1537 5305 1663 5361 gemere,
1680 5307 1771 5363 super
1784 5292 1825 5347 in·

169 5399 263 5462 spectu
285 5389 393 5465 Domini
416 5391 485 5446 sicut
509 5389 650 5444 incensum
673 5390 762 5455 (Psal.
790 5404 850 5453 cau,
873 5392 901 5456 2)
919 5403 925 5440 :
943 5395 970 5443 et
1019 5386 1095 5460 genti
1111 5383 1284 5440 instabilitate
1299 5380 1391 5436 miseri
1403 5388 1429 5436 et
1442 5377 1607 5434 miserabilis
1622 5378 1826 5436 cordisuostri.

131 5529 137 5540 .
170 5488 278 5536 sanctus
298 5481 416 5536 Joaanes
436 5478 464 5533 iu
478 5477 643 5554 Apocalypsi
659 5476 768 5543 asserit,
789 5475 885 5550 viginti
899 5490 969 5547 qua·
1019 5478 1108 5548 Sapra
1122 5473 1233 5531 modum
1247 5487 1347 5545 regum
1362 5477 1389 5526 et
1402 5468 1611 5543 proiugumest,
1623 5468 1826 5527 etsesibiierc
