3750 5984
102 128 137 183 l5
427 123 618 184 axrosmo
635 125 673 182 ΙΝ
690 122 880 181 aelswius
899 123 1011 179 PAULI.
1028 153 1063 165 -
1077 123 1114 180 IN
1132 123 1242 180 EPIST.
1265 125 1313 181 lo
1337 123 1422 182 holt.
1714 127 1748 182 li
1810 203 1812 206 Α

106 250 290 318 mitterentur,
306 251 380 307 addit
397 265 404 305 τ
424 254 461 308 lit
471 251 542 308 beati
563 257 626 306 sunt
640 249 687 318 illi,
704 255 821 324 peccota
834 249 942 322 quo-A
955 251 1034 307 stoue
1048 249 1149 316 carnis,
1165 249 1193 305 id
1208 257 1249 307 εει
1262 249 1374 319 iudeis,
1390 250 1439 307 scd
1459 249 1539 306 etiam
1555 249 1680 306 omnihus
1705 251 1750 308 his

107 357 175 397 rum
196 340 310 396 actualia
334 344 409 397 tectu
432 344 502 415 suut
514 341 542 395 in
556 340 701 411 baptismo.
713 340 797 396 Tacts
820 338 882 393 ideo
899 355 906 392 :
956 340 1003 408 qui
1014 343 1164 395 sectantur
1186 341 1305 411 vestigia
1317 339 1382 408 fidei
1396 340 1523 406 Abruhae,
1541 339 1665 411 exemplo
1680 340 1752 396 illius

108 429 174 499 quia
189 431 265 484 Deus
276 430 332 498 jnm
362 444 417 485 nou
440 429 513 485 videt
535 429 572 484 ad
599 427 776 500 puniendum.
805 429 908 483 Beatus
957 429 1027 484 hene
1047 429 1185 499 operando
1199 445 1249 499 per
1263 427 1354 494 tidem,
1372 445 1432 500 quae
1455 428 1523 484 tides
1545 436 1587 485 εει
1611 427 1703 484 hahita
1724 428 1752 483 in

108 519 190 572 etiam
203 519 246 573 cir
261 517 306 573 ille
315 520 363 575 cui
376 520 513 574 Doruiuus
522 534 579 574 nou
590 519 744 590 imputauit
759 520 908 588 peccatum
957 525 1079 589 tempore
1093 517 1228 589 praeputii,
1241 517 1324 589 patris
1339 517 1425 573 nostri
1438 517 1566 573 Abrahae.
1583 517 1653 573 Vere
1667 517 1755 572 dhre·

108 606 254 679 originale.
278 606 328 662 llic
342 623 398 663 non
411 606 525 662 multum
539 607 644 663 videtur
659 621 743 680 agere
762 605 796 661 de
809 605 906 678 gratia.
957 606 1019 661 ham
1034 615 1113 678 pater
1126 606 1177 661 erit
1191 605 1313 662 omnium
1327 605 1504 673 credentium,
1520 621 1575 667 nou
1598 620 1648 676 ρετ
1662 605 1754 678 legem

109 695 257 751 Sciendum
281 703 372 750 tamen
387 703 429 751 est
452 696 525 768 quod
546 703 619 751 totus
642 695 764 766 psalmus
786 701 910 750 versatur
958 695 1007 750 sed
1021 712 1071 767 ρετ
1086 693 1177 750 fidem.
1193 695 1261 749 Nam
1276 694 1355 764 hujus
1370 695 1409 750 rei
1420 695 1578 767 promissio,
1595 693 1708 761 scilicet,
1725 702 1753 750 ut

109 784 183 840 circa
197 784 461 841 commendationem
482 784 577 858 gratiss
592 784 652 849 Dei,
669 790 695 839 ει
708 783 805 854 prohat
819 781 908 838 nemi·
958 792 1031 839 esset
1045 785 1133 840 haeres
1147 783 1250 850 muudi,
1263 783 1335 855 quod
1349 783 1475 839 idemest
1489 783 1562 855 quod
1573 799 1634 838 csse
1648 791 1754 854 patrem

108 889 172 927 nem
182 889 265 943 posse
276 871 418 942 justificari
428 871 479 927 nisi
495 873 683 944 pergratiam.
700 869 835 940 Quoniam
850 871 908 942 qui·
958 873 1078 928 omnium
1100 872 1221 944 gentium
1238 887 1244 926 z
1260 873 1328 938 haec,
1344 871 1465 944 inquam,
1480 871 1625 943 promissio
1639 888 1697 928 uou
1712 880 1754 928 est

109 961 173 1016 dem
194 961 233 1016 ita
255 960 356 1034 legitur
378 960 406 1015 in
425 961 513 1016 David
530 979 536 1014 :
553 963 623 1032 Erpo
648 976 698 1031 per
721 960 909 1015 auctoritatem
958 961 1031 1017 iacta
1043 978 1093 1034 ρετ
1109 963 1206 1032 teqcm,
1216 961 1290 1017 idest
1300 961 1397 1016 merito
1408 961 1487 1033 legis,
1499 961 1547 1017 sed
1563 961 1659 1016 merito
1670 960 1752 1018 iidei:

108 1050 179 1106 hunc
194 1057 302 1106 constat
315 1050 388 1121 quod
402 1049 555 1118 beatitudo,
573 1049 600 1104 id
615 1056 657 1104 est
668 1047 825 1119 justificatio
841 1047 907 1118 (sic-
959 1049 1069 1122 quodsi
1085 1065 1138 1105 nou
1154 1059 1195 1105 est
1216 1050 1380 1121 promissum
1393 1066 1444 1121 per
1457 1048 1557 1123 legem,
1573 1064 1625 1106 nec
1645 1049 1754 1120 impleri

109 1146 138 1192 ut
153 1139 258 1194 dictum
273 1141 325 1209 εει)
339 1139 372 1209 fit
385 1139 583 1211 pergratiam.
601 1138 655 1193 Sed
665 1152 727 1193 cum
742 1136 782 1193 sic
797 1136 852 1206 hat,
869 1137 910 1192 vi·
958 1139 1040 1194 dehet
1062 1155 1113 1210 ρετ
1137 1138 1247 1211 legcm;
1263 1139 1336 1210 quod
1356 1138 1397 1194 sic
1418 1139 1455 1194 ait
1472 1156 1478 1193 :
1497 1138 1624 1194 Promisit
1645 1139 1755 1210 quidem

108 1227 326 1282 deamusanhaec
332 1227 470 1283 beatitudo
478 1230 595 1284 mancat
605 1228 637 1282 in
648 1226 874 1291 circumcisione,
881 1222 909 1279 id
959 1229 1031 1284 Deus
1048 1229 1166 1285 Airuhoe
1175 1235 1217 1283 aut
1228 1229 1332 1284 semini
1341 1228 1412 1298 ejus,
1424 1227 1451 1282 id
1461 1227 1628 1296 estChristo,
1641 1233 1674 1284 ut
1681 1232 1755 1284 essct

107 1323 149 1371 cst
164 1316 192 1370 in
206 1316 307 1371 iudaeis
322 1324 442 1370 tuntum:
460 1333 498 1372 uu
523 1316 591 1370 sicut
605 1315 633 1370 in
647 1315 757 1382 Judaeis,
774 1313 814 1370 sic
829 1313 910 1369 etiam
960 1316 1048 1373 hoercs
1063 1317 1183 1382 muudi,·
1198 1316 1245 1371 ubi
1259 1316 1361 1373 dictum
1377 1324 1419 1372 εει
1430 1334 1436 1370 :
1448 1316 1524 1371 Dabo
1534 1324 1631 1389 gentes
1640 1316 1755 1372 hoeredi·

107 1405 139 1458 in
160 1405 311 1476 proeputio,
328 1404 355 1459 id
370 1412 411 1459 est
425 1404 453 1458 in
469 1404 626 1478 gentilibus.
643 1403 705 1458 Vult
720 1403 819 1458 iterum
842 1417 909 1472 pro·
959 1413 1040 1460 tatem
1056 1412 1128 1460 tuam
1144 1405 1225 1473 (Gru.
1241 1405 1323 1474 riuti),
1340 1413 1391 1461 etc.
1408 1405 1476 1470 Hoc,
1491 1404 1610 1476 inquom,
1626 1420 1681 1460 non
1695 1419 1757 1476 pro·

107 1492 176 1547 bure
192 1509 243 1563 per
257 1493 396 1547 Abraham
411 1493 466 1565 qui,
483 1493 643 1564 priusquam
658 1491 908 1556 circumcideretur,
959 1494 1033 1548 misit
1046 1511 1095 1565 per
1108 1493 1208 1567 legem,
1224 1493 1272 1549 sed
1284 1510 1336 1567 per
1344 1494 1492 1565 justitium
1506 1494 1582 1562 fidei,
1598 1493 1757 1565 inestque

107 1580 256 1652 perfidem
275 1579 435 1650 justificatus
449 1581 507 1651 suit,
525 1581 565 1638 sic
587 1580 703 1655 gentiles
726 1597 775 1652 per
796 1578 946 1666 gratiamB
957 1582 1059 1651 justitia
1080 1598 1113 1638 ex
1133 1581 1187 1637 fide
1213 1581 1345 1653 sequitur,
1362 1596 1445 1653 quam
1468 1580 1551 1638 tidem
1574 1589 1601 1636 et
1625 1581 1757 1652 justitiam

106 1669 262 1741 justificari,
278 1677 307 1724 ut
322 1669 440 1737 indicos,
450 1670 544 1726 dicens
554 1684 560 1723 ε
570 1670 634 1726 ideo
650 1685 743 1740 quaero
757 1684 792 1723 an
807 1670 838 1724 iu
852 1669 908 1723 cir·
960 1670 1024 1727 fidei
1038 1679 1145 1741 oportet
1159 1671 1262 1726 hahere
1285 1686 1391 1750 omnes,
1407 1670 1454 1742 qui
1469 1686 1499 1725 se
1513 1669 1607 1726 volunt
1621 1685 1757 1726 annume-

109 1759 284 1815 cumcisiouc
296 1758 393 1825 solum,
406 1776 445 1814 cu
459 1761 490 1815 in
499 1758 823 1832 proeputiomaueathaec
830 1754 909 1826 justi·
960 1759 1015 1814 rari
1031 1759 1057 1815 in
1073 1759 1259 1815 haereditetem
1279 1758 1377 1814 Christi
1394 1776 1401 1812 :
1417 1758 1555 1814 Abraham
1570 1766 1661 1814 autem
1675 1757 1759 1814 sidem

110 1846 202 1903 ficatio
215 1862 222 1901 ε
234 1846 355 1918 quianos
363 1847 484 1904 dicimus
492 1848 563 1920 quod
572 1847 641 1917 fides
650 1846 767 1902 Abrahae
776 1848 910 1917 reputato
959 1848 987 1902 in
1003 1863 1032 1903 se
1048 1847 1149 1913 habuit,
1167 1854 1194 1903 ει
1205 1846 1337 1915 justitiam
1356 1862 1437 1918 quam
1452 1854 1560 1917 oportet
1573 1846 1673 1902 imitari
1687 1846 1758 1903 tilios

111 1939 152 1991 εει
168 1935 194 1990 ei
209 1936 404 2007 adjustitiam
419 1935 446 1990 id
460 1943 502 1991 est
516 1936 590 2008 quod
604 1935 743 1990 Abraham
764 1949 814 2005 ρετ
828 1932 909 1987 sidem
960 1937 1028 2006 ejus.
1046 1936 1116 1991 Vere
1138 1951 1189 2006 per
1209 1934 1300 2007 legem
1321 1951 1376 1991 non
1390 1934 1419 1989 lit
1433 1934 1579 2006 promissio
1596 1952 1603 1989 ε
1619 1934 1681 2006 quia
1702 1935 1760 1991 siii

107 2022 274 2093 justificatus
301 2024 336 2079 sit
353 2039 359 2078 :
375 2030 402 2080 ει
422 2040 483 2081 cum
507 2040 557 2096 ρετ
580 2022 662 2079 tidem
680 2022 841 2092 justificatus
864 2021 907 2089 sit,
960 2032 1063 2080 tautum
1077 2025 1124 2097 qui
1134 2031 1196 2079 sunt
1205 2040 1243 2080 εε
1259 2025 1325 2096 leuc,
1338 2023 1367 2079 id
1377 2031 1418 2079 εει
1426 2023 1522 2093 Judaei,
1543 2028 1614 2081 suut
1636 2023 1759 2081 hoercdcs

110 2129 176 2184 erqo
197 2112 344 2168 dicendum
358 2120 443 2168 restat
465 2112 610 2184 quomodo,
627 2112 653 2167 id
669 2113 751 2167 estin
770 2126 824 2184 quo
839 2117 910 2164 statu
960 2112 1147 2185 promissionis
1162 2112 1289 2180 Abrahae,
1305 2128 1374 2185 ergo
1387 2111 1456 2182 fides
1471 2112 1571 2168 Christi
1585 2117 1627 2169 εει
1654 2113 1759 2168 ecimu-

110 2204 245 2272 rcputoto
259 2204 304 2256 εει
316 2200 342 2256 ei
356 2200 424 2270 fides
438 2200 640 2272 adjustitiam,
666 2216 701 2256 an
715 2201 747 2255 iu
761 2199 911 2256 circumci·
961 2203 1034 2271 uita,
1051 2201 1078 2256 id
1094 2209 1135 2257 cst
1149 2201 1237 2256 inanis
1260 2208 1310 2266 εει,
1327 2209 1354 2256 ει
1369 2199 1470 2256 ιτεειτε
1494 2201 1635 2272 recepistis
1659 2216 1728 2269 eam,
1743 2215 1761 2256 o

110 2288 912 2369 sione,nnpriusquamcircumcideretur,dumadhucqsset
961 2290 1057 2355 Judaei,
1075 2290 1098 2344 si
1121 2289 1165 2344 lex
1184 2288 1331 2345 sufficiebat
1354 2288 1442 2356 vohis,
1458 2297 1487 2344 ut
1501 2289 1626 2346 haeredes
1641 2288 1737 2345 essetis
1755 2302 1761 2343 :

110 2376 292 2448 inpraeputio,
303 2377 330 2432 id
341 2385 383 2433 est
392 2378 420 2433 in
428 2378 602 2451 gentilitate?
617 2377 716 2447 Quaero
726 2377 753 2432 in
765 2392 818 2449 quo
829 2382 910 2442 statu,
961 2378 1034 2451 quod
1057 2378 1205 2433 maximum
1226 2376 1422 2434 inconvenieus
1445 2376 1574 2447 judicatis
1597 2376 1709 2448 vosipsi,
1735 2383 1764 2432 ut

111 2466 159 2521 sed
176 2465 268 2537 palam
288 2474 329 2520 est
344 2466 407 2538 quia
423 2467 451 2521 in
474 2466 689 2523 circumcisionis
713 2475 835 2537 tempore
857 2480 911 2519 nou
962 2467 1030 2522 tides
1052 2466 1150 2523 Christi
1172 2465 1272 2521 trustra
1301 2465 1345 2521 sit.
1371 2466 1429 2522 Nec
1452 2466 1504 2522 hoc
1531 2466 1619 2522 solum
1642 2474 1693 2532 εει,
1714 2464 1764 2522 sed

111 2562 154 2609 εει
172 2552 337 2622 justificatus
350 2570 401 2625 per
415 2553 506 2625 fidem,
525 2555 574 2610 sed
590 2555 655 2610 dum
680 2554 769 2610 adhuc
791 2560 915 2608 maneret
963 2555 1044 2610 etiam
1060 2555 1083 2610 si
1097 2549 1183 2610 iud'aei
1197 2555 1286 2610 solum
1308 2554 1433 2610 haeredes
1455 2562 1526 2623 sunt,
1544 2555 1584 2612 sic
1604 2555 1719 2623 abolito,
1736 2552 1765 2609 id

111 2641 140 2696 in
154 2644 297 2713 praeputio.
314 2640 384 2710 Quia
398 2643 422 2697 si
435 2644 574 2698 Abraham
599 2642 803 2700 incircumcisus
824 2641 913 2696 adhuc
963 2651 1004 2699 est
1019 2643 1117 2709 deleta,
1134 2647 1177 2699 εει
1191 2644 1340 2715 promissio
1354 2650 1381 2697 et
1396 2641 1464 2703 falsa
1477 2658 1482 2696 :
1496 2644 1570 2714 quod
1583 2643 1685 2699 dictum
1701 2650 1763 2698 est:

111 2747 162 2801 per
184 2729 268 2785 fidem
288 2729 450 2801 justificatus
472 2739 522 2798 est,
541 2748 626 2804 quare
650 2731 774 2786 similiter
797 2729 913 2802 gentiles
963 2733 993 2786 ln
1021 2731 1125 2787 semine
1152 2739 1198 2787 tuo
1227 2730 1425 2786 benedicentur
1448 2746 1545 2786 omnes
1567 2738 1665 2804 gentes
1680 2731 1762 2801 (Gen.

111 2818 295 2876 incircumcisi
309 2834 364 2875 nou
373 2819 556 2889 justificentur
569 2820 592 2875 si
605 2819 687 2876 tidem
703 2820 843 2875 habeant?
858 2817 914 2889 Op·
963 2822 1045 2891 xvir),
1061 2836 1123 2877 cum
1137 2818 1165 2873 in
1181 2819 1247 2875 solis
1261 2819 1362 2875 tudaeis
1377 2821 1435 2875 haec
1449 2819 1602 2876 benedictio
1617 2818 1675 2875 fiai.
1695 2821 1765 2876 Vere

111 2916 228 2978 poneret
242 2907 340 2963 iterum
355 2908 464 2964 Judaeus
479 2927 487 2963 :
504 2909 533 2964 st
552 2908 723 2966 circumcisio
738 2908 806 2963 nihil
820 2907 853 2963 ud
864 2908 913 2977 ju·
963 2908 1053 2980 quiex
1067 2907 1129 2980 lege
1145 2915 1208 2962 sunt
1224 2914 1339 2977 tantum,
1349 2923 1404 2963 non
1418 2915 1557 2963 merentur
1568 2907 1765 2964 haereditatem.

111 2995 299 3052 stificationcm
312 2997 427 3052 Abrahae
442 2996 552 3068 proluit,
569 2992 656 3069 quare
671 3006 817 3069 postquam
828 2995 911 3065 iusti·
924 2958 947 3019 0
963 2998 1032 3052 Nam
1044 2998 1092 3053 ιεε
1106 3000 1241 3069 operatur·
1252 3004 1404 3052 etmerctur
1414 2995 1584 3053 solummodo
1595 2997 1669 3053 irum
1681 3013 1688 3050 ε
1700 2995 1765 3069 quia

111 3083 208 3141 ficatus
224 3092 265 3139 est
280 3101 309 3140 se
333 3084 525 3142 circumcidit?
547 3085 716 3157 Opportune,
739 3085 862 3157 inquam,
884 3091 914 3139 ut
963 3085 987 3140 si
1001 3085 1048 3156 qui
1062 3085 1112 3140 suh
1126 3084 1188 3158 lege
1198 3085 1267 3141 hene
1283 3085 1387 3157 operati
1401 3094 1473 3151 sunt,
1485 3101 1534 3156 per
1548 3083 1631 3141 iidem
1645 3085 1764 3156 hocluit,

111 3173 255 3228 ueritatem
284 3173 326 3230 rei
353 3191 432 3245 quum
456 3174 576 3229 hubehat
603 3174 738 3230 occultam
759 3174 787 3228 in
810 3173 911 3240 anima,
963 3181 989 3230 et
1002 3189 1058 3228 non
1079 3190 1128 3245 ρετ
1152 3173 1252 3245 legem.
1280 3174 1349 3229 Vere
1373 3173 1417 3229 lex
1440 3182 1569 3244 operatur
1591 3174 1679 3241 irum;
1703 3189 1767 3229 uam

112 3261 242 3334 figuraret
269 3261 297 3315 in
323 3276 406 3318 carne
423 3278 429 3317 :
445 3261 589 3317 intendens
621 3262 708 3335 magis
730 3261 829 3317 docere
856 3261 912 3316 cir·
962 3261 1225 3334 praevaricationem,
1243 3269 1270 3316 et
1286 3278 1351 3318 vere
1374 3262 1624 3333 prevaricationem
1641 3261 1766 3318 :namsi

114 3350 309 3406 cumcisionem
324 3351 414 3407 cordis
434 3366 517 3422 quam
531 3350 630 3417 caruis,
646 3350 718 3422 quod
734 3348 913 3420 aequipolleu-
963 3351 1011 3407 utri
1024 3366 1082 3406 uon
1097 3354 1140 3406 εει
1157 3351 1214 3420 tec,
1225 3365 1284 3405 uou
1298 3355 1340 3406 εει
1351 3352 1562 3424 prevaricatio,
1574 3359 1601 3406 et
1611 3351 1766 3423 ubicunque

111 3445 151 3493 ter
165 3438 212 3492 ait.
229 3439 263 3493 Et
279 3439 340 3495 licet
354 3439 492 3494 Abraham
505 3438 534 3493 in
543 3439 676 3510 praeputio
686 3436 850 3508 justificatus
865 3437 911 3504 sit,
963 3447 1004 3495 est
1018 3438 1215 3509 prevaricatio,
1232 3430 1269 3492 ihi
1283 3437 1326 3493 lex
1341 3446 1392 3493 est.
1417 3440 1533 3510 Propter
1547 3439 1704 3511 supradicta
1719 3438 1766 3511 qui

113 3533 206 3582 tamen
215 3533 312 3598 postea
322 3529 432 3600 accepit
440 3527 466 3581 in
477 3543 560 3583 carne
568 3528 682 3599 siguum
690 3526 914 3582 circumcisionis
963 3527 1071 3597 exlege
1086 3534 1158 3593 suut,
1175 3526 1297 3581 haeredes
1312 3542 1367 3582 non
1383 3534 1463 3582 erunt
1480 3542 1486 3581 :
1502 3527 1552 3583 sed
1575 3528 1636 3584 idco
1660 3527 1707 3598 qui
1728 3543 1765 3583 εε

113 3622 140 3670 ει
150 3613 355 3684 justificationis
371 3615 480 3685 habitae,
494 3632 550 3672 uon
566 3623 596 3670 ut
609 3631 659 3686 per
677 3613 913 3671 circumcisionem
962 3615 1017 3685 fide
1031 3624 1101 3684 sunt,
1122 3615 1247 3671 haeredes
1262 3622 1351 3683 erunt,
1369 3618 1401 3671 ut
1425 3615 1574 3687 promissio
1589 3615 1659 3670 tacta
1674 3624 1701 3670 et
1713 3614 1765 3669 im-

108 3701 311 3772 justificaretur,
328 3704 378 3758 sed
392 3711 421 3759 ut
434 3703 474 3760 sic
488 3704 677 3759 ostenderetur
688 3703 787 3772 justus.
800 3701 913 3773 Signum
962 3703 1062 3775 plenda
1072 3705 1228 3761 secuudum
1242 3706 1366 3776 qratiam
1373 3704 1458 3773 firma
1472 3706 1510 3760 sit
1520 3706 1598 3760 omui
1612 3705 1723 3771 remini,
1736 3703 1764 3760 id

113 3791 175 3846 dico
190 3806 246 3847 non
260 3799 385 3862 apertum
400 3792 536 3859 omnihus,
562 3792 611 3847 sed
633 3792 823 3862 signaculum,
840 3790 914 3862 quod
963 3800 1014 3861 est,
1031 3792 1104 3848 omni
1118 3793 1234 3849 imitanti
1246 3794 1385 3849 Abraham
1398 3809 1447 3864 ρετ
1461 3790 1565 3848 fidem:
1587 3808 1646 3848 uon
1666 3793 1693 3849 ci
1714 3809 1762 3850 so·

113 3879 246 3951 quiddam
267 3881 402 3936 occultum
427 3881 578 3936 contineret
595 3895 601 3934 τ
618 3895 635 3934 a
649 3879 824 3934 similitudine
845 3894 914 3934 rerae
964 3883 1023 3938 tum
1038 3883 1086 3954 qui
1100 3898 1137 3937 εε
1154 3884 1213 3953 ιερε
1228 3886 1281 3947 εει,
1291 3881 1319 3936 id
1334 3881 1488 3948 estiudseo,
1500 3881 1549 3938 scd
1564 3881 1644 3937 ctiam
1655 3881 1729 3936 omni
1736 3882 1764 3938 ci

114 3969 157 4024 cui
180 3968 342 4039 imprimitur
364 3968 492 4042 sigillum,
509 3986 570 4040 quae
594 3968 622 4023 iu
645 3985 675 4026 se
699 3968 819 4024 continet
841 3966 914 4037 quod
962 3971 1010 4043 qui
1020 3973 1062 4025 εει
1076 3986 1113 4025 εε
1122 3969 1311 4039 tichhrohoe,
1327 3969 1355 4024 id
1365 3977 1415 4035 est,
1428 3968 1474 4041 qui
1482 3985 1533 4040 per
1542 3967 1625 4026 iidem
1642 3968 1764 4041 sequitur

115 4065 193 4112 extra
207 4072 263 4112 nou
282 4064 402 4128 apparet.
428 4057 473 4113 Sic
495 4057 666 4114 circumcisio
690 4057 780 4114 carnis
804 4056 913 4127 siguum
962 4058 1100 4114 dhruhum
1113 4073 1119 4112 :
1132 4060 1181 4130 qui
1188 4058 1328 4113 Abraham
1337 4062 1378 4114 cst
1388 4061 1472 4131 poter
1479 4060 1608 4114 omnium
1619 4062 1761 4129 nostrum,

115 4144 227 4215 quidem
252 4153 307 4200 erut
327 4145 460 4201 interioris
477 4145 596 4215 justitiae,
612 4146 686 4218 quod
698 4145 742 4201 uix
766 4143 850 4216 aliqui
863 4144 913 4198 iu·
963 4154 1017 4200 tam
1031 4146 1172 4219 gentilium
1187 4162 1269 4218 quam
1292 4146 1457 4213 ludaeorum,
1474 4146 1623 4203 secundum
1647 4146 1762 4203 formam

114 4233 165 4288 daei
191 4249 257 4288 sane
285 4233 470 4289 attendebant.
500 4235 677 4306 signaculum
704 4234 765 4290 dico
788 4234 914 4305 justitior
961 4233 1025 4290 iidei
1045 4242 1072 4290 et
1094 4235 1211 4304 justitiae.
1241 4234 1320 4290 Pater
1347 4235 1439 4307 utique
1463 4234 1583 4290 omnium
1617 4242 1668 4303 est,
1693 4235 1763 4292 sicut

113 4323 190 4391 fidei,
200 4323 276 4376 idest
283 4321 483 4391 justificationis
493 4323 590 4378 hahitae
601 4323 678 4380 Εἴ
695 4320 910 4394 perfidem,quae
924 4315 949 4374 Ι)
961 4323 1092 4394 scriptum
1105 4331 1146 4379 est
1160 4323 1187 4378 iu
1203 4322 1314 4380 Genesi.
1330 4323 1400 4378 lllud
1419 4322 1483 4396 quia
1498 4323 1533 4378 ad
1547 4324 1672 4380 ordinem
1686 4323 1761 4380 litte-

115 4409 184 4465 fides
195 4419 221 4465 ει
236 4427 297 4482 quoe
308 4410 411 4480 justitie
425 4415 468 4466 εει
480 4412 512 4466 iu
526 4412 677 4484 preputio,
685 4411 713 4465 id
728 4419 769 4465 est
783 4410 909 4466 couside-
960 4428 998 4467 τε
1021 4412 1055 4467 (Ιε
1084 4428 1138 4483 qua
1161 4419 1298 4483 sumptum
1325 4420 1376 4479 est,
1401 4411 1512 4483 respicit
1528 4430 1534 4467 z
1550 4412 1612 4483 hoc,
1638 4412 1758 4485 inquam,

115 4507 193 4553 ratur
206 4498 235 4553 in
249 4499 387 4553 Abraham
410 4507 533 4570 tempore
556 4498 687 4570 praeputii,
704 4506 729 4554 ει
743 4498 910 4554 convenien-
960 4499 1090 4571 scriptum
1120 4507 1161 4555 εει
1177 4501 1259 4572 :Ego
1280 4500 1403 4573 disposui
1426 4508 1462 4567 ιε,
1478 4500 1625 4567 Abraham,
1641 4499 1760 4555 iuturum

115 4595 157 4642 ter
171 4587 200 4641 in
213 4602 248 4642 eo
269 4596 338 4642 statu
351 4587 490 4643 Abraham
508 4586 672 4657 justificatus
687 4594 736 4653 est,
752 4590 786 4642 ut
809 4587 846 4641 ita
860 4588 909 4653 sit,
959 4595 1064 4660 patrem
1099 4589 1250 4645 secundum
1286 4588 1480 4644 iustitutionem
1516 4588 1580 4644 hdei
1614 4588 1758 4645 multarum

113 4680 206 4749 puter,
222 4676 250 4730 id
263 4684 305 4732 εει
319 4677 456 4732 institutor
470 4677 619 4733 secundum
632 4675 748 4732 sormam
766 4676 840 4742 fidei,
853 4664 912 4731 'riou
961 4677 1084 4750 gentium
1100 4693 1105 4730 :
1122 4685 1148 4733 te
1163 4676 1224 4733 dico
1238 4693 1289 4748 per
1300 4677 1433 4746 justitiam
1449 4677 1550 4734 iactum
1572 4685 1635 4733 ante
1660 4678 1757 4746 Deum,

114 4764 203 4819 solum
218 4764 382 4830 iudaeorum,
398 4766 447 4821 sed
462 4773 489 4820 et
503 4766 630 4821 omnium
652 4764 850 4832 credentium
866 4764 910 4831 sit,
959 4765 988 4821 id
1003 4774 1052 4832 εει,
1069 4765 1097 4820 in
1112 4765 1282 4837 heneplacito
1296 4766 1346 4821 Dei
1361 4766 1405 4822 cui
1419 4765 1569 4822 credidisti.

113 4852 234 4924 inquam,
249 4861 329 4924 puter
343 4852 407 4909 fidei
429 4852 550 4908 omnium
561 4870 612 4926 ρετ
629 4855 814 4926 preputium,
829 4852 857 4907 id
871 4859 913 4907 est
997 4854 1066 4910 llinc
1080 4862 1230 4926 sequuntur
1244 4854 1328 4911 verba
1343 4854 1419 4910 Pauli
1434 4873 1440 4909 :
1464 4856 1516 4924 Qui
1536 4854 1610 4911 Deus
1633 4859 1759 4913 mortuos

114 4957 166 5011 per
180 4940 262 4996 tidem
276 4940 304 4995 in
319 4949 441 5013 tempore
455 4941 579 5013 praeputii
588 4941 717 4996 habitam.
733 4942 767 4997 Et
782 4941 913 5013 quemad·
961 4950 1074 5013 peccato
1090 4942 1182 4999 vivere
1196 4942 1270 5009 iacit,
1279 4942 1442 5013 justificatos
1456 4960 1505 5014 per
1519 4941 1599 5000 fidem
1613 4958 1619 4998 τ
1635 4959 1687 5000 εεε
1699 4952 1760 5000 tan·

114 5028 227 5083 modum
242 5028 291 5096 illi,
307 5028 347 5085 sic
361 5031 421 5086 iilis
437 5030 562 5085 omnihus
578 5030 750 5086 credentibus
765 5034 914 5101 reputetur
962 5038 1019 5085 tum
1033 5029 1159 5098 viviticat,
1176 5032 1225 5087 sed
1240 5031 1320 5087 etiam
1334 5049 1384 5104 per
1400 5032 1514 5103 gratiam
1541 5036 1621 5090 vocat
1645 5049 1678 5089 cu
1699 5048 1762 5105 quoe

114 5117 230 5173 credere
244 5134 323 5172 suum
338 5120 543 5190 adjustitiam.
561 5120 595 5173 Et
610 5118 678 5174 sicut
686 5119 822 5174 Abraham
836 5125 914 5189 pater
964 5136 1022 5174 uon
1035 5124 1114 5185 suut,
1130 5120 1158 5174 id
1172 5127 1214 5176 εει
1227 5120 1353 5193 gentiles,
1370 5121 1417 5194 qui
1439 5129 1549 5192 propter
1572 5136 1627 5177 non
1642 5121 1763 5177 habitum
1824 5122 1827 5127 '

115 5212 157 5260 est
172 5204 246 5273 fidei,
262 5206 298 5260 ita
311 5209 351 5262 sit
363 5211 458 5279 puter,
469 5207 497 5262 id
512 5213 553 5262 est
568 5207 710 5274 institutor,
724 5208 914 5264 circumcisio·
964 5208 1128 5281 legemnihil
1139 5225 1200 5265 csse
1211 5209 1354 5265 videntur:
1372 5215 1508 5282 tunquam
1524 5227 1557 5266 cu
1570 5228 1631 5285 quoe
1649 5213 1727 5277 suut,
1740 5208 1769 5265 id

115 5296 171 5361 uis,
189 5295 273 5350 idest
292 5293 501 5364 justificationis,
519 5312 578 5367 quae
599 5311 631 5351 ex
646 5296 700 5351 fide
724 5296 909 5368 consequitur.
965 5305 1015 5361 est,
1033 5297 1264 5369 quemadmodum
1279 5306 1359 5354 vocat
1379 5299 1489 5354 ludaeos
1505 5298 1595 5370 quise
1610 5298 1684 5354 solos
1707 5311 1770 5354 essa

116 5382 156 5439 Sit
164 5390 247 5455 pater
254 5383 317 5440 dico
326 5399 384 5441 nou
399 5385 443 5441 his
455 5388 569 5441 tautum
581 5385 630 5456 qui
638 5389 708 5441 runt
718 5401 755 5442 cu
766 5386 916 5442 circumci-
967 5401 1018 5457 per
1032 5385 1123 5457 legem
1137 5385 1298 5459 gloriantur.
1316 5387 1444 5444 Prohavit
1464 5386 1590 5459 superius
1610 5402 1661 5456 per
1681 5384 1771 5442 hhua-
