3750 5984
629 240 807 302 erismae
826 239 996 312 QUINQUE.
1362 265 1367 274 ·
1584 247 1636 303 930

81 371 134 440 tur,
150 374 180 427 et
194 371 337 443 patientia
362 371 569 443 probationem,
584 369 712 442 probatio
723 367 823 428 aaron
837 365 905 422 taria
919 373 1009 422 emunt.
1025 367 1089 423 Haec
1104 374 1208 438 ergoet
1222 365 1323 423 similia
1336 367 1508 436 meditanda,
1524 368 1635 425 comor-

81 457 170 532 (llom.
186 474 215 525 v,
231 462 257 526 3,
271 460 308 531 i),
326 467 382 516 etc.
401 459 437 515 Et
452 458 517 515 alibi
533 477 541 514 s
557 459 675 528 Platea,
690 456 787 530 inquit,
838 453 933 510 terein
943 454 1070 522 Domino,
1087 460 1114 511 et
1127 454 1242 511 viriliter
1265 469 1328 530 age.
1352 456 1380 513 si
1408 472 1463 512 nan
1479 458 1634 529 potesjeju·

81 548 108 604 in
123 548 353 618 infirmitatibus,
383 549 416 603 in
435 546 627 614 contumeliis,
644 547 675 603 in
689 562 788 603 neces·
838 557 904 598 nare
918 549 1048 615 quantum
1063 541 1118 610 elii,
1131 542 1225 614 jejuna
1240 553 1369 617 quantum
1382 552 1470 616 potes,
1483 545 1637 602 certissime

81 634 144 702 bus,
169 636 202 691 ia
229 637 488 704 persecutionibus,
512 637 546 691 ia
574 636 715 707 anqustiis
738 651 789 708 pra
839 631 939 698 sciens,
955 631 1088 704 quianon
1103 631 1335 706 patestiualiqua
1351 633 1450 689 virtute
1464 649 1526 690 esse
1540 633 1605 705 peri
1619 665 1635 676 -

81 727 103 781 to
117 724 155 794 (ll
162 723 281 790 Consu,
292 724 484 798 lb).thuare
494 725 522 780 in
537 724 580 779 bis
594 724 720 780 omnibus
735 738 790 780 non
839 725 908 786 ctus,
924 719 968 775 eui
981 719 1054 793 gulas
1067 719 1162 775 vitium
1177 720 1343 777 dominatur.
1364 722 1435 777 Nam
1462 729 1489 777 ut
1505 730 1637 778 consueta

81 818 131 880 ret,
143 811 232 868 reddit
246 827 356 868 causam
379 812 454 880 alibi,
471 813 566 870 diceus
584 827 591 867 :
609 812 710 869 Omnia
724 827 790 884 pos·
837 807 940 877 jejunis
967 808 1078 864 omniuo
1103 808 1232 876 dimittas,
1248 809 1331 867 crede
1354 809 1431 877 mihi,
1446 825 1502 866 nou
1529 811 1639 883 expedit

81 902 104 957 br
116 915 148 956 eo
162 901 212 972 qui
223 916 269 956 me
283 903 428 971 confortat
441 901 527 973 (Phil.
544 917 583 969 rr,
597 901 652 973 le).
669 900 727 956 Nec
741 914 789 955 so·
840 894 1031 953 adolescentie
1046 903 1106 954 tuae.
1123 896 1186 953 Noli
1201 913 1270 970 erge
1281 897 1460 969 temporalem
1470 906 1497 955 et
1510 914 1637 955 momen-

81 1002 126 1044 um
140 987 320 1056 consonabat,
333 989 382 1046 sed
397 995 432 1056 et,
446 990 611 1046 consolatur
620 1004 681 1056 nos,
693 987 789 1060 inquit,
840 990 948 1040 teneam
962 985 1087 1057 eorporis
1102 984 1246 1041 sanitatem
1259 1001 1423 1058 preponere
1438 987 1519 1043 saluti
1528 995 1638 1046 eterne

81 1078 141 1134 stra
154 1077 316 1134 mnnimoda
330 1077 516 1135 tribulatione
530 1077 569 1149 (ll
582 1077 643 1133 Gor.
658 1092 677 1146 s,
694 1079 733 1142 l).
751 1077 792 1132 l'u
841 1072 949 1128 emme.
973 1073 1044 1129 Nam
1071 1072 1219 1144 Apostolus
1244 1072 1311 1131 dicit
1327 1091 1334 1130 ε
1353 1076 1406 1144 Qui
1431 1075 1536 1133 Claristt
1557 1080 1637 1145 suat,

81 1164 219 1237 urparali,
235 1165 360 1239 quamvis
369 1165 505 1222 tolerabili
518 1165 626 1221 molesti
638 1172 790 1237 correptus,
841 1175 958 1216 caruem
972 1176 1054 1217 mam
1068 1162 1313 1234 crucifigunteum
1324 1164 1392 1219 uitio
1403 1167 1640 1237 etconeapiscen-

81 1274 85 1304 r
99 1253 224 1310 deiecisti
240 1271 247 1309 ε
263 1254 325 1326 quia
339 1270 417 1325 spem
432 1261 458 1310 et
472 1253 598 1311 fiduciam
616 1270 697 1326 quem
707 1254 793 1310 debes
843 1250 885 1305 tia
899 1249 974 1319 (Gal.
986 1265 1015 1316 v,
1026 1251 1083 1320 tt).
1094 1252 1127 1304 Et
1141 1250 1274 1306 Dominus
1288 1268 1294 1306 :
1309 1253 1361 1320 Qui
1375 1269 1433 1308 non
1449 1253 1558 1326 accepit
1571 1269 1640 1309 cru·

81 1341 139 1399 ein
156 1343 213 1398 Deo
229 1343 264 1398 de
287 1342 414 1398 omnibus
443 1359 504 1415 quae
519 1343 592 1400 circa
605 1350 632 1399 le
648 1349 721 1409 sunt,
749 1342 793 1397 vel
841 1352 994 1394 eemsuum
1008 1339 1175 1411 etsequitur
1190 1355 1245 1405 ms,
1261 1355 1319 1395 aaa
1337 1343 1469 1396 astratus
1484 1341 1640 1414 discipulus

81 1438 170 1498 ‚suut
184 1430 338 1502 perdidisti,
354 1430 504 1487 dissolutus
519 1447 559 1500 es,
576 1432 693 1502 etaoepit
707 1429 793 1486 minui
842 1424 953 1496 (uarro.
971 1439 1000 1496 x,
1016 1429 1065 1493 383
1085 1426 1152 1482 buc.
1169 1441 1228 1494 xrv,
1244 1425 1301 1496 et).
1317 1428 1357 1482 De
1372 1428 1493 1483 sananda
1515 1443 1582 1499 ergo
1596 1428 1641 1484 vel

81 1517 119 1574 ris
145 1526 172 1575 et
199 1518 282 1574 animi
310 1518 348 1574 tui
371 1517 508 1589 tortitudo,
530 1518 600 1575 sicut
623 1519 689 1575 dicit
715 1534 793 1575 sacra
842 1512 988 1586 leviganda
1007 1514 1132 1585 corporis
1145 1514 1315 1586 egritudine,
1331 1524 1358 1570 et
1373 1515 1408 1571 de
1425 1515 1546 1586 jejuniis,
1565 1524 1591 1572 et
1606 1516 1641 1572 de

81 1619 137 1664 ure
152 1624 159 1661 :
178 1608 208 1664 Sl
223 1607 413 1679 desperaveris
430 1610 521 1664 lassus
539 1610 571 1664 in
585 1607 630 1664 die
641 1608 791 1680 angustiae,
843 1600 971 1657 omuibus
985 1601 1096 1657 omnim
1111 1617 1173 1674 quse
1187 1603 1220 1657 ad
1236 1601 1443 1672 justificationes
1457 1603 1556 1660 Domui
1578 1620 1641 1676 per-

81 1699 143 1753 etur
158 1700 209 1751 tua
231 1697 370 1767 fortitudo
386 1696 479 1767 (Proo.
504 1710 582 1765 surr,
601 1695 659 1766 lo).
686 1696 755 1751 Nam
770 1694 794 1749 si
807 1689 938 1777 Btinent,
960 1706 1043 1763 spara
1062 1693 1094 1747 in
1114 1706 1144 1747 so
1159 1695 1187 1747 et
1200 1693 1259 1764 ipse
1281 1691 1468 1763 faeutffsal.
1489 1707 1585 1759 xxxvi,
1601 1692 1640 1765 ὅ).

81 1795 250 1852 superasses,
259 1780 394 1837 verenter
408 1779 516 1836 diceres
531 1797 539 1835 ε
555 1781 588 1837 ln
602 1780 719 1838 Domino
733 1796 793 1853 spe·
843 1778 904 1850 lpse
914 1777 1074 1847 euim,sicut
1084 1778 1363 1852 legiturinlsaia,dat
1378 1780 1450 1836 iusso
1460 1780 1644 1849 uir·tutenr,et

81 1883 131 1927 soa
140 1869 306 1938 infirmabor
316 1868 405 1938 (Psoi.
415 1882 486 1934 xxv,
499 1868 536 1936 l).
549 1868 634 1941 lgitur
648 1868 790 1940 resipisce,
844 1865 887 1922 nis
903 1869 952 1940 qui
960 1871 1104 1933 arnmot,
1113 1868 1314 1938 fortitudinem
1329 1867 1452 1925 etrobur
1466 1870 1643 1943 multiplicat

81 1971 101 2012 re
128 1956 203 2028 quad
230 1957 440 2028 scriptumest:
465 1957 508 2015 Vae
531 1957 676 2014 dissolutis
697 1956 791 2022 corde,
844 1955 909 2024 (lsa.
926 1969 974 2024 xe,
990 1957 1047 2027 29).
1064 1955 1133 2012 Audi
1146 1955 1308 2028 igiturssquid
1322 1954 1394 2013 dieat
1409 1956 1551 2028 Scriptura
1567 1975 1574 2013 :
1592 1958 1644 2028 Qui

81 2059 126 2102 tou
153 2043 275 2101 credunt
299 2047 374 2111 ltro,-
389 2045 450 2101 ideo
477 2059 536 2101 aon
558 2043 792 2117 protegentarub
844 2044 942 2100 mattis
955 2048 997 2100 est
1014 2048 1043 2100 et
1053 2044 1207 2101 dissolutus
1221 2047 1253 2100 ia
1267 2060 1349 2117 opere
1363 2061 1422 2114 suo,
1433 2048 1528 2117 frater
1542 2050 1644 2104 estsuu

81 2133 169 2202 dccii.
185 2147 215 2202 u,
234 2132 279 2204 15)
295 2151 302 2200 ;
318 2138 346 2188 et
366 2131 454 2189 illud:
477 2133 519 2189 Va
541 2132 585 2188 bis
598 2133 646 2206 qui
659 2132 791 2205 perdide·
844 2148 929 2204 opera
947 2130 1122 2204 dissipantis
1136 2133 1228 2202 (Pron.
1241 2148 1322 2202 xvsu,
1335 2132 1373 2203 9).
1388 2133 1452 2190 Noli
1467 2149 1527 2190 esse
1542 2133 1645 2189 inutilis

81 2221 284 2278 sustinentiam
298 2221 376 2291 (ibid.
389 2220 443 2289 lb).
459 2220 609 2292 Resipisce,
629 2219 751 2293 inquam,
767 2228 794 2276 et
844 2227 871 2274 et
885 2218 1016 2275 remissus
1031 2220 1059 2274 in
1079 2219 1133 2275 tuis
1147 2219 1288 2291 operibus,
1304 2220 1354 2275 sed
1369 2220 1527 2292 spiritualia,
1544 2229 1645 2293 quanto

98 2307 161 2378 hoc,
187 2309 250 2380 quia
274 2308 497 2382 suggestionibus
525 2308 628 2366 inimici
650 2325 795 2365 assensum
845 2305 993 2363 studiosius
1009 2313 1036 2363 et
1057 2307 1183 2363 devotius
1205 2307 1319 2379 poteris,
1335 2308 1487 2379 corporalia
1501 2325 1579 2366 ‘vero
1594 2323 1644 2365 suc

81 2395 155 2464 nisti,
194 2397 381 2468 paenitentiam
407 2412 476 2469 age,
512 2404 540 2452 et
563 2396 646 2453 crede
686 2396 794 2452 Christo
845 2404 968 2467 tempore
977 2394 1095 2468 impigre
1110 2403 1137 2451 et
1152 2404 1254 2468 quanto
1264 2396 1355 2452 utilius
1370 2403 1396 2452 et
1416 2397 1513 2454 melius
1527 2396 1642 2465 valebis,

81 2482 97 2541 ti
113 2499 120 2539 :
138 2485 240 2542 Omnia
253 2486 401 2558 possibilia
415 2489 485 2542 sunt
495 2485 623 2542 eredenti
632 2486 727 2556 (liare.
742 2501 792 2552 vu,
845 2482 970 2540 invocato
983 2499 1094 2555 semper
1108 2483 1208 2540 auxilio
1222 2484 1314 2540 divino
1324 2500 1501 2557 prosequere.
1517 2487 1646 2543 liaecme·

81 2572 229 2647 utquidquid
239 2578 354 2631 orantes
361 2575 470 2648 petitis,
483 2573 592 2631 credite
601 2574 795 2646 quiaoeeipie·
845 2570 932 2628 ditare
949 2590 957 2627 ε
972 2571 1001 2626 in
1015 2572 1058 2627 his
1073 2580 1141 2640 esto,
1160 2588 1195 2628 ne
1210 2571 1280 2629 forte
1294 2573 1378 2645 (quod
1394 2572 1476 2644 absit)
1491 2573 1515 2629 si
1524 2573 1645 2630 immun-

81 2662 225 2733 instantis
233 2663 381 2733 (liorem,
398 2663 454 2735 ul).
467 2662 531 2718 Pete
543 2662 627 2735 igitur
642 2663 676 2717 ab
690 2677 724 2718 eo
739 2678 796 2717 me-
845 2659 898 2715 dus
912 2659 1023 2731 spiritus
1052 2668 1193 2717 vacantem
1208 2667 1234 2716 te
1249 2660 1393 2728 invenerit,
1422 2660 1570 2735 assumptis
1583 2662 1645 2719 aliis

81 2756 202 2807 muter
220 2758 248 2806 et
265 2751 371 2821 devote,
387 2751 475 2807 uidet
497 2751 545 2806 tibi
559 2751 586 2806 in
600 2766 650 2807 suo
664 2750 796 2806 famulatu
846 2747 997 2820 spiritibus,
1019 2749 1197 2822 nequioribus
1221 2756 1372 2806 revertatur
1396 2749 1424 2804 in
1447 2751 1558 2806 domum
1572 2752 1645 2808 unde

81 2837 243 2906 verentium,
260 2847 286 2895 et
310 2855 419 2911 semper
433 2839 469 2895 ad
483 2839 598 2895 meliora
620 2838 795 2911 perlectum:
847 2837 957 2905 exierat,
972 2845 1000 2893 et
1015 2836 1081 2893 fiant
1100 2837 1248 2894 novissime
1262 2845 1307 2894 tua
1336 2839 1473 2895 deteriore
1495 2839 1644 2911 prioribus.

81 2926 214 3000 tenporali
227 2926 389 3001 egritudine
399 2927 524 2985 italaeiat
534 2935 624 2984 tecum
634 2927 796 2998 (secundum
846 2925 1045 2982 instantissime
1059 2934 1149 2983 eutem
1164 2934 1190 2983 et
1199 2926 1376 2984 devotissime
1391 2935 1452 2999 pete
1476 2943 1494 2983 a
1517 2928 1645 3002 Domino,

81 3015 165 3087 ustie
179 3016 420 3073 clementissimam
429 3013 647 3088 dispositionem)
656 3015 725 3072 sicut
738 3015 797 3088 ipse
847 3021 876 3069 ut
889 3013 917 3069 iu
932 3015 1062 3071 charitate
1085 3014 1201 3071 radicari
1221 3023 1247 3071 et
1275 3014 1382 3071 fundari
1401 3016 1546 3073 merearis.
1566 3014 1646 3086 Quod

87 3102 136 3161 tibi
151 3104 289 3177 expedire,
307 3113 334 3160 et
349 3104 467 3161 salutare
481 3120 552 3160 esse.
569 3106 602 3161 Et
612 3105 671 3162 haee
681 3104 794 3174 orando,
812 3066 909 3158 coum
923 3102 1083 3171 obtinueris,
1100 3111 1163 3159 tunc
1177 3102 1259 3174 (sicut
1282 3102 1414 3175 scripturn
1437 3104 1488 3174 est)
1505 3120 1603 3161 curres
1616 3106 1645 3161 et

81 3216 83 3240 r
102 3192 165 3265 quia
188 3192 232 3249 vel
260 3193 387 3262 sanabit,
402 3193 446 3249 vel
463 3192 624 3262 sublevabit,
651 3192 695 3249 vel
717 3192 798 3249 citata
848 3207 906 3247 aon
922 3191 1069 3259 taboratis,
1086 3191 1243 3256 ambulabis
1259 3196 1357 3249 etnon
1379 3191 1491 3261 domim
1515 3193 1581 3265 (lsa.
1596 3206 1644 3260 xa,

81 3277 176 3337 tbuiet
196 3296 270 3337 eam.
298 3282 370 3337 Nam
385 3280 501 3337 sonasse
514 3281 568 3338 boc
582 3281 657 3337 novit
671 3281 796 3349 Satanas,
848 3282 904 3350 31).
920 3278 1047 3337 Sicredis
1058 3280 1152 3335 videre
1161 3279 1232 3335 bona
1242 3278 1351 3335 Domini
1364 3279 1393 3334 in
1404 3289 1476 3336 terre
1485 3280 1644 3349 virentium,
1703 3296 1709 3308 ·

81 3364 154 3427 ilicet
174 3368 253 3425 citius
281 3369 440 3426 moriturum
457 3384 463 3425 :
478 3369 541 3426 ideo
569 3370 605 3425 ita
628 3369 798 3441 importunus
848 3366 890 3423 iac
917 3368 992 3440 quod
1012 3367 1159 3441 sequitur:
1176 3369 1319 3440 despecta
1343 3369 1506 3440 Dominum,
1523 3371 1648 3427 viriliter

81 3463 95 3513 t
116 3456 166 3512 tibi
193 3459 404 3529 perseverantis
427 3458 528 3516 bonum
554 3458 639 3514 tollat.
665 3458 798 3515 Novimus
848 3472 898 3529 ape
912 3456 1001 3528 (Paul.
1016 3471 1099 3524 xxvi,
1112 3457 1167 3527 sl),
1184 3464 1236 3514 ete.
1254 3455 1282 3512 Si
1298 3456 1336 3513 sic
1349 3457 1452 3531 egeris,
1468 3473 1530 3513 mox
1545 3457 1646 3530 Spiritu

104 3544 139 3602 de
175 3546 307 3602 domuin
332 3562 385 3619 que
411 3563 459 3614 es,
481 3554 508 3603 et
535 3546 570 3602 de
599 3546 796 3614 carthusiensi,
847 3544 991 3617 principali
1000 3543 1248 3613 confirmatus,Deo
1258 3545 1359 3618 gratias
1369 3545 1477 3618 egendo
1487 3545 1645 3618 exsultabis,

81 3648 90 3690 e
125 3640 237 3702 nostra,
256 3642 283 3691 et
303 3635 337 3691 de
364 3635 425 3690 aliis
455 3635 537 3704 huius
572 3634 704 3707 propositi
732 3650 798 3707 per·
849 3641 876 3690 et
889 3632 1006 3692 inimicis
1020 3633 1074 3689 tuis
1087 3633 1238 3700 insultabis,
1250 3632 1345 3690 diceus
1363 3651 1370 3689 :
1390 3634 1442 3706 Qui
1451 3635 1592 3691 tribulant
1601 3649 1647 3692 mc

81 3737 129 3778 res
143 3722 243 3789 exisse,
259 3739 375 3795 quorum
388 3722 511 3787 nonnulli
530 3729 592 3794 post
609 3738 713 3795 paucos
727 3722 796 3791 dies,
848 3723 961 3779 inimici
975 3724 1041 3788 mei,
1051 3724 1108 3795 ipsi
1118 3723 1262 3792 infirmati
1276 3726 1346 3778 suut
1355 3726 1384 3778 et
1393 3722 1645 3793 reciderunt(ibid.
1674 3705 1677 3722 '

81 3808 167 3868 ivero
180 3819 242 3883 post
256 3827 359 3882 paucos
382 3811 638 3868 meusesobierunt.
661 3812 732 3868 Audi
743 3812 798 3885 igi·
849 3812 887 3883 l).
897 3812 932 3867 Et
945 3810 1045 3868 iterum
1059 3826 1065 3864 :
1079 3809 1195 3882 centusi
1215 3815 1293 3877 sant,
1310 3811 1376 3883 qaia
1400 3811 1510 3884 speravi
1521 3810 1589 3883 (tob.
1606 3827 1646 3883 vr,

81 3897 229 3971 cripturam
244 3899 379 3957 dicentem
394 3917 402 3955 ε
420 3900 505 3957 Crede
519 3902 584 3968 ileo,
602 3905 630 3957 et
645 3916 797 3972 recupera·
848 3899 905 3972 20).
920 3899 979 3957 Deo
994 3907 1083 3956 eutem
1097 3899 1202 3973 gratias
1223 3899 1331 3971 agendo
1359 3899 1436 3955 dices
1451 3917 1457 3954 :
1473 3899 1646 3968 benedicite,

81 3989 101 4045 ‘a
129 3986 227 4059 (decli.
242 4003 277 4054 n,
289 3991 330 4058 6).
349 3988 384 4042 Et
398 3987 496 4045 iterum
512 4006 519 4043 :
537 3991 629 4045 Bonus
650 3990 797 4056 Dominus,
848 3991 1062 4061 pantomimum
1083 3993 1215 4045 nostrum
1239 3985 1327 4058 (Psoi.
1344 4003 1411 4055 uxr,
1428 3986 1467 4059 8),
1483 3996 1536 4044 etc.
1553 3988 1647 4060 Usque

81 4077 227 4147 antoricus
251 4078 284 4132 in
314 4077 359 4133 die
393 4077 604 4145 tribulationis,
643 4080 672 4134 et
705 4080 799 4135 sciens
849 4081 878 4134 et
892 4094 950 4136 aaa
968 4075 1047 4134 dedit
1060 4079 1092 4133 in
1112 4077 1329 4134 commotionem
1342 4076 1442 4149 pedem
1457 4092 1551 4133 meum
1567 4077 1645 4146 (ibid.

81 4166 150 4221 ntes
173 4164 204 4219 ia
219 4181 248 4221 se
259 4164 390 4233 (Nabum.
407 4180 432 4232 1,
444 4166 483 4235 7).
509 4166 544 4221 Et
561 4165 628 4221 illud
644 4180 650 4220 :
667 4167 754 4239 Spera
767 4168 799 4222 in
849 4165 887 4238 9).
903 4165 996 4221 Addes
1024 4174 1051 4221 et
1078 4164 1183 4238 relique
1196 4181 1257 4237 quae
1284 4172 1445 4236 sequuntur,
1461 4179 1548 4237 usque
1558 4163 1623 4220 illuc
1640 4179 1647 4219 :

81 4251 158 4325 lipsa
173 4254 262 4323 tasin
277 4253 367 4319 (Paul.
393 4253 627 4325 xxxv1,b).Non
653 4253 721 4309 dixit
735 4253 800 4325 quid
849 4254 972 4311 lieddara
988 4254 1039 4310 tibi
1052 4257 1118 4311 uota
1131 4268 1195 4310 mea
1210 4252 1480 4325 quadistinmeruat
1497 4252 1571 4310 lubia
1585 4267 1649 4310 mea

81 4339 168 4396 used
182 4340 236 4396 boc
250 4340 322 4408 ideo,
343 4348 371 4396 ut
390 4340 607 4414 intelligeremus
623 4357 688 4399 eum
707 4342 800 4398 omnia
851 4341 940 4411 (trid,
958 4341 1013 4413 ll).
1030 4340 1107 4408 Vale,
1120 4355 1170 4397 ora
1187 4355 1236 4411 pro
1257 4356 1311 4396 me.
1328 4340 1421 4396 Saluta
1435 4339 1501 4396 mibi
1517 4340 1649 4396 domnum

81 4443 144 4498 um,
161 4445 222 4501 que
237 4429 410 4500 sperantibus
424 4429 451 4484 in
466 4446 497 4485 se
513 4430 708 4488 neeessariaet
722 4431 798 4487 salu·
810 4423 836 4483 U
850 4430 984 4502 priorem,
1000 4437 1027 4486 et
1043 4429 1112 4486 alios
1131 4427 1286 4486 nominibus
1305 4428 1372 4484 suis.
