3742 5986
100 159 136 215 at
407 152 597 214 EXPOSITIO
617 156 654 214 IN
682 152 873 213 arlsaotas
899 149 1015 212 PAULI.
1034 183 1068 194 —
1083 146 1120 208 IN
1147 149 1257 208 aelst.
1288 149 1335 205 ab
1363 147 1449 206 ΗΘΜ.
1717 147 1754 202 98

103 281 166 338 licet
180 297 286 354 paucos
308 281 452 338 inserendo
466 282 519 339 boc
533 290 656 353 tempore
675 280 803 353 paulatim
823 282 944 341 exer-A
958 277 1081 345 cationis,
1099 277 1145 350 qui
1159 276 1240 332 etiam
1262 275 1382 348 quadam
1402 271 1531 329 facilitate
1553 277 1659 328 avertat
1682 269 1756 341 quod

102 379 147 427 cet
162 388 169 427 :
185 371 259 443 quod
273 369 479 443 aequipollenter
493 370 540 426 ait.
556 370 631 425 Deus
644 369 737 442 utique
753 377 842 441 potest
857 384 905 424 eos
954 369 1005 424 erit
1019 367 1047 421 in
1063 365 1116 422 line
1131 365 1234 433 mundi,
1250 364 1361 437 quando
1375 361 1462 418 ludaei
1486 361 1558 416 ultro
1571 358 1757 431 properabunt

102 459 226 515 inserere
238 475 245 514 :
257 477 326 515 nom
341 461 367 516 st
382 463 413 516 tu
426 459 537 532 gentilis
551 461 665 516 eccisus
680 475 710 514 es
720 476 758 515 eoo
771 459 902 523 oleastro,
953 457 988 512 ad
1002 455 1188 511 salvationem.
1206 454 1317 527 Eripiot
1330 452 1393 509 dico
1408 455 1438 507 et
1452 453 1562 507 ooertot
1577 449 1757 521 impietatem

103 548 132 604 id
143 546 402 605 estexiniructilera
412 547 847 614 radice,oleastrodiconaturali
857 546 904 601 tibi
954 546 1076 610 alneolo,
1092 545 1120 600 id
1134 553 1175 599 est
1189 559 1206 598 a
1220 542 1333 598 ludaico
1354 539 1466 613 populo.
1495 539 1674 611 Impietotcm
1702 551 1757 592 non

104 653 156 708 per
176 637 289 708 longam
308 636 553 702 consuetudinem
569 636 634 692 etsi
656 639 782 694 insertus
805 653 834 692 es
857 651 906 707 per
954 635 1019 690 dicit
1032 634 1077 690 hic
1091 640 1248 690 consuetam
1267 630 1461 694 idololatriam,
1479 629 1527 683 sed
1542 628 1681 698 denegare
1696 625 1757 682 cul-

103 726 223 798 gratiam
236 728 269 782 io
282 726 384 781 boreum
398 726 512 793 oliooor,
529 732 556 781 et
571 726 623 781 boc
637 729 737 782 ceretro
755 728 903 792 uoturom,
954 733 1010 780 tum
1025 722 1091 778 Filio
1107 723 1166 788 Dei,
1184 721 1257 793 quod
1271 719 1359 775 ludaei
1383 717 1527 781 faciebant,
1544 717 1597 772 hoc
1611 722 1688 772 vocat
1703 714 1758 768 im·

102 814 184 870 idest
198 814 537 881 contraconsuetudinem,
547 831 608 886 quae
618 813 793 870 diuturnitate
803 821 907 884 tempo·
954 812 1093 884 pietatem.
1110 811 1188 866 Ritus
1202 810 1274 866 euim
1294 824 1398 875 eorum,
1413 814 1557 879 postquam
1569 813 1677 876 tempus
1690 818 1758 876 gra-

103 901 143 956 ris
159 902 186 956 iu
202 910 327 957 naturam
338 902 481 957 transierat
499 918 505 957 ε
522 907 627 975 quanto
651 904 742 975 moqis
767 902 797 957 bi
819 900 906 956 ludaei
955 901 998 957 tiae
1013 900 1095 968 venit,
1112 915 1176 955 vere
1191 897 1343 955 idololatria
1357 895 1417 952 suit.

103 990 262 1047 inserentur
272 1007 330 1047 suae
340 991 428 1056 olivae,
438 1007 499 1064 quoe
514 1007 610 1046 eorum
626 995 670 1046 est
683 990 839 1047 secuudum
854 1007 907 1046 oo·
991 989 1188 1046 Determinavit
1201 1004 1251 1060 per
1266 1003 1347 1058 quem
1372 986 1446 1041 salus
1464 982 1543 1040 lieret
1565 983 1676 1038 Judaeis.
1698 982 1758 1038 De·

104 1083 203 1134 turam
216 1084 228 1135 t
243 1079 271 1134 Si
280 1087 308 1134 tu
317 1095 373 1135 non
383 1079 514 1134 naturalis
525 1079 643 1134 insertus
654 1095 683 1134 es
693 1086 804 1150 propter
813 1076 904 1144 isdem,
956 1079 1084 1134 terminat
1097 1078 1177 1133 etiam
1194 1085 1310 1148 tempus,
1326 1074 1434 1147 quando
1451 1075 1502 1128 hoc
1517 1071 1637 1127 futurum
1652 1071 1696 1141 sit,
1715 1071 1759 1126 di-

103 1184 158 1222 non
173 1177 217 1223 εει
232 1183 313 1223 causa
328 1183 410 1238 quare
424 1166 564 1223 naturales
578 1167 647 1223 rami
662 1182 717 1222 non
732 1167 847 1223 debeant
861 1167 906 1220 iu·
956 1183 1021 1224 cens
1038 1185 1044 1220 :
1060 1168 1094 1221 lit
1110 1166 1160 1223 boc
1177 1168 1392 1233 testamcutum,
1408 1162 1436 1217 id
1450 1170 1492 1217 εει
1506 1163 1564 1218 haec
1579 1167 1677 1216 testata
1689 1175 1759 1232 pro·

101 1256 155 1312 seri
170 1264 287 1327 propter
301 1256 426 1312 eamdem
442 1271 565 1312 causam.
956 1256 1059 1324 missio,
1073 1254 1254 1325 complebitur
1267 1254 1328 1309 illis
1342 1270 1360 1307 o
1374 1268 1419 1307 me
1436 1259 1520 1307 :tuno
1536 1266 1600 1307 cum
1616 1249 1761 1306 abstulero

136 1345 267 1400 Probarit
281 1344 407 1415 superius
428 1345 502 1416 quod
525 1346 600 1400 Deus
624 1343 772 1414 potentiam
793 1344 908 1400 haberet
957 1349 1074 1418 peccato
1098 1361 1210 1413 eorum,
1235 1358 1337 1414 eosque
1366 1338 1551 1410 justificavero
1568 1357 1575 1395 z
1592 1339 1665 1411 quod
1688 1351 1762 1394 nunc

101 1432 245 1488 inserendi
259 1432 321 1488 illos
335 1448 385 1504 per
400 1440 490 1490 actum
510 1450 566 1488 sure
580 1433 716 1504 potentiae,
733 1433 797 1504 quia
811 1448 907 1489 revera
956 1433 1083 1504 paulatim
1112 1432 1150 1501 lit,
1175 1439 1201 1487 et
1224 1432 1250 1487 in
1278 1429 1380 1485 ultimis
1408 1429 1504 1484 diebus
1527 1428 1660 1499 plenarie.
1682 1429 1762 1484 Nunc

102 1521 268 1588 inserentur,
284 1521 379 1578 dicens
395 1536 402 1576 :
418 1523 488 1578 Vere
508 1522 595 1578 ludaei
618 1521 717 1577 iterum
738 1522 905 1578 inserentur.
957 1522 1065 1594 quidem
1081 1521 1233 1592 eripiuntur
1247 1520 1282 1575 ab
1297 1519 1445 1590 impietate,
1462 1525 1488 1573 et
1502 1515 1569 1572 liunt
1587 1516 1689 1573 dilecti.
1706 1515 1761 1572 Alii

103 1611 173 1665 Nam
189 1618 217 1666 et
235 1627 307 1666 nunc
332 1618 454 1682 tempore
478 1611 666 1667 excaecationis
690 1626 786 1666 eorum
810 1626 943 1702 secun-B
957 1626 1021 1668 vero
1033 1611 1077 1682 qui
1091 1610 1188 1665 uolunt
1198 1609 1275 1680 eripi,
1285 1616 1348 1664 sunt
1361 1608 1474 1664 inimici
1484 1613 1525 1662 :et
1536 1607 1589 1662 hoc
1604 1604 1761 1662 secondum

102 1699 167 1754 dum
181 1708 290 1770 partem
305 1699 471 1768 inseruntur,
488 1708 513 1755 et
528 1700 563 1755 ad
584 1699 707 1755 ultimum
721 1699 809 1754 omnis
824 1698 908 1753 lsrael
957 1700 1151 1770 Eoooqelium,
1163 1698 1190 1753 id
1210 1706 1251 1752 est
1271 1705 1416 1768 propterea
1426 1696 1472 1767 qui
1482 1694 1763 1768 Evangelioinvident

103 1788 199 1843 salsus
212 1787 269 1842 liet.
285 1786 353 1855 Quia
366 1804 439 1845 nunc
453 1788 535 1860 aliqui
559 1788 716 1843 inseruntur
738 1787 908 1859 concipimus
958 1796 985 1843 et
999 1789 1153 1854 detrabunt,
1169 1803 1220 1859 per
1234 1787 1306 1859 quod
1321 1793 1419 1859 gentes
1443 1791 1647 1840 convertuntur.
1665 1781 1762 1837 Inimi-

103 1876 216 1931 ubiait:
231 1876 363 1932 ‹Caecitas
375 1885 494 1948 exparte
504 1877 617 1949 contigit
627 1877 654 1931 in
665 1877 761 1932 lsrael.
773 1897 785 1926 ι
798 1876 826 1931 Si
836 1876 909 1931 enim
958 1877 984 1933 ci
998 1877 1088 1949 utique
1104 1884 1176 1932 sunt.
1192 1877 1228 1930 Et
1242 1876 1294 1931 hoo
1307 1879 1423 1947 propter
1437 1890 1493 1937 vos,
1509 1873 1538 1927 id
1552 1881 1594 1927 εει
1610 1871 1645 1927 ad
1659 1869 1761 1926 utilita-

104 1965 129 2019 in
143 1972 224 2035 perte
240 1980 295 2019 non
310 1964 338 2018 in
352 1972 419 2034 toto,
436 1981 519 2037 quare
534 1981 588 2020 non
610 1965 727 2021 dicimus
742 1982 813 2021 nuno
828 1965 908 2021 etiam
959 1974 1012 2022 tem
1027 1974 1157 2022 vestram.
1172 1964 1232 2020 Nisi
1253 1964 1326 2019 enim
1340 1963 1426 2018 ludaei
1451 1961 1565 2017 verbum
1581 1960 1630 2015 Dei
1645 1974 1761 2030 respue·

104 2061 210 2121 partem
221 2068 315 2107 eorum
324 2052 436 2108 reinseri
448 2053 462 2106 ‘l
475 2054 519 2119 Et,
531 2068 548 2108 o
558 2056 675 2125 fratros,
688 2055 753 2112 uolo
771 2070 816 2110 oos
830 2055 909 2124 icoo·
959 2063 1026 2122 rent,
1043 2054 1160 2125 apostoli
1184 2054 1276 2125 utique
1291 2068 1346 2107 uon
1364 2051 1513 2106 transirent
1536 2049 1571 2104 ad
1586 2057 1692 2121 gentes.
1709 2046 1763 2104 atii

105 2157 169 2196 rore
186 2140 238 2196 boc
253 2141 412 2213 contigisse,
429 2141 532 2197 scilicet
555 2141 705 2198 caecitatem
721 2141 748 2196 in
770 2141 863 2208 lsrael,
881 2149 910 2196 ut
960 2151 1023 2198 sunt
1047 2142 1160 2199 inimici.
1186 2143 1239 2197 Alii
1262 2149 1362 2205 autem,
1379 2140 1407 2195 id
1431 2147 1473 2194 est
1493 2137 1677 2210 predestinati
1700 2143 1763 2192 sunt

103 2229 240 2284 intrarent
254 2236 351 2300 gentes
368 2244 374 2283 :
390 2229 463 2301 quod
477 2230 569 2301 utique
592 2233 759 2302 mysterium
778 2239 829 2296 est,
846 2228 910 2300 quia
960 2231 1122 2288 charissimi
1135 2231 1291 2287 secun-dum
1304 2229 1483 2295 electionem,
1496 2227 1522 2282 id
1533 2235 1574 2282 cst
1585 2242 1639 2282 non
1651 2232 1764 2298 propter

105 2317 126 2372 si
140 2318 213 2373 ordo
229 2317 268 2373 rei
293 2318 492 2385 consideratur,
508 2333 592 2374 causa
614 2326 704 2374 tamen
719 2318 910 2375 excaecationis
959 2321 1096 2387 meritum,
1122 2320 1170 2375 sed
1194 2319 1258 2391 quia
1281 2320 1356 2373 Deus
1384 2317 1466 2390 elegit
1493 2330 1541 2370 eos
1564 2315 1761 2387 pergratiam.

104 2405 274 2473 ludaeorum,
292 2415 318 2461 et
333 2406 536 2462 illuminationis
560 2407 681 2480 gentium
703 2422 758 2463 non
778 2406 910 2477 intelligi·
961 2409 1118 2465 charissimi
1133 2409 1214 2464 etiam
1229 2412 1344 2480 propter
1358 2410 1465 2478 potres,
1477 2420 1531 2460 non
1547 2413 1638 2460 tamen
1652 2411 1764 2475 propter

105 2502 159 2549 tur.
184 2493 274 2563 Quam
296 2495 445 2550 cecitatem
460 2503 487 2551 et
508 2495 743 2565 illuminationem,
761 2496 823 2552 ideo
847 2495 911 2551 nolo
960 2499 1085 2554 meritum
1113 2506 1230 2567 patrum,
1256 2496 1305 2551 sed
1329 2503 1358 2550 ut
1380 2493 1543 2565 impleantur
1565 2492 1763 2564 promissiones

105 2598 155 2638 ros
170 2582 300 2654 ignorare
314 2599 375 2639 csse
383 2583 551 2655 mysterium,
567 2589 601 2640 ut
614 2601 672 2639 non
687 2586 750 2640 sitis
764 2585 910 2640 vobismet·
960 2588 1038 2644 lacta>
1058 2586 1179 2658 patribus
1201 2601 1304 2641 eorum.
1322 2584 1393 2639 Vere
1416 2582 1566 2638 secundum
1588 2581 1761 2650 electionem,

105 2674 176 2744 ipsis
190 2672 344 2743 sopmntes,
360 2672 388 2727 id
403 2680 443 2727 est
458 2680 554 2728 utnon
568 2673 700 2744 imputare
723 2673 835 2744 possitis
858 2673 911 2728 boc
961 2685 988 2733 ει
1002 2684 1115 2748 propter
1133 2683 1235 2747 patres.
1260 2675 1331 2730 Nom
1352 2673 1460 2729 vocatio
1482 2670 1541 2737 Del,
1558 2670 1643 2726 idest
1666 2669 1763 2727 electio

106 2760 249 2831 sapientiae
262 2767 371 2826 vestra,
388 2777 449 2832 quae
464 2769 664 2818 sacramentum
679 2762 759 2831 hujus
774 2762 813 2817 rei
828 2761 911 2816 intel·
961 2782 1066 2831 corum,
1093 2768 1120 2820 et
1144 2764 1229 2832 dooo,
1254 2762 1282 2816 id
1298 2769 1339 2817 est
1354 2760 1526 2831 impletiones
1550 2759 1765 2831 promissionum

106 2849 197 2921 ligere
211 2864 268 2904 non
282 2848 388 2905 sufficit.
405 2850 432 2905 Si
448 2851 521 2906 enirn
541 2851 599 2906 haeo
613 2866 696 2906 causa
715 2867 770 2905 non
786 2850 836 2905 sub
852 2866 911 2919 my·
961 2859 1030 2910 sant
1044 2855 1105 2910 sinc
1119 2853 1300 2925 poeotteutio,
1316 2851 1397 2905 idest
1413 2849 1473 2905 siue
1487 2849 1683 2916 immutatione,
1701 2847 1764 2920 quia

107 2936 193 2993 sterio
216 2937 407 3003 occultaretur,
423 2939 473 2993 sed
493 2939 570 2994 vobis
594 2946 689 3010 aperta
703 2937 788 3007 fieret,
806 2954 911 3010 praesu·
962 2941 1190 3015 quemadmodum
1214 2939 1342 3011 promisit
1364 2946 1390 2994 ει
1419 2937 1510 3011 elegit,
1532 2938 1573 2993 sic
1596 2937 1764 3009 complebit;

108 3026 212 3082 mendo
237 3027 405 3097 imputaretis
425 3027 477 3082 boc
492 3028 632 3099 sapientiae
647 3036 754 3094 vestre,
772 3044 833 3099 quae
848 3000 947 3099 quino
962 3032 1068 3087 velita:
1079 3029 1321 3087 Verecbortssimi
1336 3027 1492 3084 secundom
1507 3028 1684 3083 electionem.
1694 3027 1763 3081 Nam

108 3115 134 3170 in
148 3115 309 3189 cognitione
332 3116 412 3185 hujus
434 3117 557 3188 mysterii
580 3116 681 3184 deficit,
698 3116 911 3173 imbecillitatem
961 3122 1033 3176 dona
1053 3119 1122 3187 θείς
1139 3119 1166 3174 id
1189 3125 1230 3174 est
1254 3117 1380 3173 remissio
1404 3123 1591 3187 peccatorum,
1608 3123 1634 3171 et
1657 3115 1763 3172 vocatio

108 3219 189 3259 suam
204 3203 342 3276 intelligit,
358 3212 384 3259 et
404 3204 518 3260 miratur
540 3204 709 3260 altitudinem
733 3204 818 3260 divini
842 3221 911 3260 con·
962 3210 1022 3275 Dei,
1039 3209 1066 3264 id
1087 3216 1128 3264 est
1151 3206 1293 3263 instructio
1315 3206 1445 3273 fidelium,
1467 3221 1545 3277 quos,
1569 3212 1713 3278 postquam
1736 3203 1765 3260 in

108 3293 172 3348 silli.
191 3294 260 3359 lloc,
277 3293 398 3364 inquam,
423 3295 488 3350 ooto
511 3309 558 3349 vos
581 3295 712 3364 ignorare
736 3296 812 3366 quio,
829 3293 912 3349 idest
963 3297 1097 3368 baptismo
1123 3294 1289 3366 justificavit,
1314 3311 1364 3366 per
1392 3294 1520 3351 doctores
1543 3293 1651 3348 instruit
1675 3308 1682 3348 :
1704 3293 1765 3351 haett

110 3381 184 3452 qnod
198 3382 311 3437 coecitas
331 3383 454 3454 contigit
469 3384 501 3437 in
524 3384 621 3439 lsrael.
637 3383 672 3437 Et
689 3383 741 3438 boc
765 3390 889 3452 exparte
904 3397 911 3437 ε
964 3386 1057 3457 utique
1071 3386 1141 3441 dona
1157 3393 1183 3440 ct
1198 3384 1303 3440 vocatio
1321 3383 1369 3438 Dei
1393 3391 1456 3438 sunt
1470 3382 1529 3438 sine
1544 3382 1634 3455 aliquo
1649 3381 1760 3438 merito.

109 3483 166 3523 non
192 3467 383 3525 enimomnes
407 3469 535 3525 excaecati
560 3477 631 3525 sunt.
657 3469 812 3543 contigisse
835 3470 910 3537 dicit,
963 3476 1032 3529 Nam
1047 3474 1105 3529 sine
1120 3472 1277 3545 poenitentia
1293 3471 1444 3542 corporalis
1458 3470 1690 3541 afflictionis,quae
1705 3486 1764 3526 me·

109 3565 243 3629 quantum
270 3557 304 3612 ad
333 3558 513 3629 ignorantiam
545 3558 694 3626 bominum,
723 3575 784 3630 quae
814 3573 912 3614 causas
964 3563 1046 3618 ritum
1065 3561 1230 3634 poenitentiae
1254 3560 1423 3631 praecelleret
1445 3558 1517 3630 apud
1531 3560 1629 3624 Deum,
1644 3558 1667 3612 si
1691 3558 1764 3614 dona

109 3647 191 3715 huius
205 3646 327 3717 mysterii
341 3647 428 3702 nescit
446 3662 452 3701 τ
468 3663 530 3704 oum
555 3655 647 3703 lamen
662 3646 728 3701 nihil
752 3647 913 3720 contingen·
965 3661 992 3708 et
1015 3652 1120 3708 vocatio
1143 3651 1203 3721 ejus
1229 3650 1326 3705 fierent
1349 3649 1500 3705 secundum
1523 3647 1658 3714 meritum,
1677 3646 1766 3703 Judaei

109 3734 164 3803 tiae,
181 3734 250 3788 nihil
264 3734 401 3790 fortuitum
416 3736 443 3790 in
458 3735 627 3807 providentia
647 3735 697 3791 Dei
711 3735 743 3790 sit
759 3753 766 3790 ε
781 3728 829 3806 qui
844 3735 913 3791 sicut
964 3741 1057 3813 utique
1079 3740 1224 3813 eliguntur.
1240 3739 1311 3794 Nam
1326 3740 1401 3795 suot
1414 3753 1461 3793 ooo
1476 3736 1599 3793 Gentiles
1613 3743 1641 3792 et
1655 3736 1766 3808 quidam

109 3823 212 3889 omnia,
229 3823 268 3878 sic
282 3830 309 3878 et
323 3839 419 3879 causas
443 3824 565 3879 omnium
583 3825 667 3880 novit.
684 3823 798 3880 Caecitas
821 3824 913 3896 utique
964 3830 1049 3886 Judaei
1060 3837 1123 3885 ante
1132 3828 1224 3901 legem
1234 3843 1283 3883 vos
1291 3827 1443 3900 aliquando
1453 3842 1510 3882 oon
1519 3825 1678 3882 credidistis
1688 3827 1765 3883 Deo:

109 3911 226 3983 contigit
238 3911 266 3965 in
276 3911 369 3976 lsrael,
381 3913 466 3969 donec
481 3915 609 3969 intraret
614 3913 764 3985 plenitudo
772 3913 911 3983 gentium·
966 3936 1043 3976 nuno
1054 3923 1150 3975 autem
1160 3918 1317 3988 intempore
1323 3916 1417 3990 gratiae
1423 3916 1566 3972 consecuti
1577 3915 1645 3971 estis
1652 3915 1766 3972 mmeri-

109 3999 182 4055 iilud
194 4000 294 4066 donec,
310 4008 337 4055 02
351 4000 499 4071 temporale
510 4010 551 4057 0³1
565 4010 592 4057 el
606 4001 723 4057 causale·
741 4000 912 4069 0111181ᾱί00-
966 4009 1100 4074 cordiam,
1117 4007 1145 4062 id
1159 4015 1200 4063 est
1216 4022 1250 4062 ex
1263 4005 1452 4061 misericordia
1466 4002 1654 4069 salvationem,
1671 4010 1698 4058 ει
1712 4003 1766 4059 Ιιοε

111 4097 151 4143 rei
170 4104 177 4141 Ζ
193 4088 260 4144 Ideo
273 4089 360 4144 Judaei
382 4089 511 4145 extlaecltii
533 4098 604 4156 sunl,
620 4097 649 4144 ui
671 4090 793 4159 inimiici,
810 4097 836 4145 ei
851 4098 913 4144 idn·
965 4101 1082 4168 propter
1100 4097 1335 4153 incredulitatem
1349 4094 1515 4148 Judaeorum,
1532 4091 1601 4160 Quia
1614 4092 1686 4147 enim
1700 4107 1765 4147 ver.

110 4177 168 4243 diu,
184 4177 275 4233 donec
289 4177 401 4234 intraret
414 4178 556 4248 plenitudo
578 4179 710 4250 gentium.
725 4180 783 4235 Nec
799 4178 838 4235 sic
852 4178 914 4251 ple·
966 4185 1031 4240 bum
1042 4185 1092 4241 Dei
1100 4201 1154 4240 non
1166 4191 1339 4256 receperunt,
1348 4183 1401 4239 boc
1407 4182 1442 4237 ad
1448 4188 1543 4253 gentes
1550 4179 1768 4250 transmisitapo·

110 4265 208 4320 nitudo
228 4272 257 4319 ut
278 4265 378 4339 singuli
401 4267 436 4322 de
460 4267 586 4338 gentibus
610 4267 791 4337 salvarentur,
808 4267 858 4322 sed
881 4281 914 4322 eo
967 4274 1063 4329 stolus.
1080 4274 1164 4339 Sicut,
1181 4273 1276 4344 inquit,
1293 4288 1342 4328 vos
1357 4271 1421 4327 olim
1437 4286 1492 4326 non
1506 4269 1659 4335 credentes,
1684 4268 1767 4325 modo

110 4361 241 4425 respectu
251 4368 305 4426 quo
315 4355 360 4409 vix
368 4355 450 4426 aliqui
459 4356 494 4411 de
504 4356 630 4427 gentibus
640 4356 715 4427 prius
725 4355 912 4410 salvabantur.
930 4362 956 4423 D
967 4362 1106 4419 consecuti
1117 4361 1182 4419 estis
1192 4360 1408 4418 misericordiam
1417 4378 1424 4426 ;
1433 4362 1475 4415 ito
1485 4363 1513 4416 et
1524 4359 1575 4414 isli
1583 4357 1679 4424 Judaei,
1689 4373 1768 4414 ortuo

110 4441 219 4498 Dicitur
232 4441 261 4496 in
281 4449 405 4513 tempore
426 4443 521 4516 gratiae
544 4442 628 4499 fuisse
653 4443 777 4515 plenaria
799 4443 916 4499 salvatio
967 4468 1025 4508 non
1039 4450 1233 4517 crediderunt,
1245 4457 1342 4504 euntes
1356 4450 1522 4504 inoeetrom
1532 4447 1768 4513 misericordiam,

111 4529 246 4603 gentium.
262 4531 296 4586 Et
310 4533 360 4597 sic,
377 4539 522 4603 postquam
537 4532 676 4588 introisset
689 4533 829 4603 plenitudo
844 4549 917 4604 gen·
967 4540 1051 4595 idest
1066 4538 1190 4595 nolentes
1209 4538 1316 4605 salvari,
1333 4538 1402 4593 sicut
1418 4552 1466 4592 vos
1480 4552 1529 4607 per
1553 4534 1770 4591 misericordiam

111 4620 190 4687 uum,
206 4619 302 4675 'livii‘
317 4619 398 4688 fimi
413 4622 505 4677 Omnis
520 4622 606 4677 1111ιί
622 4641 630 4677 ··
646 4629 805 4677 nontamen
821 4636 918 4678 omnes
967 4628 1027 4698 Dei,
1043 4627 1105 4683 ideo
1120 4643 1175 4683 non
1199 4626 1373 4683 crediderunt
1391 4640 1397 4679 :
1413 4629 1447 4680 ot
1461 4623 1689 4697 quemadmodum
1708 4637 1769 4690 vos,

111 4707 232 4775 llebraei,
243 4707 293 4764 sed
308 4708 461 4780 quicunque
472 4717 564 4765 essent
579 4709 665 4765 lsrael
677 4709 800 4766 videntes
814 4711 914 4765 neum.
968 4717 1101 4772 siceliom
1111 4717 1167 4789 ipsi
1176 4719 1389 4789 cousequantur
1398 4713 1631 4769 misericordiam.
1641 4709 1772 4766 Vobisin·

112 4797 254 4853 Sententia
277 4805 370 4852 tamon
391 4798 570 4869 qroorumdam
584 4805 625 4853 ost
648 4813 745 4854 omnes
764 4798 874 4854 tudaeos
888 4799 917 4854 in
968 4804 1087 4861 credulis
1108 4805 1236 4860 misertus
1250 4811 1292 4859 est
1306 4804 1390 4872 nous,
1405 4809 1435 4857 ur
1449 4801 1501 4857 boo
1523 4798 1695 4855 solummodo
1715 4797 1771 4854 im-

112 4883 169 4940 line
181 4885 277 4939 mundi
291 4885 445 4942 salvandos.
464 4887 566 4942 Probat
579 4887 653 4958 quod
666 4887 754 4942 ludaei
768 4903 840 4943 nunc
853 4903 917 4958 par·
968 4900 1109 4965 putaretur
1122 4893 1218 4966 gratim
1233 4909 1297 4956 sue,
1316 4891 1356 4948 sic
1371 4899 1397 4946 ει
1410 4889 1512 4945 Judaeis
1533 4887 1668 4960 disposuit
1681 4886 1710 4942 in
1725 4887 1771 4942 in·

112 4973 163 5027 um
177 4972 327 5043 fflilffliilso
341 4981 369 5029 ⁰¹
384 4974 411 5029 1¹¹
434 4973 487 5030 finti
508 4974 631 5046 Plemrie
651 4991 703 5046 Pii·
726 4976 918 5032 auctoritatem
968 4981 1126 5039 credulitate
1140 4981 1268 5037 dimersis
1288 4979 1422 5047 misereri,
1438 4985 1468 5033 ut
1482 4986 1596 5049 uterque
1619 4977 1730 5033 tudaeus
1745 4983 1772 5034 ct

112 5062 203 5127 lsaiae,
215 5061 311 5118 dicens
323 5080 330 5117 :
344 5061 413 5132 Quia
427 5062 488 5119 (1100
503 5062 588 5119 iSfflel
598 5063 702 5119 Sillim
716 5062 786 5130 fieti,
798 5064 850 5120 Ποῦ
861 5079 918 5120 1¹0ss
968 5071 1077 5143 gentilis
1096 5087 1174 5142 aeque
1198 5078 1283 5126 totum
1304 5068 1417 5126 referret
1440 5067 1536 5140 gratiae
1560 5067 1620 5136 Dei,
1637 5080 1771 5137 suamque

112 5166 148 5205 ax
163 5166 220 5216 me,
237 5150 378 5206 sedsiout
397 5154 537 5225 scriptum
561 5156 614 5219 ost,
630 5167 736 5208 assero.
752 5153 811 5209 Hoc
823 5152 917 5225 utique
968 5157 1182 5216 imbecillitatem
1213 5174 1393 5232 cognoscens,
1418 5172 1474 5213 non
1497 5156 1660 5228 superbiret.
1694 5155 1770 5210 Deus

113 5238 248 5309 8&ibium
263 5247 305 5293 0⁸⁸
317 5239 383 5306 (Iso.
400 5243 519 5311 ¹·1¹‚2⁰)
537 5256 543 5295 :
566 5242 660 5298 Veniet
682 5257 719 5298 ex
740 5242 817 5311 Sion,
832 5242 861 5297 id
876 5251 917 5298 tsi
969 5249 1041 5305 enirn
1064 5249 1161 5304 videns
1183 5247 1319 5303 diabolum
1335 5254 1361 5302 et
1375 5245 1514 5302 hominem
1535 5254 1677 5314 utrumque
1691 5241 1768 5297 ceci-

112 5343 147 5382 01
159 5325 241 5383 ⁰⁰
251 5326 365 5383 ludiim
373 5327 486 5400 P0P1¹l⁰o
502 5331 551 5402 qui
566 5331 672 5404 eripiat
687 5330 806 5402 quidam
816 5330 919 5387 violen·
969 5337 1043 5394 disse
1057 5353 1107 5409 per
1121 5337 1285 5410 superbiam,
1302 5335 1416 5392 multum
1435 5334 1533 5392 exinde
1548 5332 1649 5390 studuit
1662 5344 1773 5402 praca-

112 5415 160 5484 tio,
176 5424 205 5473 et
218 5415 305 5473 multo
328 5415 433 5487 laboro,
449 5425 478 5475 ut
490 5418 571 5476 modo
594 5417 624 5474 fit
637 5418 666 5474 iu
685 5427 809 5492 tempore
829 5435 918 5478 excae-
968 5443 1034 5484 vere
1048 5427 1151 5484 honuni
1163 5444 1180 5484 a
1194 5424 1332 5501 superbia,
1343 5441 1429 5499 quare
1443 5432 1588 5496 utrumque
1602 5419 1727 5478 toaeom
1741 5430 1775 5483 et
