3742 5986
119 150 123 157 ⁵
166 194 218 247 sta
640 185 788 243 ioannis
807 185 931 241 carra.
953 181 1142 243 roaraneu
1161 185 1335 242 uestem.
1621 260 1625 267 ἦ
1776 191 1822 242 aaa

202 313 307 385 Scripsi
321 314 467 385 aliquando
482 311 625 383 epistolam
650 312 684 366 de
709 311 791 366 modo
805 310 913 377 orandi,
929 308 1005 369 aaa
1051 309 1131 377 Quod
1144 325 1211 382 ergo
1226 311 1253 363 in
1267 309 1320 365 tine
1344 309 1416 365 illius
1431 310 1554 381 epistotae
1574 311 1645 378 dixi,
1663 311 1721 367 hoc
1735 311 1763 365 in
1777 312 1820 365 bu·

166 402 278 459 tratrem
293 402 444 468 Latoldum,
462 416 523 456 eum
538 401 590 455 boe
604 400 649 453 ille
677 414 693 453 a
721 416 764 453 me
789 397 964 453 devotissime
1011 396 1055 463 jus
1070 397 1211 467 principiis
1221 407 1335 469 repeto;
1352 399 1416 470 quia
1430 398 1555 455 videlieet
1578 399 1652 454 sieut
1668 413 1724 470 pro
1739 398 1821 469 impe·

168 491 318 564 flagitasset
335 509 341 545 :
361 491 406 545 ubi
435 491 579 559 cumjusta
607 488 721 542 formam
751 487 848 542 orandi
863 488 896 540 de
911 502 965 556 qua
1014 485 1272 541 trandisbenebeiis
1295 487 1395 541 divinis
1417 502 1514 557 preces
1543 486 1702 553 tundimus,
1720 487 1757 541 ita
1776 504 1820 557 pro

169 581 295 653 agebam,
311 587 368 634 tres
383 579 415 633 ad
432 580 546 633 Patrem.
564 587 589 631 et
605 579 673 630 (litas
689 578 722 629 ml
753 575 964 630 Filiumoratio·
1014 574 1118 642 astures
1142 574 1287 644 gratiarum
1313 575 1482 646 agendarum
1498 576 1642 630 debitores
1670 591 1779 629 sumus.
1794 576 1817 629 Si

167 685 218 723 nes
239 669 356 738 exempli
371 668 453 738 gratia
466 667 628 737 posuissem,
646 666 756 735 quando
766 664 838 718 seuit
850 663 964 733 epistola
1014 663 1049 713 1.,
1061 679 1095 715 nn
1111 662 1224 732 quilibet
1238 663 1314 717 alteri
1338 663 1470 718 hominia
1484 679 1539 735 quo
1563 662 1706 727 beneficia
1721 663 1817 723 habuit.

168 756 215 811 illa
230 756 257 810 in
271 772 367 810 manus
382 765 451 817 tuas,
479 755 671 808 instantissime
687 752 837 823 postulasti,
859 761 886 805 ut
911 752 963 805 ali·
1015 750 1139 821 ingratus
1151 751 1258 813 existat,
1275 751 1336 822 quis
1350 768 1405 806 non
1419 752 1585 830 boematum
1594 751 1717 820 judicet.
1734 759 1761 805 et
1776 752 1819 805 ini·

168 861 238 916 quas
252 845 332 899 etiam
347 845 484 899 orationes
499 843 678 912 adjiceremus
693 842 726 895 ad
742 856 886 911 personam
901 841 963 908 Spi-
1015 840 1124 908 quum‘?
1139 838 1166 892 Si
1182 855 1249 909 ergo
1264 839 1365 893 malum
1391 849 1432 895 est
1454 841 1594 913 ingratum
1625 854 1694 894 esse
1711 840 1816 903 bomini,

168 934 236 987 ritus
256 932 339 987 saneti
368 931 521 1001 specialiter
549 931 726 1001 pertinentes.
753 927 964 999 Quamvisergo
1015 935 1114 997 quanto
1138 927 1227 999 magis
1255 926 1495 996 neotouomoao
1524 936 1618 983 autern
1636 928 1694 983 nisi
1724 929 1818 1000 gratias

167 1021 258 1086 Pater,
269 1027 296 1075 et
310 1019 394 1074 Filius
410 1026 436 1073 et
446 1019 562 1089 Spiritus
573 1025 691 1083 sanetus,
703 1019 771 1072 siout
782 1025 844 1070 sunt
856 1016 965 1085 insepa·
1015 1014 1133 1083 agendo,
1144 1030 1194 1069 nos
1211 1015 1350 1070 benefieiis
1365 1017 1425 1084 eius
1437 1017 1557 1089 ingratos
1572 1031 1630 1071 non
1647 1032 1716 1070 esse
1732 1025 1817 1071 osten-

167 1108 278 1172 rabiles,
296 1107 332 1161 ita
347 1108 428 1161 etiam
439 1105 656 1176 inseparabiliter
666 1115 821 1174 operentur,
839 1113 865 1158 et
882 1104 963 1174 quid·
1015 1102 1128 1156 dimus‘?
1143 1104 1268 1175 Ingratos
1283 1102 1366 1159 luisse
1381 1104 1443 1160 illos
1453 1104 1541 1177 arguit
1551 1104 1712 1175 Scriptura,
1725 1105 1759 1159 de
1766 1106 1817 1176 qui·

167 1195 231 1267 quid
247 1196 293 1250 dat
308 1196 386 1250 Pater
399 1194 442 1250 vel
457 1194 548 1258 Filius,
565 1194 611 1248 det
635 1209 743 1264 quoque
769 1191 884 1262 Spiritus
899 1207 964 1244 san·
1015 1191 1065 1244 bus
1081 1191 1145 1246 dicit
1163 1207 1168 1243 :
1184 1191 1218 1245 lit
1234 1192 1393 1248 oblitisuat
1409 1193 1624 1265 benefactor-am
1640 1196 1719 1264 ejas,
1736 1196 1816 1249 etmi-

168 1290 237 1353 etus,
264 1283 443 1353 acquiescens
471 1290 559 1335 tamen
575 1281 698 1352 petitioni
723 1289 792 1345 tue,
815 1279 964 1349 praemissis
1016 1280 1149 1335 nobilium
1164 1281 1224 1350 ejas
1239 1298 1301 1352 qam
1315 1283 1440 1337 ostendit
1458 1282 1497 1337 eie
1525 1281 1617 1350 (Ptol.
1633 1295 1752 1346 axxrn,
1769 1282 1815 1339 111.

169 1370 336 1427 orationibus
370 1370 474 1438 subjeci
507 1369 576 1423 duas
609 1369 642 1423 ad
670 1368 798 1438 Spiritum
828 1375 964 1436 sanetum,
1016 1366 1147 1421 Dominus
1163 1383 1272 1438 qunque
1287 1368 1314 1421 in
1329 1368 1491 1440 Evangelio,
1508 1368 1817 1440 eumdeeemlepmsos

168 1468 196 1515 et
223 1458 331 1514 tertiam
356 1458 391 1512 ad
420 1465 540 1513 sanctam
570 1457 737 1512 Trinitatem.
778 1456 874 1510 Postea
899 1470 965 1509 vero
1015 1456 1185 1521 mundasset,
1202 1463 1227 1510 et
1243 1473 1313 1510 unus
1328 1464 1431 1511 tautum
1447 1456 1549 1528 gratias
1570 1464 1686 1528 ageret,
1705 1456 1817 1529 reliquos

168 1564 231 1604 eum
246 1545 485 1602 animadvertisses
503 1546 530 1600 in
545 1545 619 1601 ealce
634 1545 754 1613 ejusdem
770 1543 892 1615 epistolae
905 1559 966 1614 gra·
1016 1557 1114 1597 nouem
1131 1543 1252 1615 ingratos
1273 1544 1409 1600 exstitisse
1424 1552 1595 1616 conquestus
1618 1553 1677 1610 est,
1704 1545 1816 1602 dicens:

168 1637 269 1691 tiaram
291 1634 457 1706 agendarum
473 1649 517 1688 me
532 1634 565 1688 ita
594 1633 758 1690 mentionem
774 1633 879 1697 iecisse,
899 1641 927 1685 ut
943 1632 964 1685 si
979 1631 1116 1717 Bitoaae
1129 1633 1224 1688 decem
1241 1634 1384 1698 mandavi,
1401 1637 1430 1689 et
1445 1648 1543 1689 novem
1557 1633 1609 1689 abi
1623 1637 1702 1689 sant
1718 1639 1731 1689 t
1745 1635 1817 1703 (tac.

168 1725 246 1780 loeus
260 1723 305 1778 vel
318 1731 424 1793 tempus
433 1721 611 1793 permitteret,
626 1722 703 1792 plura
718 1721 780 1776 inde
791 1720 882 1775 dicere
898 1736 964 1790 pos·
1016 1735 1085 1784 avit,
1102 1722 1158 1789 11.)
1169 1729 1221 1776 etc.
1238 1721 1443 1776 animadvertat
1457 1721 1541 1793 igitur
1552 1721 1700 1777 discretus
1714 1731 1817 1777 sanda-

169 1828 227 1867 sem
240 1829 247 1877 ;
264 1827 359 1866 rursus
372 1811 504 1867 instanter
527 1818 553 1866 et
568 1810 678 1865 omnino
697 1811 851 1880 importune
864 1808 965 1879 petisti,
1016 1824 1077 1862 rum
1091 1808 1292 1879 seripturarum
1305 1809 1402 1879 lector,
1418 1810 1475 1864 sive
1485 1809 1607 1878 auditor,
1619 1811 1702 1882 quod
1718 1810 1819 1881 qnando

169 1900 311 1955 utdehac
326 1916 366 1965 re,
383 1899 410 1953 id
425 1906 476 1963 est,
493 1899 527 1954 de
555 1899 703 1971 qratiamm
731 1897 836 1952 actione
865 1896 966 1967 aliquid
1015 1896 1126 1951 laudare
1156 1899 1252 1961 Deum,
1276 1897 1320 1952 sel
1348 1898 1519 1963 benedicere,
1548 1897 1595 1953 vel
1624 1897 1816 1971 magnificare,

168 1988 218 2043 tibi
232 1987 373 2059 operosius
388 1987 551 2042 scriberem.
572 1986 613 2041 ad
628 1986 680 2041 boe
695 1986 786 2057 itaque
801 1985 874 2056 quod
884 1984 965 2056 petis,
1016 1985 1145 2051 exultare,
1158 1986 1201 2040 tel
1208 1985 1371 2057 glonficare,
1381 1994 1428 2041 aut
1437 1993 1547 2043 eantare
1557 1986 1595 2052 ei,
1612 1995 1664 2042 aut
1676 1986 1818 2053 exsultare,

169 2092 223 2147 ego
238 2075 347 2146 quidem
363 2074 571 2131 insufficientem
587 2090 630 2128 me
641 2074 758 2137 invenio,
776 2074 825 2128 sed
837 2073 890 2127 tuis
904 2087 966 2127 ora·
1018 2072 1190 2142 veljubilare,
1207 2081 1252 2128 aut
1272 2075 1374 2146 gratiam
1388 2090 1471 2147 agere
1486 2074 1629 2142 iubemur,
1648 2075 1715 2131 sive
1728 2090 1818 2130 mone-

170 2164 289 2220 tionibus
302 2162 396 2228 tultus,
408 2163 443 2217 ab
463 2162 540 2217 illoa
559 2178 612 2234 quo
624 2171 665 2217 est
688 2178 769 2217 omne
785 2162 878 2216 datum
894 2161 967 2231 opti·
1016 2177 1087 2227 mur,
1101 2179 1145 2216 res
1162 2179 1232 2231 pene
1246 2162 1340 2217 eadem
1369 2162 1486 2218 diversis
1514 2163 1609 2217 serbis
1638 2162 1818 2235 significatur.

170 2266 255 2318 mum,
266 2260 292 2307 et
306 2251 664 2320 omnedonumperfeetum‚
677 2250 864 2304 sufficientiam
875 2264 966 2320 spero.
1017 2251 1100 2306 l'erbi
1114 2251 1203 2322 gratia
1221 2265 1227 2304 :
1243 2251 1412 2317 benedicite,
1442 2255 1550 2323 penten,
1576 2252 1675 2307 Deam
1694 2257 1820 2307 nostran

207 2359 269 2428 (Hic
286 2361 376 2413 totam
390 2333 689 2443 inseritepiatolami,
706 2358 741 2412 ati
755 2356 905 2412 Latotdarn
919 2356 968 2410 da·
1018 2341 1105 2410 (Psal.
1116 2353 1181 2407 Ν,
1198 2338 1234 2406 8),
1248 2347 1273 2392 θῑ
1284 2339 1475 2441 ³jbtbb5b⁶bbt
1486 2341 1643 2395 Dominam
1660 2356 1785 2405 mettim,
1796 2342 1821 2394 ti

174 2433 244 2496 tara,
260 2431 298 2485 De
325 2429 406 2485 modo
420 2428 542 2494 orandt,·
558 2431 605 2484 cai
633 2431 781 2499 sequentes
797 2431 853 2481 tras
866 2442 968 2497 preca·
1018 2428 1147 2484 exaltate
1162 2443 1265 2483 aetiten
1276 2444 1336 2499 ejas
1351 2444 1483 2499 enipeum
1497 2428 1588 2495 (Prot.
1601 2430 1765 2498 narrati
1780 2436 1819 2483 et:

173 2500 320 2584 ‘bumba'
334 2500 439 2585 1111901»
456 2500 547 2584 medii?
564 2501 621 2555 1⁰⁶⁰
635 2500 712 2553 inm
734 2499 968 2583 winnibamm·
1020 2515 1139 2571 Cantate
1154 2517 1180 2571 ei
1195 2520 1223 2570 et
1237 2516 1352 2588 psallite
1367 2517 1393 2571 et
1412 2515 1500 2587 (Prot.
1517 2531 1574 2582 cru,
1585 2515 1625 2587 2),
1654 2524 1710 2572 et:
1732 2517 1819 2574 Venae

174 2571 477 2671 twnemadFtlrara,et
488 2571 645 2672 artnentum
656 2569 827 2624 dannatione
839 2569 969 2635 morosa.)
1018 2605 1197 2660 exsultemus
1211 2603 1564 2673 Dominmubilemmmo
1577 2606 1714 2661 wlmari
1728 2608 1819 2660 mm

340 2658 437 2715 oram
452 2658 488 2713 “d
502 2659 645 2730 simum
670 2661 813 2713 mmm·
1018 2694 1106 2761 (Psoi.
1122 2707 1198 2758 xciv,
1210 2692 1247 2762 1).
1258 2691 1399 2747 Confessio
1414 2708 1522 2764 quoque
1537 2693 1567 2747 in
1583 2692 1738 2765 seripturis
1752 2709 1819 2764 saepe

210 2762 325 2833 Spiritus
336 2772 428 2818 ⁸⁸³⁰oe
438 2763 522 2832 Deus,
535 2763 581 2834 ‘1¹¹5
592 2779 636 2817 ¹⁰⁰
645 2763 748 2817 “¹¹¹⁰d0
760 2760 903 2817 camme?
917 2777 968 2816 ¹¹³·
1018 2779 1127 2835 laudem
1158 2778 1302 2853 signifieat,
1313 2789 1341 2835 ut
1354 2780 1390 2834 ibi
1408 2795 1415 2834 τ
1433 2781 1592 2850 Confitebor
1615 2782 1684 2848 tibi,
1708 2782 1820 2839 Domine

135 2878 140 2887 ·
172 2858 241 2935 tutu,
256 2850 285 2906 in
298 2865 377 2907 sacro
398 2849 472 2906 tonte
493 2850 607 2922 spiritali
635 2850 773 2905 nativitate
788 2849 969 2921 regenerasti,
1019 2871 1229 2936 pamm„
1240 2873 1297 2925 ,020
1308 2869 1819 2939 cord,m00(p5,3pum‚12),1q,m

173 2938 209 2994 <¹⁸
222 2939 288 2994 mini
301 2939 410 3009 panum
425 2938 556 3005 omnum,
573 2954 633 3011 auae
648 2953 758 3010 quoquo
777 2938 860 2993 modo
874 2945 969 3008 rostra
1019 2956 1269 3029 quastexponenao
1283 2957 1348 3028 qua
1362 2957 1470 3024 uixerit,
1485 2957 1598 3025 suunt,
1614 2961 1647 3013 er
1663 2957 1820 3030 paream

174 3027 298 3084 mimi
320 3036 496 3098 ΡΕΜΟΝΠι
533 3027 741 3100 ifldlllssfflfiflm»
758 3035 784 3081 ⁰²
817 3026 858 3081 s³⁰
877 3043 920 3081 ¹¹¹⁰
943 3007 1004 3080 ino
1018 3063 1122 3103 nomen
1132 3051 1213 3102 taam
1222 3048 1253 3100 in
1264 3050 1413 3101 eternam.
1425 3046 1460 3100 Et
1469 3045 1640 3101 Dominusin
1649 3045 1819 3120 Evangelio:

170 3113 408 3185 justificationibus
421 3115 474 3171 tuis
485 3115 523 3170 ita
545 3115 816 3186 perseverantissime
827 3124 853 3168 et
867 3113 969 3168 intelli·
1021 3134 1160 3204 Confiteor
1174 3135 1234 3199 pipi,
1247 3135 1342 3199 pater,
1355 3134 1472 3190 Domine
1486 3134 1550 3190 capp
1559 3138 1589 3191 εἰ
1601 3138 1695 3191 mm
1704 3136 1818 3206 (Lm¹

173 3202 267 3277 gentle
280 3213 307 3259 et
321 3203 426 3260 actione
441 3203 584 3275 proficere,
600 3211 629 3259 ut
653 3204 688 3259 ad
700 3212 801 3259 sortem
828 3211 854 3257 ot
878 3202 969 3258 socie·
1018 3225 1074 3293 m
1087 3224 1148 3278 Non
1163 3222 1236 3277 enim
1250 3229 1362 3293 pecca„
1376 3220 1567 3289 confitebatur,
1581 3222 1630 3295 qui
1639 3231 1758 3294 pem
1770 3237 1819 3277 no„

163 3296 255 3349 'tatem
269 3291 418 3349 eleatomm
432 3301 540 3348 tuorum
555 3307 664 3349 merear
683 3293 710 3346 in
739 3299 872 3348 aternum
888 3306 969 3347 vera·
1020 3310 1090 3377 fecit,
1108 3311 1240 3366 sedpatri
1255 3310 1359 3384 gratim
1375 3311 1483 3384 egebat
1500 3310 1596 3366 Solent
1609 3311 1743 3367 homines
1757 3310 1819 3366 ami.

173 3378 243 3436 aiter
256 3380 402 3454 pertinere.
423 3380 550 3451 Quicum
565 3382 645 3437 Patre
656 3389 682 3436 et
695 3380 763 3436 Filio
787 3380 873 3435 babes
888 3395 970 3433 uuam

116 3467 120 3473 ’
174 3467 350 3537 divinitatem,
367 3478 394 3526 et
407 3470 528 3540 ejusdem
544 3470 693 3539 maiestatis
720 3484 753 3524 ac
770 3467 910 3539 potestatis
925 3469 969 3522 in·

77 3619 83 3625 ,
173 3556 291 3614 musam
306 3558 436 3614 unitatem
446 3574 497 3630 per
511 3558 601 3614 omnia
619 3557 717 3614 secula
741 3557 914 3613 saeculorum.

297 3658 361 3714 Atta
377 3658 468 3714 oratio
492 3657 529 3713 ad
546 3658 687 3730 Spiritum
701 3661 843 3723 sanctam.

209 3753 323 3827 Spiritus
353 3763 456 3822 sancte,
474 3755 521 3827 qui
535 3771 565 3810 es
579 3763 606 3811 et
621 3755 723 3811 donum
746 3755 806 3820 Dei,
831 3761 857 3810 et
876 3755 967 3821 Deus;

172 3842 247 3899 Deus
266 3842 339 3913 apud
352 3850 388 3911 te,
404 3844 505 3898 donum
519 3844 589 3914 apud
606 3859 667 3909 uos,
683 3844 734 3910 tao,
752 3859 854 3915 quaeso,
868 3859 918 3913 per
928 3844 969 3898 in·

173 3929 348 3986 habitationis
363 3937 414 3985 tuae
428 3931 553 4002 gratiam,
579 3938 698 3986 mentem
712 3931 792 3999 huius
811 3932 968 4002 pauperculi

174 4017 248 4074 servi
264 4017 311 4088 tui,
328 4025 354 4073 et
368 4018 489 4074 veritatis
503 4017 681 4091 intelligentia
709 4019 810 4084 lucere,
835 4027 861 4074 et
876 4020 968 4075 ehari-

173 4106 236 4162 tatis
251 4105 315 4178 igne
334 4105 461 4171 fervere;
478 4107 555 4176 utab
570 4106 694 4163 omuibus
704 4115 875 4178 peecatorum
890 4123 968 4164 meo·

172 4210 235 4251 rum
249 4195 374 4261 maculis,
389 4194 523 4251 beneficio
538 4195 631 4269 gratie
645 4203 698 4251 tuae
712 4196 859 4252 clementer
873 4212 968 4251 emun-

172 4282 261 4354 datus,
277 4283 305 4338 in
320 4299 435 4355 corpore
449 4300 567 4352 merear,
584 4285 661 4354 eujus
680 4291 762 4354 eaput
776 4285 898 4339 Christus
914 4295 965 4351 est,

1020 3415 1124 3466 eorum,
1142 3399 1185 3456 vel
1200 3399 1371 3455 dominorum
1386 3414 1498 3455 suorum
1512 3397 1652 3456 beneficia
1666 3400 1704 3456 ed
1718 3414 1818 3456 memo

1020 3488 1089 3543 riam
1120 3488 1269 3553 reducere,
1299 3494 1328 3542 ut
1364 3504 1396 3542 er
1434 3487 1584 3559 quantitate
1622 3486 1817 3544 beneficiorum

1020 3577 1211 3648 perpendant,
1257 3584 1385 3647 quantum
1421 3575 1461 3631 eis
1493 3575 1614 3632 debeant
1657 3576 1816 3648 rependere,

1020 3680 1163 3732 amorem,
1191 3665 1235 3720 vel
1271 3663 1442 3736 obsequium.
1472 3664 1530 3721 Nos
1562 3678 1632 3737 ergo
1680 3664 1726 3721 vel
1766 3679 1818 3720 non

1021 3755 1110 3809 solum
1151 3754 1186 3808 ad
1209 3760 1329 3809 mentem
1362 3768 1508 3820 revocare,
1537 3752 1588 3808 sed
1618 3752 1819 3810 studiosissime

1021 3842 1177 3914 excogitare
1198 3850 1225 3896 et
1239 3841 1380 3912 exquirere
1393 3842 1535 3910 debemus,
1566 3856 1629 3912 quae
1664 3849 1692 3896 et
1722 3848 1819 3914 quanta

1020 3931 1101 3985 uobis
1119 3929 1260 3995 beneficia,
1277 3939 1304 3984 et
1325 3929 1399 3985 dona
1423 3929 1552 3986 dimuitus
1581 3929 1686 3985 collatu
1708 3937 1782 3996 sunt,
1797 3936 1822 3985 et

1021 4018 1196 4074 devotissime
1211 4018 1313 4074 auctori
1328 4033 1423 4073 eorum
1437 4017 1531 4073 laudes
1539 4016 1661 4085 debitas,
1675 4027 1703 4073 et
1716 4019 1819 4092 gratin-

1021 4123 1082 4162 rum
1096 4106 1218 4162 actiones
1232 4105 1343 4162 reterre.
1359 4107 1431 4162 Nam
1442 4107 1515 4163 dona
1524 4105 1654 4171 ooelestia
1662 4106 1821 4172 recolendo,

1021 4210 1144 4251 amorem
1154 4195 1204 4250 Dei
1219 4196 1246 4249 in
1261 4195 1362 4251 nostris
1376 4194 1505 4250 cordibus
1533 4194 1698 4251 excitamus.
1717 4195 1821 4251 Gratias

1022 4300 1087 4340 vero
1102 4300 1152 4355 pro
1166 4284 1220 4338 illis
1234 4284 1353 4356 agendo,
1368 4291 1395 4339 et
1421 4300 1453 4338 ea
1466 4299 1527 4355 quae
1553 4284 1728 4355 accepimus,
1746 4285 1822 4341 nobis

172 4377 200 4426 et
213 4371 258 4427 hic
272 4372 352 4440 bene,
370 4382 397 4427 et
411 4372 440 4426 in
453 4380 587 4428 aeternum
602 4373 681 4428 beate
697 4373 806 4436 vivere,
824 4388 885 4429 eum
904 4389 968 4445 quo,
980 4360 1006 4421 D
1020 4373 1187 4438 conservari,
1213 4381 1240 4427 et
1255 4387 1316 4443 quae
1343 4371 1464 4427 nendum
1486 4370 1647 4444 accepimus
1676 4373 1760 4428 nohis
1774 4389 1822 4428 au·

172 4466 200 4515 et
214 4473 276 4515 eum
290 4461 371 4516 Patre
383 4468 425 4515 est
439 4460 488 4515 tibi
510 4460 599 4534 gloria
624 4469 651 4516 et
664 4461 752 4516 bonor
771 4461 926 4516 individuus
941 4461 968 4516 in

172 4547 274 4605 aaeoula
288 4548 458 4605 saeeulomm.
480 4553 577 4605 Amen.

316 4637 412 4694 Oratio
435 4639 471 4693 ad
491 4642 621 4694 ranetam
645 4637 824 4693 Trinitatem.

1019 4462 1079 4534 geri
1107 4476 1306 4532 promeremur.
1337 4460 1414 4516 Unde
1442 4459 1575 4515 Dominus
1593 4459 1635 4515 ait
1648 4460 1678 4515 in
1692 4461 1823 4534 Evange-

1019 4549 1057 4605 lio
1073 4565 1078 4602 :
1095 4550 1216 4606 Habenti
1231 4549 1355 4615 dabitur,
1371 4553 1400 4605 et
1416 4546 1572 4604 abundabit
1581 4567 1591 4615 ,¹
1607 4550 1637 4605 ei
1655 4554 1758 4606 antem
1777 4552 1822 4623 qai

1019 4653 1078 4693 non
1094 4638 1186 4707 babet,
1197 4642 1225 4694 et
1235 4638 1306 4710 qaod
1317 4637 1430 4694 videtin
1440 4637 1552 4702 babere,
1569 4638 1729 4707 anferatur
1742 4639 1777 4694 ab
1792 4654 1821 4694 aa

207 4725 310 4782 Sancta
323 4725 440 4782 Trinitas
450 4726 612 4792 unusDeus,
625 4726 670 4798 qui
681 4741 786 4792 omnes,
798 4742 867 4798 quos
881 4727 909 4781 iu
919 4743 968 4797 pa·
1020 4726 1097 4798 (Lac.
1112 4741 1170 4792 xta,
1184 4727 1240 4796 26).
1257 4726 1305 4781 llle
1320 4725 1393 4780 enim
1408 4725 1480 4780 dona
1503 4723 1554 4780 Dei
1568 4725 1709 4783 veraciter
1723 4727 1822 4783 hebere

170 4813 223 4870 tria
238 4813 386 4880 beatificas,
403 4814 479 4885 prius
493 4815 537 4871 via
553 4813 707 4886 adoptionis
729 4813 828 4885 Spiritu
846 4815 969 4886 signatos
1018 4815 1150 4870 dicendus
1165 4822 1215 4880 est,
1232 4814 1277 4885 qui
1292 4813 1338 4884 pia
1352 4813 1503 4885 gratiarum
1512 4813 1620 4869 actione
1637 4814 1679 4869 eis
1695 4814 1734 4870 ad
1750 4814 1822 4870 idad

169 4901 293 4959 vivificas
309 4901 510 4972 etsanetiiieas,
527 4902 563 4957 da
577 4901 644 4957 mibi
672 4901 781 4959 servulo
798 4910 842 4959 tuo
870 4905 969 4976 pignus
1020 4903 1093 4974 quod
1109 4903 1171 4957 data
1186 4910 1258 4968 sunt,
1275 4902 1303 4957 id
1318 4909 1369 4969 est,
1384 4902 1418 4957 ad
1434 4901 1612 4973 querendum
1626 4902 1720 4959 Deum
1731 4904 1819 4970 utitur,

169 4988 337 5046 haereditatis
367 4998 467 5046 nostrae
494 4990 619 5046 eumdem
657 4990 785 5062 Spiritum
821 4999 967 5047 sanetum:
1020 4999 1046 5047 et
1060 4998 1180 5046 meretur
1190 4990 1306 5063 gratiam
1316 5005 1367 5061 pro
1378 4989 1475 5062 gratia.
1486 4988 1659 5058 Quireroad
1668 4990 1748 5046 aliud
1757 5007 1821 5063 quae

170 5084 199 5132 ut
217 5077 276 5148 ipso
290 5079 460 5145 charitatem,
482 5095 543 5150 quae
571 5079 674 5149 operiat
689 5079 886 5136 multitudinem
902 5095 968 5151 pec·
1020 5080 1135 5135 rendum
1146 5079 1185 5134 eis
1202 5078 1329 5144 abutitur,
1352 5086 1444 5151 utpote
1461 5077 1593 5149 ingratus,
1610 5077 1646 5134 iis
1662 5079 1749 5135 etiarn
1763 5096 1820 5152 quae

175 5172 296 5222 catomm
310 5168 489 5232 memnonia
517 5168 674 5223 cordemeo
700 5166 883 5234 diffundente;
901 5176 927 5224 et
942 5169 969 5223 in
1020 5169 1124 5239 aceepit
1138 5168 1239 5238 privari
1267 5174 1397 5222 meretur.
1421 5168 1499 5221 Dona
1513 5173 1603 5221 autem
1626 5166 1679 5222 Dei
1696 5169 1819 5240 qumtlam

173 5254 247 5311 omni
261 5253 410 5322 intellectu,
432 5271 567 5320 sermone,
583 5263 608 5311 et
623 5271 706 5327 opere
721 5256 792 5313 bono
807 5273 851 5312 me
866 5255 969 5313 contir-
1019 5256 1200 5313 communiter
1227 5256 1327 5310 dantur
1354 5254 1433 5310 bonis
1452 5261 1479 5309 et
1507 5252 1595 5321 malis,
1612 5256 1744 5327 quadam
1758 5271 1818 5312 uero

170 5349 273 5410 manle,
283 5357 446 5415 mecumque
461 5343 488 5398 iu
502 5350 633 5401 aeternum
644 5352 854 5409 manente,eum
870 5345 909 5400 eis
923 5347 969 5416 qui
1019 5345 1149 5416 specialia
1178 5352 1240 5398 suut
1269 5343 1426 5400 electorum.
1450 5342 1521 5398 Num
1550 5343 1706 5400 exteriores
1721 5344 1818 5401 dititia

168 5429 333 5487 habitantia
348 5431 430 5488 domo
445 5440 491 5487 tua
507 5440 533 5487 te
557 5448 665 5489 merear
701 5433 812 5488 laudare
828 5432 855 5487 ia
870 5434 970 5488 saecula
1019 5433 1078 5488 auri
1093 5440 1120 5488 et
1134 5431 1252 5505 argenti,
1270 5439 1297 5488 et
1311 5440 1485 5499 ceterorum,
1503 5430 1604 5487 sanitas
1620 5432 1706 5488 etiam
1722 5448 1817 5506 eorpo-

170 5517 455 5576 moderamime.
1019 5522 1067 5587 ris,
1085 5529 1112 5575 et
1135 5520 1321 5576 membrorum
1344 5519 1637 5594 valitudo3ingenium
1667 5537 1779 5596 qnoque
1795 5528 1818 5577 et
