3750 5984
119 176 172 233 sss
599 174 771 235 animata
788 177 819 233 a.
844 173 949 234 rimu
962 153 1016 234 an'
1028 174 1284 235 mourcausus.
1718 184 1771 238 sss

116 303 160 354 est
170 304 248 354 extra
264 313 362 355 seusus
375 297 531 371 voluptatis.
547 298 651 356 Sensus
665 298 839 372 euimportra
852 299 951 361 auutA
1000 298 1074 356 Dixit
1092 298 1219 371 nuperius
1233 305 1309 355 orate
1322 315 1374 372 pro
1395 300 1494 367 uobis;
1515 317 1588 358 nunc
1608 307 1705 359 autem
1720 303 1769 361 de-

116 385 223 454 auimae,
240 385 286 459 qui
307 403 357 458 per
371 386 466 444 oculos
485 386 596 444 ducitur
613 387 649 442 ad
670 386 918 459 concupiscendum
968 402 1067 461 precor
1081 404 1127 444 uos
1144 389 1268 461 amplias
1278 387 1328 445 hoc
1348 391 1453 460 facere,
1465 388 1492 443 id
1504 397 1545 444 est
1560 405 1700 461 orarepro
1715 407 1768 448 uo·

115 473 189 546 quod
203 473 286 542 videt,
303 482 329 530 et
343 474 383 532 sic
403 490 454 546 per
469 482 583 531 caeteros
597 491 708 532 seusus.
727 476 807 531 lesus
821 492 919 547 passus
968 474 1011 530 bis
1025 474 1178 543 instantius,
1194 491 1257 549 quo,
1269 475 1297 531 id
1309 483 1350 531 est
1360 492 1393 531 eo
1408 483 1436 530 ut
1450 478 1591 534 restituar
1612 468 1686 534 uobis
1697 479 1769 536 cete·

114 569 158 617 est
171 571 247 618 extra
261 571 381 636 portam,
395 563 458 619 idea
473 568 508 620 ut
520 581 572 638 per
586 565 733 637 propriam
747 566 919 637 sanquinem
967 565 1037 630 rius,
1056 562 1184 619 deterens
1207 580 1315 620 mecum
1338 563 1442 621 fructus
1471 565 1723 638 eleemosynarum,
1745 565 1769 622 si

115 652 465 724 sanctificaretpcputum.
478 651 725 720 Quialesusextra
738 659 920 724 portampas·
967 651 1038 708 torte
1062 651 1154 708 solvar
1167 667 1184 706 a
1197 651 1321 708 vinculis.
1343 653 1411 708 Dico
1436 660 1512 709 orate
1534 670 1585 725 pro
1610 654 1699 721 nubis,
1715 669 1768 728 ego

113 753 161 793 sus
170 745 223 804 ast,
234 739 326 811 iqitur·
338 756 475 796 exeamas
485 740 522 796 ad
531 756 606 806 eum,
615 738 697 810 positi
711 743 797 796 extra
811 744 916 808 eastra,
967 747 1056 795 autem
1067 739 1108 796 sic
1121 754 1170 795 oro
1180 756 1231 810 pro
1241 740 1327 796 vobis.
1342 743 1413 796 deas
1423 743 1503 813 pacis
1513 749 1587 814 aptet
1597 758 1647 798 vos
1657 743 1685 796 in
1695 741 1769 798 omni

112 825 142 881 id
158 832 201 883 est
215 835 291 882 extra
306 828 460 899 voluptates
479 827 669 896 tabernaculi;
684 843 737 885 nec
750 828 803 884 boc
817 828 917 896 solum,
966 828 1049 896 bono,
1079 827 1127 899 qui
1145 829 1218 882 Deus
1235 827 1336 883 eduxit
1352 829 1504 884 Dominum
1525 833 1657 885 nostrum
1672 832 1769 887 iesum

113 915 165 970 sed
180 914 262 970 etiam
273 920 422 987 portantes
433 915 467 986 (si
481 931 595 973 necesse
609 915 700 987 tuerit)
714 917 919 989 improperium
969 914 1113 971 Christum
1126 916 1159 971 de
1174 917 1306 982 mortuis,
1316 914 1344 969 id
1358 923 1399 970 est
1420 931 1436 970 a
1456 933 1570 973 numero
1590 926 1766 974 mortuorum.

114 1004 186 1074 ejvs,
200 1003 228 1058 id
243 1010 286 1058 est
299 1011 414 1059 mortem
429 1004 530 1060 crucis.
558 1006 591 1059 Et
614 1004 709 1076 utique
727 1005 767 1061 sic
786 1004 918 1060 debemus
966 1003 1059 1059 iesum
1068 1003 1130 1058 dico
1145 1005 1290 1059 Pastorem
1304 1020 1449 1075 maqnum,
1462 1005 1490 1060 id
1513 1013 1554 1060 est
1581 1007 1768 1077 superomnia

115 1089 200 1159 exire,
218 1091 281 1162 quia
295 1092 377 1148 etiam
388 1091 411 1146 si
426 1091 553 1148 volumus
566 1091 611 1148 bic
625 1107 748 1158 manere,
765 1107 824 1148 non
840 1090 919 1148 hahe-
966 1089 1180 1163 magnificatum.
1213 1091 1352 1146 Pastorem
1380 1091 1441 1147 dico
1469 1108 1523 1147 non
1552 1094 1686 1164 luporum,
1718 1094 1767 1150 sed

110 1195 176 1234 mus
192 1180 237 1235 laic
250 1183 417 1236 manentem
433 1167 591 1247 ciuitatem,
607 1181 654 1236 sed
676 1180 849 1253 inquirimus
866 1182 918 1252 [u-
968 1179 1070 1246 ocium,
1081 1178 1109 1233 id
1124 1185 1166 1234 est
1181 1187 1396 1234 mansuetorum.
1421 1180 1561 1236 Pastorem
1584 1181 1645 1236 dico
1667 1181 1768 1237 tactum

114 1270 221 1333 taram,
242 1266 270 1322 id
289 1275 331 1322 est
345 1273 487 1324 aeternam.
503 1269 537 1323 Et
560 1267 779 1341 quandoquidem
797 1267 918 1323 futuram
967 1267 1158 1337 inconquine‚
1182 1266 1209 1320 id
1235 1273 1276 1321 est
1294 1283 1345 1337 per
1369 1267 1534 1323 oblationem
1555 1269 1695 1340 sanguinis
1714 1269 1766 1325 sui.

112 1353 286 1427 inquirimus,
299 1371 366 1428 ergo
381 1363 410 1411 ut
425 1357 662 1427 apprehendamus
677 1371 747 1425 eam,
767 1357 918 1428 offeramus
967 1354 1136 1426 Sanguinem
1149 1354 1211 1410 dico
1226 1353 1448 1410 confirmatorem
1469 1359 1635 1413 testamenti
1654 1358 1766 1425 oeterni,

108 1458 161 1515 per
171 1444 266 1516 ipsum
279 1443 374 1499 iesum
390 1442 499 1500 hostias
525 1444 626 1509 laudis
644 1444 672 1499 id
685 1452 728 1500 est
740 1443 837 1499 laudes
862 1460 917 1500 nou
967 1442 996 1498 id
1011 1442 1090 1499 estin
1105 1450 1234 1498 aeternum
1248 1442 1381 1499 duraturi.
1399 1444 1458 1509 Hic,
1471 1444 1592 1515 inquam,
1605 1446 1678 1500 Deus
1689 1449 1769 1519 aptet

111 1530 203 1585 minus
217 1547 299 1603 quam
313 1530 409 1587 hostias
418 1540 608 1603 promerentes
619 1533 684 1600 Deo,
694 1541 720 1588 et
730 1533 782 1589 hoc
795 1549 916 1606 semper.
967 1545 1014 1587 vos
1028 1533 1061 1587 in
1076 1531 1155 1587 omni
1170 1531 1248 1587 hono.
1264 1533 1379 1602 Aptatos
1394 1547 1442 1587 eos
1453 1531 1587 1605 intelligit,
1596 1533 1618 1587 si
1632 1533 1702 1589 bona
1716 1549 1768 1590 vo·

109 1617 146 1672 Et
161 1619 233 1690 quod
248 1618 309 1674 dico
324 1619 427 1674 hostias
448 1619 551 1686 laudis,
568 1627 609 1676 est
625 1620 718 1676 dicere
733 1636 740 1674 ε
758 1619 913 1676 Offeramus
926 1618 1056 1719 Bluntas
1082 1619 1111 1674 in
1137 1619 1177 1673 eis
1204 1617 1297 1673 suerit.
1333 1622 1414 1690 Aptet
1437 1621 1489 1687 ita,
1518 1625 1553 1675 ut
1574 1622 1689 1692 faciatis
1721 1638 1767 1677 ac·

108 1707 240 1776 [ructum
257 1709 405 1764 labiorum.
432 1708 484 1763 Per
506 1707 648 1777 labiomm,
673 1707 840 1775 facilitatem,
864 1725 913 1780 per
965 1709 1108 1764 luntatem
1118 1708 1178 1778 ejas
1192 1707 1251 1773 Dei,
1264 1723 1314 1762 uec
1324 1707 1425 1763 viribus
1433 1709 1540 1776 vestris,
1553 1709 1601 1763 sed
1610 1709 1647 1763 ita
1661 1708 1767 1764 faciatis

109 1794 230 1852 fructum
240 1795 368 1870 designat
381 1795 533 1852 utilitatem.
550 1796 763 1852 labiorumdico
774 1797 914 1866 concitem
962 1793 1087 1851 414
1102 1802 1130 1850 ut
1155 1795 1215 1866 ipse
1234 1795 1270 1850 sit
1290 1798 1400 1867 taciens
1418 1797 1449 1850 in
1469 1797 1543 1852 uobis
1564 1796 1636 1869 qaod
1655 1798 1768 1869 placeat

113 1886 189 1940 tium
207 1886 328 1950 nomini,
340 1885 366 1939 id
383 1893 425 1940 est
439 1885 537 1958 gloria
550 1886 622 1956 ejus.
639 1884 794 1941 Offeramus
807 1885 913 1942 laudes.
963 1898 1058 1940 coram
1073 1899 1112 1952 se,
1124 1883 1152 1939 id
1166 1892 1208 1938 est
1223 1883 1252 1938 in
1261 1883 1433 1954 beneplacito
1442 1884 1511 1953 ejus,
1528 1883 1631 1940 taciens
1646 1884 1708 1940 dica
1715 1899 1767 1956 per

113 1973 312 2042 beneficentiae
324 1978 431 2039 autem,
443 1973 471 2028 id
481 1980 523 2028 est
532 1973 665 2046 largitatis
679 1973 914 2045 eleemosynarum
963 1972 1059 2028 iesum
1071 1971 1225 2037 Christum,
1239 1974 1288 2044 qui
1311 1976 1353 2028 est
1366 1973 1458 2042 pluria
1478 1974 1509 2028 in
1526 1973 1631 2029 cacata
1647 1973 1766 2028 saculo-

112 2065 143 2117 et
160 2063 369 2117 communionis
379 2063 537 2134 (postquam
551 2077 606 2117 nou
628 2061 749 2134 propria,
772 2062 821 2117 sed
836 2076 914 2118 com·
962 2075 1038 2116 rum.
1055 2060 1155 2116 Amen.
1166 2059 1237 2128 Quia
1251 2059 1449 2131 aliquantulum
1463 2060 1586 2130 asperius
1607 2067 1767 2116 correxerat

113 2149 207 2204 munia
220 2149 363 2220 dicebatis)
378 2152 465 2206 notite
487 2150 626 2207 ohtiaisci.
644 2150 702 2206 Nec
724 2150 830 2206 debetis
845 2151 915 2206 obli-
962 2147 1035 2214 illas,
1051 2164 1123 2203 nuuc
1137 2147 1275 2203 blanditur
1289 2148 1338 2214 eis,
1356 2164 1391 2204 ne
1406 2157 1569 2204 moveantur
1579 2148 1638 2204 visa
1656 2147 1764 2218 asperi-

111 2236 190 2304 visci,
205 2240 271 2310 qaia
286 2239 390 2294 talibus
412 2238 522 2304 hostiis,
540 2238 568 2293 id
583 2245 625 2293 est
639 2252 688 2309 per
707 2237 913 2295 beneficentiam
963 2237 1187 2302 tutaverborum
1198 2236 1293 2292 diceus
1306 2236 1396 2291 :tuens
1407 2237 1430 2291 si
1440 2245 1581 2308 aptetuos,
1596 2252 1648 2309 ego
1658 2241 1765 2304 aretem,

112 2332 140 2381 et
154 2325 385 2383 communionem.
397 2327 470 2382 Deus
477 2329 656 2399 promeretur
664 2325 692 2380 iu
700 2327 811 2398 passiva
824 2327 913 2401 signi·
961 2327 1081 2396 fratres,
1093 2341 1222 2397 reponas,
1234 2330 1268 2380 ut
1278 2327 1330 2382 boc
1343 2327 1455 2382 aerium
1472 2342 1526 2381 non
1543 2324 1765 2396 reprehensionis

109 2413 246 2470 ficatione.
273 2412 308 2470 lit
326 2421 418 2470 summ
441 2414 539 2470 horum
557 2429 694 2470 memores
719 2414 788 2483 aitis,
805 2416 913 2473 ohedtte
963 2413 1004 2483 (ut
1017 2413 1085 2469 torte
1099 2413 1182 2485 aliqui
1196 2413 1232 2469 de
1246 2413 1324 2469 vobis
1342 2413 1518 2483 existimant),
1541 2413 1589 2469 sed
1614 2413 1764 2484 Epistolam

106 2504 268 2574 prepositis
282 2504 395 2569 uestris,
407 2501 454 2573 qui
463 2500 579 2574 perlecti
589 2511 660 2569 suut,
677 2510 705 2558 et
719 2503 789 2559 bene
803 2519 852 2560 uos
868 2506 913 2558 in·
962 2502 1059 2558 solatii
1069 2502 1223 2573 sufferatis,
1237 2501 1266 2557 ld
1280 2509 1322 2558 est
1331 2502 1360 2556 iu
1373 2502 1447 2558 omui
1455 2501 1584 2572 patientia
1599 2502 1763 2573 suscipiatis.

109 2597 225 2657 struunt,
242 2595 272 2646 et
284 2591 428 2661 subjacete
442 2592 493 2656 eis,
509 2590 538 2645 id
559 2598 600 2647 est
616 2589 735 2658 obedite,
752 2598 781 2646 ut
802 2607 912 2647 omnem
962 2589 996 2644 Et
1004 2589 1117 2661 potestis
1127 2589 1194 2645 satis
1203 2588 1325 2657 sufferre,
1335 2592 1402 2663 quia
1409 2590 1510 2661 scripsi
1520 2589 1594 2646 vohis
1601 2592 1762 2663 perpaucis.

111 2678 308 2748 subjectionem
322 2682 408 2734 verbo
419 2686 446 2734 et
461 2694 544 2749 opere
559 2679 711 2735 exhibeatis
723 2679 787 2735 iltis.
800 2679 913 2735 bebetis
962 2677 1013 2732 llic
1028 2676 1163 2750 significat
1178 2693 1227 2734 eos
1247 2677 1429 2747 impatientes,
1455 2678 1553 2749 quibus
1574 2680 1660 2733 multo
1683 2677 1765 2749 plura

110 2766 204 2839 utique
220 2768 363 2837 subjacere
374 2767 424 2837 eis,
435 2769 502 2838 quia
516 2768 571 2840 ipsi
580 2769 754 2840 percipiiant
766 2769 911 2841 provehis,
963 2764 1129 2836 scripsisset,
1144 2765 1168 2821 si
1179 2764 1314 2836 patienter
1326 2765 1467 2821 audituros
1484 2773 1675 2839 cognosceret.
1698 2765 1763 2822 Sut-

108 2857 189 2928 quasi
203 2855 244 2910 illi
256 2856 302 2927 qui
317 2856 459 2912 reddituri
469 2863 532 2911 suut
544 2857 672 2912 rationes
679 2872 732 2929 pro
762 2857 912 2913 animabus
961 2850 1028 2908 terte
1052 2853 1166 2909 verbum
1180 2858 1209 2910 et
1217 2857 1340 2927 fratrem
1354 2858 1480 2911 uestrum
1502 2854 1704 2911 Timotheumo
1719 2869 1763 2910 me

110 2946 222 3012 vestris,
240 2944 292 2999 sibi
306 2943 471 3001 commissis.
492 2943 526 2999 Et
548 2942 612 2998 ideo
634 2943 674 3000 sic
693 2943 832 3012 subiacete
855 2944 910 3013 eis,
962 2941 1112 2997 dimissum
1124 2941 1160 2996 ad
1176 2958 1235 3010 vos,
1252 2942 1295 2998 vel
1312 2941 1458 2997 cunculis
1473 2941 1574 3013 quibas
1587 2941 1687 3012 ligatus
1701 2957 1763 2998 me-

110 3031 144 3083 at
156 3029 268 3099 saciant
283 3027 351 3093 bec,
376 3027 406 3083 id
426 3034 468 3083 est
489 3026 654 3099 pervigilant
676 3042 728 3098 pro
748 3027 827 3083 vobis
845 3043 911 3083 eum
926 3010 1022 3084 Gcuru
1037 3037 1105 3096 erat,
1122 3045 1194 3086 nuuc
1207 3029 1359 3086 dimissum.
1375 3031 1455 3097 Eum,
1474 3029 1595 3102 inquam,
1612 3029 1762 3085 delatorem

107 3115 218 3186 quadie,
235 3119 263 3172 et
270 3131 328 3171 non
340 3119 494 3188 qemeates,
510 3113 668 3186 producitis
684 3121 711 3171 et
725 3114 912 3186 intemperata·
961 3116 1042 3186 hujus
1058 3117 1196 3188 Epistola,
1208 3119 1375 3188 capnoscite,
1387 3118 1416 3172 id
1435 3126 1476 3173 est
1490 3117 1638 3174 honorifice
1656 3124 1683 3173 et
1699 3133 1762 3174 cum

108 3203 145 3258 tia
159 3211 261 3259 vestra.
277 3203 344 3260 Dico
362 3219 418 3260 non
440 3211 582 3275 gementes
598 3221 606 3270 ς
622 3206 775 3260 nonenim
795 3204 911 3277 capedit
960 3203 1034 3260 omui
1049 3205 1181 3260 charitate
1191 3206 1329 3277 suscipite,
1353 3223 1419 3263 eum
1434 3223 1486 3279 quo
1502 3207 1596 3263 videbo
1613 3223 1670 3274 uos,
1691 3206 1762 3263 sicut

107 3291 182 3349 vohis
196 3291 257 3359 hoc,
272 3300 302 3346 ut
316 3307 365 3347 eos
379 3307 492 3363 paruere
502 3290 617 3349 faciatis.
630 3290 747 3348 Obedite
756 3292 910 3364 prepositis
960 3301 1080 3360 autumo,
1101 3296 1127 3350 si
1142 3295 1263 3350 ceterius
1284 3304 1426 3351 revertens
1447 3312 1462 3350 a
1486 3296 1580 3364 vobis,
1595 3298 1705 3354 uenerit
1725 3295 1761 3352 ad

108 3387 136 3435 et
150 3384 229 3436 orate
244 3396 294 3453 pro
304 3380 394 3436 nohis.
406 3379 536 3436 Dicerent
545 3379 584 3434 illi
597 3379 653 3435 :Tu
667 3386 779 3452 gentem
789 3388 909 3435 nostram
959 3398 1014 3440 me.
1024 3383 1153 3439 Salutate
1166 3395 1262 3439 omnes
1274 3385 1440 3456 praepositos
1461 3389 1576 3441 uestros.
1594 3384 1664 3455 lpsis
1674 3385 1757 3450 enirn,

108 3476 135 3523 et
145 3467 211 3523 ritus
222 3475 331 3524 nostros
345 3467 532 3540 persequeris,
544 3475 570 3523 et
584 3466 722 3539 quomodo
736 3466 815 3534 dicis,
832 3474 909 3525 orate
960 3471 1022 3543 quia
1045 3468 1158 3542 perlecti
1179 3478 1267 3538 erant,
1287 3486 1342 3526 nou
1366 3472 1502 3528 scribebat
1525 3472 1686 3543 Epistulam,
1711 3472 1760 3527 sed

109 3556 275 3627 pronubis?
290 3556 394 3612 adhoc
410 3555 507 3611 Paulus
523 3573 530 3611 :
548 3555 633 3612 Orare
650 3570 702 3626 pro
723 3555 802 3610 nobis
825 3556 908 3611 debe·
959 3558 1124 3631 quibusdam
1143 3559 1316 3616 subditorum
1337 3559 1505 3617 incorrectis.
1525 3561 1646 3616 Salutate
1670 3562 1759 3616 etiam

108 3643 152 3700 tis.
169 3646 222 3700 Nos
236 3646 314 3700 enim
336 3644 516 3714 confidimus,
536 3642 620 3700 idest
643 3643 811 3701 confidenter
831 3644 909 3701 vobis
961 3662 1059 3704 omnes
1073 3652 1185 3704 sanctos
1204 3647 1231 3702 iu
1245 3647 1368 3705 Ecclesia
1382 3656 1486 3704 vestra.
1510 3651 1593 3704 Erant
1607 3648 1680 3704 enim
1695 3648 1759 3720 qui-

107 3732 224 3788 dicimus
239 3733 311 3805 quod
327 3733 461 3789 hahemus
471 3732 573 3788 bonam
583 3733 790 3790 conscientiam
805 3734 908 3789 inom-
959 3735 1023 3790 dam
1033 3734 1205 3791 subditorum
1215 3735 1340 3807 perlecti,
1357 3736 1455 3808 quibus
1470 3737 1592 3791 similiter
1614 3751 1668 3791 uon
1684 3737 1756 3792 scri-

108 3821 203 3888 nihas,
219 3821 246 3876 id
262 3828 303 3877 est
315 3821 350 3876 ad
360 3824 456 3876 omnes
472 3821 598 3878 uolentes
608 3822 675 3878 hene
698 3822 860 3878 conuersari
875 3821 909 3877 ad
959 3822 1051 3878 bebai.
1071 3824 1210 3880 salutant
1228 3839 1274 3880 aas
1295 3827 1401 3896 fratres
1416 3824 1449 3880 de
1471 3826 1566 3881 ltalia.
1590 3826 1689 3882 Gratia
1707 3826 1758 3881 liei

107 3909 180 3965 illos.
196 3909 246 3966 Ubi
261 3916 354 3964 autem
368 3908 537 3966 conscicntia
551 3924 620 3980 pura
634 3916 686 3978 est,
702 3916 729 3965 et
742 3925 812 3981 opus
823 3925 908 3981 muu-
958 3925 1025 3968 cum
1049 3913 1177 3970 omnihus
1200 3912 1283 3969 uobis.
1315 3913 1415 3970 Amen.
1442 3913 1557 3988 Signum
1581 3913 1657 3970 Pauli
1684 3913 1757 3986 quod

109 3998 175 4053 dum
191 4005 241 4067 est,
261 4014 293 4054 ue
308 4013 376 4071 ergo
390 3997 499 4054 molesti
510 3997 569 4053 sitis
583 3996 660 4054 mihi.
958 3999 1079 4072 Epistola
1089 3999 1176 4072 ipsius
1191 4008 1273 4058 esset.

368 4299 643 4388 EPISTOLA
675 4300 724 4384 B·
762 4280 927 4386 PAULI
958 4301 1031 4387 AD
1084 4301 1484 4411 LAODICENSES,

600 4457 710 4539 Nuper
725 4457 757 4518 in
771 4457 899 4538 antiqua
911 4456 1102 4520 bibliotheca
1116 4459 1241 4522 iuventa
1259 4479 1266 4521 :

225 4595 290 4656 Sed
304 4595 385 4673 qnia
398 4597 487 4657 inter
500 4593 685 4655 catholicas
698 4594 799 4671 onlqo
813 4610 880 4653 non
895 4593 1030 4672 leqitur,
1046 4613 1114 4656 non
1128 4604 1174 4658 est
1189 4614 1210 4656 a
1229 4596 1268 4656 B.
1284 4596 1440 4658 Brunone
1454 4599 1632 4660 elucidata.

142 4886 260 4954 Paulus,
277 4885 422 4957 apostotus
439 4901 497 4942 nan
517 4885 552 4940 ab
570 4882 741 4952 dominibus,
756 4900 845 4958 neque
856 4900 908 4957 per
922 4885 1301 4949 Duosavertentaueritate
1311 4886 1464 4957 daanqelii,
1485 4885 1637 4959 quodame
1646 4887 1753 4959 pradi-

107 4973 260 5039 haminem,
277 4973 326 5028 sed
341 4974 503 5045 pertesum
527 4971 682 5043 Christum,
699 4974 837 5044 [ratribus
858 4974 907 5046 qui
956 4977 1048 5030 catur.
1060 4975 1094 5028 Et
1105 4988 1183 5030 nune
1193 4975 1536 5046 sacmtlieusutqaisunt
1548 4991 1639 5031 came
1648 4976 1685 5032 ad
1694 4993 1756 5047 pro-

105 5065 174 5117 sunt
184 5060 332 5118 landiciae.
349 5061 447 5117 Gratia
456 5060 530 5116 vohis
544 5064 573 5118 et
586 5078 645 5133 pan
656 5062 735 5117 olleo
761 5062 848 5117 Patre
860 5076 907 5117 no
956 5064 1064 5132 sectum
1074 5061 1206 5117 ueritatis
1216 5063 1373 5133 licanqetii,
1383 5062 1572 5119 deservientes
1582 5065 1653 5129 sint,
1665 5068 1694 5120 et
1702 5067 1752 5135 sn·

104 5154 163 5205 stro
178 5149 330 5206 etDomino
344 5150 411 5205 iesu
421 5147 541 5204 Christo.
551 5149 662 5205 Gratias
676 5166 728 5221 aqo
739 5149 848 5208 Christo
854 5165 909 5221 per
957 5151 1065 5207 mater
1078 5141 1266 5221 deniquitates
1276 5166 1391 5223 operum
1408 5167 1469 5224 quae
1483 5157 1552 5208 sunt
1566 5153 1670 5208 salutis
1685 5155 1752 5209 uitae

105 5254 217 5295 omna-m
246 5239 403 5294 orationem
427 5253 532 5304 meam,
553 5252 585 5294 eo
612 5238 684 5310 qaod
705 5241 909 5310 permanentes
958 5242 1083 5294 amane.
1096 5240 1130 5294 a't
1141 5239 1322 5311 nuncpatam
1333 5244 1402 5295 sunt
1416 5240 1614 5305 vicemomes,
1626 5258 1687 5314 quae
1700 5256 1755 5312 pa-

103 5327 172 5382 estis
181 5327 213 5382 in
228 5342 269 5392 eo,
291 5330 319 5381 ct
327 5329 540 5396 perseverantes
549 5325 581 5380 in
591 5325 719 5397 operibus
730 5326 819 5391 bonu,
839 5342 906 5397 pro·
955 5327 1012 5382 tior
1025 5327 1056 5381 in
1068 5325 1188 5391 Christo,
1199 5327 1298 5399 quibus
1309 5328 1391 5384 lator
1401 5331 1429 5383 ct
1442 5331 1558 5401 pendeo,
1569 5334 1598 5384 et
1614 5331 1664 5385 hoc
1683 5328 1755 5384 mibi

105 5416 224 5470 missum
244 5417 443 5486 exspectantes
460 5415 491 5470 in
510 5414 556 5470 die
571 5413 685 5485 judicii.
705 5413 798 5484 Neque
814 5412 903 5469 desti·
952 5416 1117 5486 factumest
1136 5414 1306 5470 adsalutem
1316 5419 1496 5487 perpetuum,
1513 5416 1584 5489 quod
1598 5417 1692 5488 ipsum
1709 5419 1755 5487 ta·

107 5506 192 5560 tuant
206 5503 444 5576 uosquorumdam
458 5502 621 5574 vaniloquia
634 5501 859 5572 insinuantium,
870 5505 904 5559 at
952 5506 1031 5560 etum
1041 5503 1216 5561 orationihus
1229 5504 1338 5572 uestris,
1354 5505 1384 5561 et
1404 5502 1627 5563 administrante
1646 5504 1756 5577 Spiritu
