3742 5986
160 163 212 219 827
588 162 759 221 GUlGONlS
781 162 806 217 ll
827 157 1031 217 CARTHUSIAE
1053 155 1201 215 ttatonts
1224 156 1373 214 PRIORIS.
1768 159 1817 212 828

157 283 278 358 gentiam
294 283 415 351 actioni‚·
430 293 457 340 et
471 285 507 340 ita
522 285 592 341 utin
617 285 732 358 singulis
746 284 788 339 his
803 283 877 339 nulla
892 284 958 339 hora
967 284 996 344 A
1009 280 1059 337 sed
1072 281 1131 337 haec
1145 281 1171 336 in
1187 287 1213 336 te
1228 280 1360 338 comestio
1383 279 1471 352 magis
1486 279 1586 335 tamem
1598 280 1728 353 adauget
1741 294 1821 352 quarn

159 373 203 428 rel
218 381 355 428 momento
370 390 447 428 mens
472 389 521 429 sua
544 373 675 430 defecatae
696 373 766 428 desit
780 371 959 427 meditationi.
1010 369 1106 424 minuit
1122 387 1129 425 ι
1146 377 1172 425 et
1186 368 1301 425 multum
1325 369 1421 425 bibere
1435 367 1502 423 nihil
1517 376 1557 424 est
1573 368 1645 423 aliud
1662 366 1750 439 quaxn
1766 384 1821 422 am-

159 461 222 531 lpsa
236 476 355 531 namque
371 477 433 517 cum
448 462 562 535 singulis
576 463 618 516 his
638 463 738 518 absens
753 469 804 527 est,
821 460 894 515 nulla
909 476 960 531 pc·
1010 457 1081 529 plius
1097 457 1185 513 sitire.
1205 458 1303 529 Sicque
1320 473 1413 513 rerum
1438 472 1499 512 esse
1514 456 1653 511 invonitur
1667 455 1747 527 quod
1762 456 1821 527 ipsa

160 549 234 603 nitus
247 548 275 602 iu
290 549 421 604 exercitio
442 566 491 605 sno
505 550 586 621 plene
608 549 745 606 fructuosa
773 557 823 604 est.
853 548 960 604 Etenim
1010 546 1083 601 dese
1095 545 1232 616 Sapientia
1242 546 1321 601 dicit:
1332 545 1384 614 Qut
1394 545 1481 601 edunt
1497 544 1659 612 manciliaco
1675 545 1817 614 esurient,

158 637 262 707 absque
275 638 420 707 praesentia
441 639 510 706 ejus,
526 655 576 694 nec
605 638 685 694 lectio
708 637 779 692 valet
794 653 843 708 per
858 635 975 690 intelli-‘
1010 638 1039 690 ct
1054 636 1102 706 qui
1115 635 1214 690 bibunt
1236 651 1281 690 mc
1304 632 1395 689 adhuc
1420 633 1520 689 sitient
1543 635 1642 700 (ticoli.
1660 646 1747 700 xxxv,
1763 635 1818 704 29).

159 725 281 797 gentiam
295 726 466 795 apprehendi
479 733 506 781 et
520 726 640 791 retineri,
666 741 716 780 nec
738 725 825 781 oratio
839 725 866 779 in
883 740 959 779 surn-
1011 720 1127 790 Quando
1142 729 1168 776 te
1188 723 1287 794 poterit
1311 721 1432 792 arripere
1457 720 1670 792 pusillanimitas
1695 719 1820 791 spiritus,

158 812 210 867 mis
226 813 356 883 suspendi
371 822 397 868 et
411 814 520 879 morari,
541 829 592 869 nec
615 814 685 869 actio
706 814 741 868 ad
763 812 920 868 necessaria
934 818 960 867 ot
1010 809 1094 864 animi
1109 816 1267 880 tempestas,
1283 809 1383 882 agonia
1397 808 1496 874 cordis,
1523 808 1566 864 vel
1587 808 1759 864 contristare
1773 807 1821 861 ali-

158 900 234 955 utilia
249 900 356 956 extendi
375 909 401 956 ct
424 901 517 974 dirigi.
542 900 648 957 Idcirco
671 900 856 956 necessarium
880 899 960 954 valde
1011 896 1085 969 quod
1101 897 1221 963 taedium,
1239 914 1299 953 cum
1316 896 1541 970 quadripartitum
1561 897 1614 953 hoc
1639 895 1715 967 apud
1741 904 1769 950 te
1783 894 1821 950 n·-

159 996 187 1042 nt
215 1004 431 1060 unamquamque
453 989 618 1060 reliquarum
641 988 721 1043 trium
744 988 796 1042 istn
811 987 958 1058 praecedat,
1010 986 1100 1057 guerit
1114 985 1296 1042 exercitium?
1311 985 1399 1053 Quare
1423 984 1532 1056 quidam
1547 984 1625 1041 cellae
1640 983 1819 1039 solitudinem

158 1083 185 1130 ct
200 1076 353 1145 comitetur,
371 1085 397 1131 et
411 1077 590 1148 subsequatur
607 1092 613 1132 :
628 1077 764 1147 praecedat
786 1076 959 1131 dicounam-
1011 1080 1037 1128 et
1069 1073 1187 1145 quietem
1211 1073 1300 1146 [Pnr.,
1332 1072 1480 1146 silentium]
1509 1073 1670 1140 abhorrent,
1707 1079 1736 1127 et
1766 1072 1821 1127 sul-

159 1179 306 1236 quamque,
324 1173 352 1219 ut
367 1165 437 1221 bene
450 1166 613 1237 incipiatur;
630 1165 783 1230 comitetur,
798 1171 825 1218 ut
837 1164 907 1220 bene
923 1163 960 1218 in·
1010 1160 1084 1217 ferre
1099 1178 1184 1234 grave
1208 1162 1359 1233 deputant,·
1374 1161 1428 1216 nisi
1443 1161 1504 1233 quia
1527 1177 1596 1233 quae,
1621 1159 1714 1232 qualis
1729 1174 1821 1233 quan-

157 1260 246 1322 cepta,
272 1253 354 1323 plena
371 1263 593 1318 consummetur;
611 1254 802 1325 subsequatur,
827 1260 857 1306 ut
879 1252 960 1324 plene
1010 1255 1090 1320 taque
1105 1250 1140 1304 sit
1160 1265 1256 1306 eorum
1276 1249 1394 1305 suavitas
1415 1257 1442 1304 et
1464 1247 1581 1304 dulcedo
1603 1248 1718 1319 penitus
1740 1248 1821 1321 igno-

157 1348 356 1408 consummata,
396 1341 510 1396 tirmiter
543 1342 697 1397 roboretur.
724 1340 872 1397 Consolare
900 1339 960 1411 (tibi
1010 1339 1098 1393 rant?
1113 1337 1161 1393 Cui
1175 1337 1341 1409 comparabo
1356 1347 1393 1403 te,
1410 1336 1513 1394 relcui
1535 1336 1699 1392 assimilabo
1720 1343 1759 1402 te,
1775 1336 1820 1407 qni

156 1427 227 1494 dico,
245 1427 290 1499 qui
301 1428 464 1484 inhabitator
480 1429 556 1485 cellae
570 1430 612 1500 es)
627 1429 778 1493 consolare,
794 1428 916 1499 inquam,
933 1434 960 1482 et
1010 1434 1117 1481 amator
1133 1434 1158 1482 et
1174 1426 1339 1482 inhabitator
1353 1442 1384 1482 cs
1398 1425 1494 1492 cellen
1511 1425 1556 1498 qui
1571 1441 1632 1480 eam
1648 1432 1675 1480 et
1701 1424 1820 1480 amando

157 1510 248 1567 latare
263 1511 290 1565 in
307 1513 435 1579 Domino,
453 1527 516 1568 curn
539 1513 664 1580 Domino,
689 1528 740 1584 pro
755 1512 881 1582 Domino,
898 1512 959 1583 qnia
1010 1513 1153 1584 inhabitas,
1178 1522 1204 1569 et
1226 1514 1402 1569 inhabitando
1426 1514 1527 1569 arnas?
1548 1512 1617 1582 Quis
1640 1513 1669 1566 in
1692 1513 1748 1568 hac
1768 1512 1819 1568 rita

157 1598 232 1653 illam
248 1615 329 1670 quam
344 1608 370 1655 te
385 1616 479 1672 speras
494 1601 523 1655 in
537 1601 628 1656 futuro
649 1601 805 1656 habiturum
829 1600 995 1694 quietemB
1011 1603 1092 1657 homo
1107 1601 1134 1656 in
1149 1602 1200 1659 hac
1213 1611 1240 1658 te
1254 1602 1404 1658 dulcedinis
1415 1600 1579 1672 experientia
1590 1600 1745 1671 superiori
1759 1600 1820 1672 quia

155 1687 212 1757 jam
227 1687 308 1742 modo
322 1688 350 1743 in
365 1689 526 1760 quibusdam
546 1689 602 1744 suis
617 1689 818 1761 quodammodo
833 1688 959 1759 primitiis
1009 1691 1069 1745 talis
1085 1699 1112 1745 nt
1126 1690 1193 1745 mihi
1207 1689 1314 1745 ridetur
1327 1690 1419 1744 nullus
1442 1689 1588 1745 invenitur.
1611 1688 1668 1743 Sed
1694 1688 1760 1760 qnis
1775 1688 1818 1742 tibi

157 1775 244 1830 habes
260 1783 287 1830 et
301 1784 388 1832 tenes.
414 1779 552 1833 Audenter
572 1778 688 1834 dicimus
710 1778 767 1846 tibi,
793 1778 856 1850 qnia
879 1777 901 1831 si
925 1792 958 1832 eo
1008 1779 1051 1834 vel
1067 1778 1167 1851 aequari
1194 1778 1315 1850 poterit?
1328 1778 1399 1833 Num
1422 1776 1520 1849 aliquis
1540 1791 1637 1833 eorum
1652 1776 1702 1848 qui
1718 1776 1817 1853 summi

158 1864 240 1919 modo
257 1880 310 1935 quo
325 1881 386 1921 esse
401 1865 496 1932 debes,
518 1867 546 1921 in
569 1867 639 1922 cella
652 1883 692 1936 es,
714 1867 791 1935 juxta
814 1866 959 1937 quemdam
1010 1874 1073 1922 sunt
1086 1883 1177 1922 rerum
1200 1866 1328 1921 dominii
1341 1865 1438 1922 Nullus
1463 1866 1583 1922 omnino.
1604 1866 1719 1936 Nempe
1741 1880 1817 1936 supe·

156 1952 266 2007 modum
275 1953 302 2007 in
314 1952 372 2024 ipso
383 1955 453 2009 coelo
462 1971 501 2009 es.
514 1954 661 2028 Eccelegis
670 1962 774 2022 etoras,
784 1954 925 2008 meditaris
933 1961 960 2008 et
1009 1955 1097 2011 riores
1112 1963 1138 2010 te
1153 1970 1216 2012 esse
1229 1952 1352 2011 fortassis
1365 1953 1501 2023 videntur,
1518 1961 1652 2025 quantam
1668 1952 1706 2009 ad
1722 1968 1818 2024 qnam-

151 2040 278 2111 cperaris
295 2056 301 2095 :
317 2043 376 2098 haec
391 2043 591 2099 suntexercitia
603 2042 701 2114 quibus
713 2042 864 2096 intendisin
879 2041 957 2098 cella.
1010 2044 1071 2098 dam
1087 2043 1197 2098 nomine
1219 2050 1308 2107 tenus,
1334 2051 1361 2097 et
1384 2042 1530 2112 superlicie
1550 2049 1631 2097 tenus
1655 2041 1817 2113 dignitatem

160 2128 246 2196 Quam
263 2137 386 2186 sanctum
402 2145 433 2184 oa
448 2138 533 2196 tuum,
555 2146 637 2202 quarn
652 2139 746 2186 sancta
760 2137 786 2185 et
802 2130 876 2184 auris
891 2137 936 2185 tna
951 2129 957 2184 l
1009 2131 1208 2201 periculosam3
1223 2131 1257 2185 de
1272 2145 1326 2201 qua
1337 2137 1364 2185 et
1377 2146 1427 2201 pro
1438 2129 1528 2201 quain
1538 2129 1665 2185 dlatricto
1682 2130 1736 2185 Dei
1749 2130 1817 2199 judi-

157 2216 224 2270 Cum
241 2232 323 2271 auras
339 2217 373 2288 (si
389 2225 480 2273 tamen
498 2233 531 2273 eo
560 2219 642 2273 modo
656 2234 728 2284 oras,
745 2234 798 2289 quo
815 2233 893 2273 orare
908 2217 959 2272 de·
1010 2219 1052 2274 cio
1068 2218 1197 2273 reddituri
1209 2226 1271 2273 sunt
1280 2218 1425 2274 rationem.
1438 2218 1492 2274 Sed
1505 2218 1587 2289 longe
1599 2225 1663 2273 suut
1679 2225 1709 2274 te
1722 2233 1817 2274 omnes

158 2304 231 2374 bes),
248 2320 279 2359 os
294 2312 368 2360 tunm
384 2305 492 2360 inaure
516 2307 565 2362 Dei
581 2314 631 2361 est.
647 2307 681 2361 llt
695 2322 748 2378 ego
762 2306 879 2362 uerebor
893 2305 960 2360 illud
1009 2306 1152 2362 interiores
1168 2315 1194 2361 et
1209 2307 1331 2362 minores
1352 2313 1483 2378 quantum
1498 2306 1532 2362 ad
1546 2305 1723 2379 singularem
1738 2307 1815 2371 hanc,

158 2408 190 2449 os
205 2402 327 2448 sanctum
358 2395 452 2449 dicere
467 2395 540 2466 quod
563 2395 590 2449 in
605 2395 690 2465 ipsius
714 2410 779 2450 aure
807 2394 857 2449 Dei
880 2395 960 2469 rideo
1009 2395 1037 2450 in
1052 2411 1105 2466 qua
1120 2402 1148 2449 tu
1163 2395 1282 2450 exsultas
1302 2403 1328 2450 et
1352 2394 1486 2465 tripudias
1509 2394 1695 2461 suavitatem3
1712 2395 1763 2450 scd
1774 2395 1815 2464 jn-

160 2480 325 2537 esseiCum
340 2498 407 2537 vero
421 2482 499 2554 legis,
517 2489 544 2537 et
572 2498 604 2537 os
632 2483 681 2538 Dei
707 2482 734 2537 in
759 2498 824 2537 aure
845 2489 956 2537 tuaest.
1010 2483 1185 2549 cunditatem,
1211 2483 1259 2538 sed
1283 2483 1465 2550 dulcedinem,
1491 2482 1540 2538 sed
1562 2482 1816 2550 hilaritatem,sed

157 2569 192 2623 Et
219 2585 313 2624 aurem
341 2571 413 2627 hanc
448 2587 500 2644 ego
528 2579 649 2626 sanctam
677 2587 731 2626 non
760 2571 870 2627 dicam?
897 2571 960 2626 Sive
1009 2571 1189 2641 alacritatem,
1206 2572 1254 2627 sed
1269 2571 1463 2639 amoenitatem,
1488 2571 1537 2627 sed
1560 2571 1756 2637 serenitatem,
1771 2570 1817 2626 sea

155 2672 221 2729 ergo
236 2665 264 2711 tu
277 2657 398 2729 loquaris
413 2659 471 2714 Deo
487 2660 571 2730 (quod
585 2660 677 2730 utique
692 2659 759 2714 lacis
783 2675 844 2714 cum
860 2661 934 2729 oras)
952 2675 958 2714 :
1010 2658 1201 2726 sinceritatem,
1218 2659 1267 2715 sed
1282 2659 1502 2726 delectationem,
1517 2659 1566 2715 sed
1589 2659 1684 2715 omnis
1699 2659 1817 2732 deniqne

157 2743 215 2799 sire
244 2745 370 2816 loquatur
399 2746 446 2801 tibi
475 2748 549 2801 Deus
579 2747 662 2818 (quod
692 2755 755 2801 tunc
782 2747 907 2801 nimimm
930 2747 960 2802 fit
1009 2748 1049 2819 (ιιι
1064 2748 1239 2804 brevimnlta
1254 2763 1381 2804 sermone
1403 2747 1654 2818 concludaml‘boni
1668 2748 1819 2819 plenitudi-

157 2849 220 2888 cum
235 2832 326 2904 legis),
344 2834 453 2888 beatum
469 2842 493 2889 tc
509 2834 695 2890 incunctanter
709 2850 813 2890 assero.
832 2835 901 2903 Quid
915 2835 959 2889 di·
1009 2851 1071 2891 nem
1087 2844 1113 2891 ct
1128 2837 1274 2907 quamdam
1290 2835 1363 2891 illins
1377 2836 1412 2890 ad
1436 2851 1518 2907 quarn
1542 2836 1717 2907 suspiramus
1733 2836 1817 2892 beati-

154 2936 218 2977 ·cam
234 2921 268 2976 de
284 2922 461 2977 meditatione
477 2923 566 2993 purat
576 2922 642 2993 quid
657 2923 691 2977 de
705 2923 810 2979 actione
825 2923 960 2995 egregia?
1009 2924 1111 2979 tudinis
1124 2924 1244 2980 coelestis
1254 2924 1412 2997 imaginem,
1425 2933 1453 2979 et
1467 2923 1725 2981 similitudinem.0
1740 2939 1817 2996 quarn

157 3011 226 3064 Nam
254 3010 301 3065 illa
331 3009 481 3067 sanctificat
495 3010 624 3078 animum,
649 3013 708 3066 lraec
731 3019 821 3066 autern
845 2983 992 3066 exornatO
1009 3027 1108 3084 magna
1124 3028 1258 3084 quamque
1273 3011 1357 3067 multa
1371 3011 1399 3066 in
1413 3011 1456 3067 his
1472 3019 1587 3083 quatuor
1604 3011 1748 3068 exercitiis
1761 3010 1818 3067 dul·

156 3115 276 3154 manum.
294 3098 361 3168 Quis
375 3107 457 3172 neget
486 3101 574 3155 Deum
602 3116 663 3155 esse
692 3101 761 3155 intra
789 3108 825 3169 te,
855 3101 959 3157 cumin
1008 3101 1087 3166 cedo,
1114 3100 1141 3154 in
1169 3099 1300 3167 lectione,
1327 3099 1354 3154 in
1376 3100 1562 3166 meditatione,
1585 3100 1614 3154 in
1638 3099 1817 3168 arabonam

156 3195 308 3243 mentetua
329 3188 394 3243 nihil
418 3204 472 3243 non
503 3188 602 3244 bonum
626 3197 653 3245 et
676 3197 808 3255 sanctum,
824 3188 889 3243 nihil
904 3206 959 3244 non
1008 3187 1130 3244 actionel
1143 3190 1257 3259 llagna3
1268 3188 1702 3259 necadeamattiogitmensura3
1718 3188 1816 3253 multat

156 3276 295 3331 sincerum
309 3284 335 3330 et
358 3276 528 3348 religiosum,
555 3277 622 3331 nihil
650 3294 705 3333 non
734 3286 903 3333 mansuetum
932 3286 959 3333 et
1008 3292 1058 3331 nec
1074 3276 1153 3332 rideo
1168 3277 1240 3347 quod
1256 3275 1354 3349 aliquis
1368 3276 1402 3331 sit
1416 3276 1475 3346 ejus
1490 3288 1633 3331 numerus.
1648 3277 1687 3331 Et
1701 3284 1817 3349 quatuor

157 3363 242 3434 pium,
264 3364 331 3419 nihil
346 3380 401 3419 non
415 3382 513 3437 puram
530 3374 556 3421 et
578 3367 717 3433 mundum,
736 3374 866 3438 qnantum
885 3366 957 3421 dnn·
1007 3365 1077 3428 haec,
1094 3362 1217 3419 fortassis
1231 3363 1275 3418 illa
1293 3371 1407 3435 quatuor
1415 3370 1478 3419 sunt
1493 3364 1582 3435 capita
1596 3364 1624 3419 in
1640 3380 1707 3436 quae
1721 3364 1816 3421 llnrins

157 3458 230 3507 taxat
245 3452 280 3507 ad
300 3453 404 3509 crimen
420 3454 553 3524 pertinet;
570 3455 619 3509 sed
643 3454 716 3526 quod
743 3460 785 3509 est
808 3455 958 3509 sanctitatis
1007 3452 1052 3507 ille
1072 3451 1208 3518 dividitur,
1225 3453 1269 3524 qui
1285 3453 1319 3507 ad
1335 3452 1503 3523 irrigandum
1527 3452 1688 3524 paradisum
1704 3453 1741 3508 de
1755 3453 1815 3509 loca

156 3547 183 3596 et
199 3541 335 3608 bonitatis,
367 3543 440 3614 qnod
467 3542 628 3598 sinceritatis
657 3550 683 3598 ct
704 3541 856 3614 religionis,
885 3542 958 3614 quod
1007 3540 1153 3612 voluptatis
1169 3540 1320 3613 egreditur.
1337 3540 1554 3609 Videamusjam
1569 3540 1635 3613 qnid
1649 3541 1728 3598 dicat
1743 3540 1815 3598 Scri·

157 3630 373 3685 mansuetudinis
387 3639 414 3685 et
436 3631 554 3702 pictatis,
572 3631 645 3701 quod
669 3631 792 3701 puritatis
806 3638 833 3685 et
847 3631 957 3685 mnndi·
1007 3637 1089 3700 ptura
1102 3630 1136 3684 de
1152 3637 1268 3700 quatuor
1276 3627 1474 3699 capitibnsistis
1486 3646 1493 3682 ε
1506 3630 1612 3686 Nomen
1621 3631 1678 3686 ani
1692 3629 1813 3703 Phaseli,

156 3717 210 3787 tiae,
227 3717 255 3772 in
270 3734 302 3773 ca
316 3727 448 3774 versatur.
465 3717 532 3788 Quis
548 3719 629 3773 etiam
644 3727 708 3774 tunc
722 3727 804 3790 neget
819 3734 880 3773 eum
897 3734 958 3774 essa
1007 3717 1699 3788 nomcuaecandiflaaiiGyanmomcntertiiflavil
1706 3719 1814 3791 Typriu

157 3806 230 3876 apud
245 3814 281 3872 te,
302 3822 363 3862 cum
378 3806 444 3860 nihil
459 3806 511 3860 nisi
520 3808 593 3878 quod
601 3806 667 3862 utile
678 3814 719 3862 est
733 3807 880 3878 operaris?
891 3807 958 3863 Sunt
1008 3806 1111 3874 flavius
1121 3820 1184 3861 vero
1197 3808 1316 3877 quartae
1327 3808 1369 3860 est
1378 3804 1546 3877 Euphrates.
1561 3805 1597 3860 Et
1606 3805 1641 3860 de
1651 3805 1814 3877 Pbysondi·

156 3892 248 3964 itaque
263 3894 361 3965 quibus
375 3893 402 3947 in
416 3893 484 3949 cella
496 3893 599 3964 jugiter
613 3894 740 3961 intendis,
758 3895 803 3965 qni
825 3895 958 3951 habitator
1007 3894 1078 3948 citur
1091 3893 1164 3964 quod
1177 3892 1273 3949 circuit
1287 3907 1397 3947 omnem
1411 3901 1511 3948 terram
1525 3891 1645 3958 llvilath,
1673 3893 1709 3950 de
1734 3892 1813 3965 Gyan

156 3996 186 4036 es
202 3980 287 4047 cella,
304 3988 418 4052 quatuor
432 3981 559 4037 exercitia
573 3984 632 4038 hnc
655 3982 735 4038 lectio
758 3982 882 4038 studiosa
896 4000 956 4039 me·
1008 3982 1080 4053 quod
1096 3981 1192 4037 circuit
1217 3996 1325 4036 omnem
1348 3989 1450 4037 terram
1474 3981 1635 4053 AEthyopia,
1662 3989 1691 4037 et
1714 3980 1813 4055 Tygria

156 4068 251 4123 ditatio
265 4085 345 4139 pura,
362 4069 448 4125 oratio
463 4069 620 4137 medullata,
635 4070 705 4126 actio
719 4071 883 4127 neccssaria.
1007 4069 1081 4125 radit
1095 4077 1190 4126 contra
1205 4068 1345 4141 Assyrios.
1360 4070 1421 4125 Non
1444 4077 1534 4125 alitem
1549 4068 1651 4125 dicitnr
1667 4069 1744 4142 quod
1760 4070 1814 4125 llu-

854 4226 856 4233 .
1007 4159 1120 4227 phrates
1141 4157 1259 4229 aliquam
1284 4164 1386 4212 terram
1410 4158 1568 4227 circumeat,
1584 4157 1628 4213 rel
1642 4174 1700 4230 quo
1716 4158 1813 4224 vadat,

414 4231 612 4288 CAPITULUM
626 4232 702 4288 XVI·
1008 4245 1057 4300 sed
1072 4246 1245 4301 solummodo
1260 4244 1366 4314 dicitur,
1392 4246 1465 4317 quod
1489 4244 1588 4301 lluviua
1613 4254 1731 4317 quartus
1755 4246 1814 4317 ipsc

154 4347 192 4402 De
207 4347 449 4403 commendatione
464 4349 555 4413 cella,
573 4352 601 4403 et
623 4348 656 4403 dc
676 4352 798 4421 quotuor
816 4335 992 4419 capittbnsD
1006 4342 1048 4389 0⁵⁸
1068 4335 1231 4404 Euphfflles·
1256 4333 1329 4388 Num
1351 4332 1456 4405 aliqum
1478 4333 1592 4388 5⁸¹0l¹¹¹¹¹
1606 4333 1697 4391 ⁰¹10ae
1711 4335 1815 4392 dmum

189 4418 249 4474 illia
264 4421 295 4472 in
311 4435 372 4489 quta
385 4419 488 4486 ,lunias
500 4420 649 4484 diuiditur,
663 4422 710 4491 qai
725 4420 761 4474 ad
775 4419 956 4490 irriqondttm
1006 4422 1136 4478 csthon
1146 4423 1249 4493 utique.
1259 4421 1320 4476 Jam
1331 4438 1397 4494 ergo
1407 4422 1581 4478 intendamus
1590 4422 1644 4478 his.
1655 4421 1696 4479 Oa
1703 4423 1815 4496 pupilla

189 4489 354 4560 P‘lmdl‘wm
368 4489 401 4545 de
417 4490 475 4546 ²0⁶⁰
490 4490 643 4563 multasti
658 4489 811 4560 tysedim·
1005 4511 1097 4566 dicunt
1109 4525 1205 4565 sonare
1229 4511 1347 4582 Physon.
1373 4510 1408 4565 Et
1430 4510 1453 4566 si
1477 4511 1530 4566 hoc
1553 4525 1650 4566 rerum
1666 4519 1729 4579 eat,
1745 4510 1814 4568 aiom

191 4593 261 4664 Quid
276 4595 384 4662 melius,
408 4595 508 4667 quidve
528 4594 683 4664 jucundius,
710 4603 737 4650 tu
761 4595 806 4666 qui
821 4595 957 4650 habitator
1005 4598 1040 4653 ad
1054 4598 1182 4669 pupillam
1198 4597 1266 4653 risio
1277 4638 1284 4666 ,
1302 4597 1342 4654 sic
1365 4598 1447 4653 adca
1470 4598 1570 4654 locutio
1594 4597 1694 4655 referri
1708 4608 1815 4671 potest3

156 4682 233 4739 cellae
248 4699 287 4752 es,
305 4683 441 4738 aestimare
455 4684 550 4750 debes,
564 4699 645 4755 quam
656 4684 706 4738 has
721 4683 764 4737 die
775 4699 808 4738 ac
822 4692 900 4738 nocte
915 4682 956 4738 di·
1006 4701 1069 4740 nam
1084 4686 1111 4740 in
1128 4700 1174 4740 ore
1188 4686 1281 4757 lingua
1291 4694 1333 4741 est
1346 4702 1399 4757 qua
1408 4685 1554 4758 loquimur,
1565 4685 1601 4741 ‘in
1616 4687 1700 4744 oculo
1712 4688 1817 4760 pupilla

154 4771 273 4844 ligenter
287 4771 425 4827 alternare
440 4772 537 4827 vices?
551 4772 621 4828 Sane
636 4778 692 4826 tam
707 4770 786 4827 dulce
802 4771 851 4826 tibi
866 4771 956 4825 inten-
1006 4791 1058 4846 qua
1073 4773 1208 4829 videmus.
1225 4773 1260 4828 Et
1275 4773 1321 4828 ubi
1332 4773 1404 4844 quod
1418 4789 1511 4829 vemm
1528 4781 1569 4828 est
1584 4774 1723 4844 ridemus,
1739 4792 1776 4833 ne
1788 4777 1816 4832 in

154 4860 219 4915 dere
234 4860 286 4929 his,
304 4868 459 4932 tantamque
470 4860 497 4914 iu
508 4875 673 4932 unoquoque
688 4875 781 4916 eorum
797 4860 957 4915 suavitatem
1006 4862 1123 4933 caligine
1139 4861 1265 4918 falsitatis
1278 4863 1449 4927 aberremus,
1467 4861 1519 4916 nisi
1534 4861 1562 4917 in
1583 4863 1709 4920 studiosa
1732 4880 1815 4921 sacra

153 4947 270 5016 invenis,
294 4957 322 5002 ιιι
350 4949 460 5020 quando
488 4949 535 5003 uni
561 4949 689 5014 intendis,
719 4948 766 5004 rix
780 4949 815 5004 ab
830 4964 862 5003 eo
877 4947 956 5004 erclli
1006 4950 1154 5020 Scripturas
1169 4949 1628 5021 lectione?thnandoexordinia
1642 4951 1816 5026 indulgentia

153 5036 244 5105 possis
258 5043 288 5090 ut
302 5036 337 5090 ad
352 5037 425 5091 aliud
439 5037 565 5093 accedas.
590 5038 631 5092 Eo
655 5037 742 5110 magis
767 5037 876 5109 singula
898 5038 957 5094 haec
1006 5038 1103 5094 diebus
1118 5037 1195 5093 lestis
1210 5038 1326 5093 locuturi
1340 5037 1529 5103 convenimus,
1541 5039 1614 5094 unde
1627 5055 1725 5111 quaeso
1741 5041 1816 5114 loqui

155 5122 203 5177 tibi
219 5139 315 5193 sapere
330 5133 357 5179 et
376 5125 535 5181 dulcescere
557 5124 651 5192 sentis,
677 5142 731 5197 quo
755 5126 842 5196 magis
863 5142 956 5180 eorum
1006 5127 1148 5194 debemus,
1164 5126 1216 5181 nisi
1232 5127 1266 5182 dc
1281 5127 1315 5181 iis
1330 5142 1391 5197 quae
1405 5125 1485 5182 lectio
1500 5126 1528 5181 in
1543 5142 1572 5182 se
1588 5128 1712 5184 continet
1728 5145 1814 5187 sacra

69 5269 73 5276 ,
154 5227 281 5282 saporem
297 5220 322 5266 et
337 5213 509 5269 dulcedinem
524 5229 574 5269 nec
589 5221 645 5267 tam
654 5229 728 5285 saepe
738 5230 821 5285 quam
836 5230 955 5285 semper,
1006 5214 1175 5285 Scripturas?
1190 5214 1712 5286 lleritoperosetpupillam,studium
1728 5233 1815 5275 sacrae

153 5315 204 5355 nec
219 5308 274 5353 tam
288 5299 443 5371 [requenter
459 5317 541 5372 quam
564 5301 752 5357 indesinenter
775 5302 904 5372 percipis.
922 5302 957 5355 Et
1006 5301 1130 5358 lectionis
1146 5303 1317 5373 exprimitur,
1334 5301 1362 5356 in
1377 5318 1428 5373 qua
1452 5302 1498 5356 lux
1512 5301 1599 5375 fulget
1613 5304 1753 5375 veritatis,
1768 5322 1816 5379 per

154 5388 265 5460 quidem
278 5388 400 5445 comedis
416 5397 442 5444 et
457 5390 527 5445 bibis
542 5406 604 5446 cum
618 5391 661 5447 his
683 5391 804 5446 studiose
818 5389 955 5459 intendis;
1007 5407 1088 5462 quam
1114 5391 1154 5477 ad¹
1174 5391 1323 5448 claritatem
1342 5390 1521 5466 pertingimus
1544 5391 1691 5450 luminosae
1715 5395 1815 5475 cogni·
