3742 5986
160 208 212 266 327
408 203 436 258 S.
465 199 644 258 BRUNONIS
673 195 996 257 CARTHUSIANORUM
1023 197 1267 261 INSTITUTORIS
1296 202 1372 260 OPP.
1402 203 1490 262 PARS
1518 204 1554 260 ll.
1756 206 1809 261 328

161 329 253 387 omnia
265 328 327 385 dico
343 328 374 383 in
403 325 511 382 Christo
529 328 595 382 teau
604 345 614 393 ,·
629 325 656 379 in
683 325 743 396 ipso
765 325 848 390 enim,
871 331 898 378 et
910 338 959 393 per
971 322 1102 398 Aprope,
1124 327 1229 399 utrique
1245 329 1276 383 in
1292 329 1401 386 Christo
1410 332 1485 395 deso,
1502 329 1529 384 id
1543 336 1585 385 εει
1598 345 1648 400 per
1667 327 1807 384 Christum

163 420 263 492 ipsum,
280 417 338 472 haec
353 414 444 469 omnia
459 414 485 467 in
496 413 576 469 nobis
587 419 716 483 operatur
730 414 814 468 Deus.
831 412 895 466 ldeo
909 426 957 467 vo·
1000 414 1108 470 iesum.
1129 417 1163 471 Et
1178 417 1314 489 quomodo
1328 433 1377 489 per
1406 417 1542 473 Christum
1570 418 1733 475 determinat
1749 436 1756 474 z
1772 414 1806 476 ln

162 505 371 563 luitDeusbaec
386 501 573 557 notaberihis
588 500 727 571 quierant
747 499 840 564 futuri.
857 507 884 554 ut
912 498 957 553 in·
1007 505 1153 576 sanquine,
1170 504 1197 558 id
1213 512 1254 560 est
1268 521 1318 576 per
1343 504 1502 561 effusionem
1527 506 1667 578 sanguinis
1682 508 1802 566 Christi.

163 594 300 667 telligeret
314 593 395 645 homo
407 597 508 662 quanta
524 588 558 658 (si
572 588 663 659 vellet)
678 604 790 659 sperare
805 594 900 658 posset
923 587 958 641 de
1008 591 1105 646 Probat
1114 592 1148 647 de
1162 601 1286 664 utroque,
1303 593 1352 647 sed
1367 593 1401 649 de
1415 593 1516 649 Judaeis
1539 595 1665 665 primum,
1685 597 1781 653 dicens
1796 618 1806 655 .·

164 682 283 738 bonitate
297 679 358 734 Dei.
375 678 455 733 ttodo
468 677 543 747 ponit
558 676 623 730 illud
638 676 712 747 quod
730 675 855 731 meritum
878 673 957 730 vide·
1008 680 1079 735 Vere
1090 680 1152 735 lacti
1162 681 1228 738 ostis
1239 697 1323 752 prope
1334 681 1453 748 Judaeos,
1465 683 1598 754 qaicipse
1609 683 1683 739 Deus
1693 689 1736 740 est
1744 704 1805 758 pcc

136 809 141 819 .
163 780 207 826 tur
222 767 349 832 hominis,
367 765 394 820 id
409 763 547 832 estbdem,
564 771 590 818 ει
600 764 724 818 meritum
734 779 789 818 non
799 778 861 817 esse
871 770 960 817 osten·
1008 768 1156 834 nostruin
1170 776 1211 823 est
1230 768 1382 838 pacificavit
1396 786 1447 825 nos
1461 769 1555 835 simul,
1574 770 1691 843 gentiles
1706 779 1734 827 et
1754 773 1805 829 Ju-

162 859 210 914 dit.
227 858 298 913 Vere
312 855 339 909 in
351 853 479 918 bonitate,
489 869 557 907 nom
573 868 620 906 vos
634 868 685 923 per
708 852 832 923 gretiam
842 850 956 916 aelecti,
1008 854 1093 924 daeos,
1109 858 1158 928 qai
1169 856 1243 911 Deus
1259 857 1332 926 facit
1344 861 1473 929 atraque,
1483 856 1511 912 id
1519 857 1690 914 estJudaeum
1704 868 1806 931 etgoo.

161 947 190 1002 id
205 953 246 1000 est
257 942 396 1013 justificati
418 940 492 996 estis.
523 939 649 995 Concedo
677 938 756 993 etiam
782 945 811 992 ut
839 952 959 1008 apponas
1008 943 1093 1010 tilem,
1110 960 1200 999 anam
1210 959 1260 1015 per
1275 944 1403 999 unitatem
1427 945 1491 1000 tidei
1514 952 1541 1000 et
1555 962 1662 1001 morum
1677 955 1704 1002 et
1723 949 1808 1004 sacri-

163 1050 214 1106 per
228 1032 310 1101 fidem
324 1028 454 1098 ,·etenim,
466 1027 492 1082 id
507 1035 548 1082 est
563 1024 631 1081 fides
640 1042 695 1081 non
711 1033 752 1080 est
767 1042 799 1080 ex
809 1024 887 1081 vobis
893 1040 957 1095 pro·
1008 1030 1071 1086 ficii.
1085 1033 1173 1087 Unum
1185 1040 1275 1086 autem
1290 1033 1342 1087 hoc
1356 1032 1438 1087 modo
1455 1047 1461 1085 :
1475 1035 1583 1090 solvens
1593 1035 1731 1106 parictem
1742 1053 1805 1093 mo.

163 1119 330 1176 merentibus
346 1106 374 1170 ut
387 1115 467 1170 fidem
482 1113 617 1170 habeatis.
634 1115 704 1170 Vere
718 1113 786 1168 fides
796 1130 853 1169 non
869 1119 909 1167 est
921 1128 959 1168 ec
1009 1119 1097 1185 dium,
1112 1119 1140 1174 id
1151 1127 1192 1174 est
1206 1120 1252 1190 qui
1266 1120 1294 1174 in
1304 1119 1393 1175 medio
1404 1120 1517 1190 positus,
1533 1120 1649 1177 alterum
1658 1123 1805 1194 separabat

163 1209 248 1274 vobis,
261 1222 325 1261 narn
339 1213 381 1260 est
395 1203 497 1258 donum
507 1202 567 1270 Dei,
584 1210 611 1256 et
633 1217 687 1257 non
703 1218 736 1256 ex
760 1201 886 1272 operibus
908 1215 959 1256 ve·
1009 1207 1043 1260 ab
1058 1211 1150 1263 attero.
1162 1206 1283 1263 238
1294 1208 1343 1263 llic
1353 1208 1445 1279 paries
1458 1208 1506 1263 luit
1520 1225 1553 1264 ex
1562 1218 1640 1280 parte
1648 1210 1805 1267 Judaeorum

164 1297 237 1353 stris.
254 1297 288 1350 Et
300 1295 363 1350 idoo
376 1294 451 1348 Deus
461 1291 551 1346 omnia
566 1306 599 1345 ex
613 1291 712 1362 gratia,
729 1298 755 1345 et
769 1290 835 1344 nihil
849 1306 882 1344 ex
897 1305 960 1360 ope·
1009 1295 1216 1351 observationes
1244 1312 1338 1350 eorum
1351 1314 1359 1363 3
1374 1311 1407 1350 ex
1435 1304 1511 1367 parte
1538 1297 1691 1371 gentilium,
1717 1299 1806 1355 cultus

164 1385 239 1441 ribus
248 1398 310 1439 εεεε
325 1381 419 1447 voluit,
430 1384 463 1434 at
474 1394 532 1434 noe
542 1379 715 1449 uerteretur
728 1378 840 1450 oliqais.
858 1376 959 1432 Videris
1009 1382 1152 1438 idolorum.
1169 1384 1202 1438 Et
1216 1384 1287 1438 hunc
1299 1383 1432 1455 parietem
1446 1399 1539 1440 eorum
1555 1385 1643 1454 solvit,
1658 1385 1724 1440 dum
1743 1385 1806 1443 ido·

163 1473 236 1529 enim
250 1469 341 1541 angeli
355 1484 449 1524 casum
465 1474 491 1522 et
508 1465 626 1521 hominis
651 1465 735 1520 luisse
759 1482 793 1520 ex
821 1463 958 1535 superbia,
1009 1470 1143 1525 lolatriam
1153 1479 1179 1525 et
1194 1471 1262 1526 ritus
1271 1471 1400 1527 Judaicos
1416 1473 1565 1528 evacuavit.
1590 1473 1726 1529 Parietem
1745 1473 1807 1530 dico

164 1561 278 1616 multum
302 1572 457 1629 precavere
483 1555 568 1611 voluit
595 1553 735 1609 hominia
762 1552 897 1624 superbia·
925 1552 961 1606 Ει
1009 1560 1151 1615 macerie.
1164 1559 1283 1615 blaceria
1297 1559 1403 1626 dicitur,
1427 1561 1576 1615 secundum
1598 1561 1742 1633 quosdam,
1757 1576 1806 1632 pa·

164 1649 233 1706 sicut
247 1647 357 1702 lidesex
370 1645 442 1699 dono
461 1643 522 1711 Dei,
548 1643 587 1698 sic
614 1658 698 1712 opera
725 1658 787 1714 quae
808 1641 888 1695 iidem
913 1655 996 1726 ,ιε-Β
1011 1646 1065 1700 ries
1083 1644 1198 1701 firmiter
1221 1655 1378 1718 compactus
1401 1655 1428 1701 et
1456 1662 1606 1703 connexus.
1639 1649 1689 1704 ttic
1715 1649 1807 1720 paries

168 1743 287 1808 quuntur
301 1749 349 1804 per
364 1731 479 1805 gratiam
496 1730 636 1785 Dei.Bene
651 1729 722 1794 dico,
738 1734 817 1785 atne
830 1728 960 1801 patagio·
1010 1741 1070 1789 erat
1085 1734 1214 1801 maceria,
1223 1734 1251 1789 id
1266 1743 1307 1789 est
1321 1734 1397 1790 sortis
1412 1743 1438 1789 et
1452 1735 1487 1790 ad
1508 1735 1706 1791 destruendum
1733 1735 1807 1792 diffi-

166 1826 259 1881 rietar
277 1822 303 1875 in
319 1819 392 1887 side,
410 1835 475 1874 nam
487 1819 568 1874 etiam
582 1818 609 1873 in
623 1817 752 1888 operibus
768 1833 828 1888 quae
843 1831 961 1888 sequun·
1010 1820 1081 1886 cilis,
1097 1822 1262 1893 quiaJudaei,
1279 1821 1439 1879 auctoritate
1462 1822 1532 1895 legis
1547 1831 1574 1879 et
1601 1825 1805 1894 prophetarum,

164 1920 207 1967 tur
220 1909 311 1978 fidem,
327 1923 382 1964 non
392 1907 500 1978 reliquit
515 1908 588 1962 Deus
603 1905 706 1961 homini
714 1905 786 1960 unde
794 1911 888 1975 posset
897 1903 960 1976 glo·
1009 1908 1078 1964 ritus
1093 1926 1157 1965 suos
1178 1911 1331 1966 tuebuntur,
1362 1909 1464 1965 Gentes
1483 1918 1583 1977 autom,
1613 1926 1663 1983 por
1690 1911 1808 1983 pudoso

164 1998 241 2054 riari.
258 1997 339 2066 Quod
349 1996 389 2051 sic
402 1995 438 2050 ait
455 1996 528 2050 :llos
545 2010 643 2050 samaa
664 1993 879 2064 sactoraipsict
899 1991 960 2060 Dei,
1009 1997 1110 2069 phiam,
1128 2013 1207 2052 suum
1221 1998 1259 2069 (in
1274 2013 1328 2069 quo
1349 1997 1421 2053 male
1445 2001 1653 2069 consueverant)
1676 1998 1808 2056 delenda·

165 2103 227 2144 cum
242 2085 343 2141 nihilin
359 2084 431 2139 bono
442 2098 565 2138 essemus
581 2084 671 2138 crecti
688 2082 719 2135 in
740 2079 858 2148 Christo,
877 2078 962 2133 idest
1010 2084 1075 2140 bunt
1092 2084 1155 2150 ;vel
1178 2085 1275 2141 dicitur
1295 2086 1414 2141 maceria
1429 2087 1574 2159 congeries
1600 2086 1720 2158 lapidum
1748 2087 1807 2145 sinc

164 2191 213 2246 per
232 2173 368 2228 Christum
382 2173 476 2225 lesum
490 2171 522 2226 itt
542 2170 620 2225 bonit
634 2168 771 2241 operibat,
793 2183 854 2238 ttoe
876 2180 962 2236 0pe1't
1010 2180 1145 2228 coemento
1160 2173 1396 2245 congregatasic
1412 2173 1456 2228 ille
1470 2175 1560 2244 paries
1575 2173 1623 2229 luit
1633 2175 1769 2242 maceriae,
1779 2174 1808 2230 id

164 2250 337 2335 preparavit
368 2260 442 2315 nobis
467 2259 549 2323 Deus,
570 2261 603 2312 at
623 2259 654 2312 ia
685 2257 746 2311 tttts
772 2254 960 2318 ambulemus,
1011 2268 1052 2315 est
1066 2259 1165 2315 debilis
1179 2269 1205 2315 et
1232 2260 1339 2316 Christo
1362 2261 1430 2316 levis
1444 2262 1479 2316 ad
1493 2261 1667 2330 diruendum,
1688 2271 1719 2319 ut
1733 2263 1807 2320 sicca

163 2366 213 2421 per
228 2365 289 2404 eum
302 2345 477 2419 proficiamus
492 2353 518 2400 et
535 2360 702 2401 crescamus
719 2342 777 2409 Vel,
794 2346 909 2414 [actara
928 2341 963 2395 sit
1012 2346 1191 2420 congregatio
1204 2347 1334 2418 lapidum,
1346 2357 1382 2415 et,
1399 2349 1487 2404 soluto
1505 2349 1807 2421 mediopariate,soloit

163 2437 305 2503 ablativus,
322 2435 357 2490 ita
369 2433 481 2500 lactura,
506 2432 535 2487 id
558 2442 599 2488 est
617 2448 667 2503 per
686 2430 819 2487 iacturam
839 2428 889 2485 Dei
912 2445 958 2483 su·
1010 2435 1043 2491 in
1058 2452 1145 2492 corne
1158 2451 1299 2507 nunquam
1313 2436 1461 2507 assumpsit
1474 2438 1643 2494 inimicitias
1664 2437 1809 2510 utriusque

162 2542 223 2580 mus
237 2526 328 2581 creati
337 2524 368 2578 in
376 2521 495 2578 Christo.
510 2519 583 2575 Nihil
598 2520 637 2574 ibi
651 2527 778 2573 mutatur.
1010 2524 1113 2593 populi.
1130 2523 1283 2579 Destructis
1307 2524 1380 2579 enim
1403 2523 1498 2579 ritibus
1526 2525 1612 2581 ludaei
1638 2533 1665 2581 et
1684 2525 1805 2597 gentilis,

199 2611 278 2681 Quod
286 2626 368 2681 supra
387 2610 442 2665 ait:
459 2610 517 2665 Nos
531 2608 631 2663 luimus
645 2606 802 2678 inpeccatis
817 2605 885 2660 sicut
900 2618 961 2674 vos,
1008 2611 1063 2680 jum
1084 2626 1138 2666 non
1164 2619 1221 2666 orat
1246 2611 1318 2666 undo
1341 2611 1545 2668 inimicarentur
1572 2611 1634 2668 sibi,
1662 2611 1808 2681 Quomodo

165 2700 247 2757 modo
262 2698 425 2753 determinat
443 2697 538 2753 dicens
556 2696 665 2751 Judaeos
681 2711 736 2750 non
758 2702 812 2748 tam
841 2692 962 2765 graviter
1012 2698 1122 2754 solverit
1130 2698 1286 2753 inimicitias
1301 2699 1420 2753 ostendit
1434 2698 1461 2752 in
1476 2707 1552 2770 parte
1561 2699 1726 2767 Judaeorum,
1739 2716 1807 2772 quo·

163 2803 305 2861 peccasse,
316 2785 386 2841 sicul
400 2783 528 2857 gentiles,
553 2783 602 2839 sed
616 2782 680 2838 licet
703 2789 764 2836 ante
783 2780 864 2836 fldem
880 2778 962 2834 ellam
1011 2786 1242 2859 rumrallomagis
1251 2787 1425 2857 oppugnabat
1440 2806 1447 2852 3
1463 2787 1585 2860 sedquiu
1594 2789 1722 2860 gentibus
1733 2789 1809 2845 nullu

164 2876 232 2933 viles
258 2873 344 2929 Judaei
367 2871 588 2928 abominarentur
615 2869 742 2942 gentiles,
770 2870 844 2923 Deus
872 2874 962 2920 tamen
1011 2875 1077 2930 rucio
1092 2882 1160 2940 oruc,
1170 2873 1205 2929 do
1219 2873 1261 2929 his
1276 2874 1342 2928 nihil
1360 2874 1487 2930 subdidit,
1503 2875 1618 2931 soluens
1640 2875 1806 2944 inimicitius,

165 2964 223 3020 sine
238 2962 403 3018 discretione
416 2975 597 3032 personarum
611 2956 764 3029 parificavit
774 2972 831 3022 cos,
843 2970 898 3010 non
907 2953 961 3009 illis
1013 2963 1077 3035 quia
1085 2979 1224 3019 evacuans
1232 2964 1319 3034 legem
1325 2963 1474 3018 carnalium
1486 2965 1698 3034 mandatorum,
1713 2964 1809 3021 decre-

165 3052 210 3125 qui
226 3050 301 3122 prius
320 3050 507 3120 improperant
520 3046 570 3112 eis,
586 3046 634 3100 sed
654 3045 754 3100 sanctis
773 3041 956 3115 acoertettis·
1012 3052 1058 3120 tte,
1073 3051 1100 3105 ia
1115 3058 1156 3106 cst
1169 3050 1238 3105 datis
1246 3050 1380 3105 mandatis
1391 3049 1594 3108 causer-ctione
1608 3051 1735 3120 inventis,
1746 3052 1809 3109 ideo

165 3142 254 3212 litper
265 3136 475 3209 bocprobateos
489 3143 515 3190 et
531 3133 625 3207 gratim
636 3133 686 3188 Dei
696 3132 808 3187 multum
816 3129 960 3196 obnoxios,
1011 3154 1158 3205 ouuouans,
1175 3139 1238 3194 hino
1253 3138 1354 3211 logum,
1370 3138 1433 3194 indo
1448 3139 1564 3206 idolum,
1581 3144 1614 3196 uc
1630 3140 1709 3207 dm,
1725 3140 1754 3195 id
1769 3147 1811 3197 osc

134 3270 140 3280 .
166 3237 193 3284 et
208 3228 282 3299 quod
301 3225 335 3281 de
357 3226 526 3280 intremenlO
546 3222 665 3291 justiti&
693 3237 787 3277 secuse
811 3220 835 3274 si
856 3219 960 3284 VOltffll,
1010 3226 1168 3282 Judcumet
1181 3226 1320 3300 gentilem,
1328 3228 1432 3283 condat
1444 3228 1634 3300 atramgaein
1642 3230 1808 3301 semetipsa·

164 3322 280 3387 possunt
293 3313 427 3378 laborare,
442 3311 537 3368 dicens
554 3328 560 3366 :
578 3312 695 3383 Propter
704 3309 784 3383 qaod,
801 3315 829 3363 ut
843 3323 879 3363 ne
899 3307 961 3378 quii
1011 3318 1037 3365 et
1049 3310 1114 3381 quia
1128 3311 1155 3365 in
1170 3327 1200 3365 se
1222 3311 1341 3366 condere
1365 3319 1457 3381 posset
1482 3311 1572 3366 adhuc
1585 3310 1688 3367 divisos
1716 3311 1804 3367 addit.

164 3411 284 3460 vestrum
295 3403 444 3472 glorietur,
461 3403 549 3456 estote
563 3414 700 3455 mernores
714 3397 786 3470 qaod
810 3394 962 3467 aliquando
1013 3398 1130 3465 Condat,
1146 3397 1268 3469 inquam,
1288 3400 1398 3469 socie-ns
1418 3414 1525 3470 pacem,
1552 3397 1579 3453 id
1592 3407 1634 3453 εει
1659 3398 1806 3471 pacificans

166 3495 289 3564 tempore
303 3482 470 3545 inlidelit'atis
485 3505 530 3544 vos
545 3491 654 3560 gentes,
665 3486 691 3541 id
702 3485 820 3541 esttales
831 3479 961 3554 qualesin
1011 3501 1060 3541 eos
1074 3485 1125 3540 sibi
1140 3486 1269 3542 vicissim.
1285 3487 1320 3540 Et
1335 3485 1362 3540 in
1376 3501 1430 3556 quo
1451 3501 1547 3556 pacem
1569 3485 1675 3557 lecerit,
1692 3487 1783 3542 subdit
1799 3504 1806 3541 ε

162 3588 277 3651 peccato
286 3577 371 3650 geniti
381 3577 463 3632 eratis
479 3578 510 3631 ia
526 3591 622 3644 corne,
633 3574 661 3629 id
674 3583 716 3629 εει
730 3573 758 3627 in
769 3570 897 3642 operibus
906 3584 963 3623 car·
1011 3575 1129 3630 Faciem
1142 3590 1241 3645 pacem
1255 3573 1317 3630 dico
1332 3575 1364 3628 in
1388 3589 1418 3628 se
1432 3590 1488 3629 ano
1503 3591 1572 3630 novo
1587 3575 1709 3632 bomine.
1719 3575 1807 3641 Novo,

164 3668 216 3722 nis.
229 3669 284 3724 Vos
295 3667 357 3722 dico
371 3666 420 3738 qai
434 3665 616 3736 preputium.
633 3662 662 3717 id
671 3670 713 3717 est
732 3660 792 3731 ipsa
814 3655 962 3712 immundi·
1011 3662 1074 3734 quia
1088 3663 1169 3717 homo
1184 3661 1288 3735 gratita,
1311 3661 1372 3717 ideo
1387 3677 1475 3728 novo;
1486 3662 1558 3734 quia,
1574 3661 1598 3716 si
1612 3670 1686 3719 esset
1699 3662 1807 3736 legalis,

164 3755 202 3810 tia
216 3754 386 3810 dicebamini
400 3753 433 3807 cb
444 3767 478 3806 ec
492 3749 716 3815 circumcisione,
734 3747 763 3802 id
786 3753 827 3802 est
849 3743 961 3809 JudaeiS,
1012 3750 1151 3820 oppositus
1166 3757 1240 3804 esset
1254 3749 1348 3823 gentili
1363 3768 1370 3816 ;
1386 3749 1410 3804 si
1425 3749 1522 3805 iterum
1536 3749 1655 3823 gentilis,
1666 3750 1807 3823 oppositus

165 3857 226 3915 quae
240 3841 337 3895 dicitnr
360 3837 540 3904 circumcisio,
561 3837 588 3892 id
608 3843 649 3891 est
672 3836 730 3907 ipsa
753 3833 894 3889 munditia·
928 3831 964 3885 El
1012 3846 1085 3892 esset
1098 3837 1202 3903 Judaeo,
1213 3845 1239 3892 ει
1253 3845 1349 3893 neuter
1363 3838 1528 3893 consentiret
1543 3837 1652 3894 inimico
1667 3853 1727 3895 suo.
1741 3839 1808 3894 Pro·

164 3928 231 3984 nihil
245 3935 297 3994 est,
313 3927 377 3998 quia
391 3926 450 3982 haeo
465 3924 637 3981 circumcisio
650 3923 678 3978 in
692 3938 774 3978 carue
789 3929 846 3977 erat
858 3935 913 3975 non
934 3917 963 3973 in
1012 3925 1084 3980 bavit
1099 3926 1173 3996 quod
1188 3925 1296 3999 gentilis
1311 3925 1344 3979 ait
1357 3941 1443 3996 prope
1465 3925 1602 3991 Judaeum3
1618 3927 1715 3998 probat
1729 3942 1809 3982 eum-

164 4015 259 4086 corde,
275 4018 355 4085 scota
370 4013 452 4069 etiam
467 4028 557 4068 mano
571 4012 829 4082 cujuscunque‚non
839 4025 888 4080 per
898 4005 961 4077 Spi-
1011 4012 1074 4067 dem
1090 4029 1150 4069 esse
1164 4029 1249 4084 prope
1264 4014 1360 4077 Deum,
1378 4012 1487 4069 dicens:
1503 4013 1537 4067 Et
1550 4013 1612 4070 ideo
1626 4014 1736 4070 solvens
1756 4012 1810 4069 ini-

166 4104 246 4160 ritum
260 4111 394 4159 sanctum.
413 4101 549 4156 Memores
563 4100 642 4155 etiam
652 4107 738 4155 estote
752 4097 815 4170 quia
829 4098 880 4154 illo
892 4103 963 4156 tem·
1012 4100 1128 4155 micitias
1141 4105 1175 4155 at
1189 4100 1354 4157 reconciliet
1371 4103 1425 4157 Dec
1441 4103 1543 4167 ambos,
1557 4101 1586 4156 id
1599 4109 1641 4156 est
1650 4099 1774 4157 Judoeum
1783 4108 1810 4158 et

165 4209 234 4266 pore
246 4189 413 4247 infidelitatis
428 4190 515 4246 eratis
530 4189 592 4244 sine
616 4186 736 4253 cbristo,
757 4186 821 4259 quia
841 4187 964 4244 Christus
1013 4189 1143 4262 gentilem
1152 4189 1293 4260 copulatos
1306 4189 1338 4244 in
1349 4206 1407 4244 ano
1421 4205 1543 4262 corpore,
1553 4189 1627 4245 idest
1634 4189 1662 4244 in
1672 4187 1807 4247 Ecclesia.

166 4296 220 4337 non
236 4279 444 4352 promittebatur
457 4276 545 4334 vobis.
566 4275 653 4331 Eratis
671 4279 700 4331 et
723 4275 877 4331 alienatio
897 4293 962 4333 con·
1013 4276 1250 4333 Reconciliationis
1273 4278 1385 4332 modum
1410 4277 1513 4333 subdit.
1544 4275 1715 4335 Reccociticl
1735 4277 1807 4350 dico,

167 4368 433 4434 veracdoneltrcel,
449 4365 532 4421 idest
555 4363 662 4420 Judaici
680 4363 793 4436 populi;
812 4379 867 4419 non
890 4355 999 4420 enimD
1013 4366 1190 4435 interficiens
1213 4365 1272 4436 ipse
1283 4364 1406 4420 Christus
1419 4367 1451 4420 ia
1472 4366 1622 4438 semetipso
1640 4365 1811 4422 inimicitias

166 4464 231 4512 tunc
251 4455 485 4512 conversabantur
507 4453 602 4520 vobis;
632 4452 685 4519 vel,
703 4451 725 4506 si
745 4450 815 4507 lorte
834 4468 895 4507 cum
924 4453 964 4509 cis
1016 4469 1075 4524 quae
1095 4461 1172 4508 erant
1186 4453 1256 4508 inter
1268 4453 1356 4507 Deum
1371 4461 1397 4508 et
1407 4452 1554 4508 hominem.
1565 4453 1606 4508 lta
1616 4455 1647 4509 in
1659 4453 1808 4525 semetipso

166 4542 412 4612 conversabamini,
428 4540 614 4613 utproselyti3
630 4539 712 4596 oratis
736 4539 859 4610 hospites
873 4544 963 4598 testi·
1014 4541 1088 4614 qnod
1100 4556 1149 4611 per
1163 4556 1282 4607 crucem,
1299 4540 1327 4595 id
1342 4549 1382 4596 est
1396 4557 1446 4612 per
1459 4548 1573 4596 mortem
1588 4541 1687 4598 crucis.

166 4636 340 4699 mentorm,
356 4631 438 4686 idest
452 4628 601 4696 instabiles,
627 4627 655 4682 id
682 4634 724 4682 εει
751 4626 833 4681 modo
857 4636 962 4696 euntes,
1049 4628 1113 4683 llaec
1127 4636 1217 4683 autem
1230 4628 1319 4684 omnia
1332 4645 1427 4700 parum
1448 4629 1621 4700 prodessent,
1637 4628 1690 4684 nisi
1710 4626 1812 4700 pradi-

165 4720 247 4777 modo
262 4720 408 4776 redeuntes
430 4719 465 4774 ad
488 4717 579 4791 legem
598 4713 779 4772 ducebamini.
802 4713 964 4771 Testamen-
1014 4723 1075 4772 cata
1090 4715 1265 4785 sorent,·ideo
1279 4716 1353 4771 addit
1368 4734 1376 4770 ε
1392 4717 1428 4772 bt
1440 4716 1499 4787 ipse
1513 4717 1637 4772 Christus
1655 4715 1811 4773 beniamin

164 4815 253 4871 torum
269 4808 331 4864 ideo
346 4807 491 4880 pluraliter
500 4804 574 4870 dicit,
587 4803 652 4877 quia
661 4805 769 4874 lloyses
780 4817 869 4872 suum,
881 4803 964 4860 lsaias
1014 4819 1124 4859 carnem
1134 4805 1336 4876 evangelizavit
1346 4820 1397 4875 per
1411 4803 1551 4876 apostolos
1564 4820 1662 4877 pacem
1673 4805 1709 4860 ad
1721 4805 1811 4861 Deum

167 4912 255 4963 suum,
272 4905 299 4953 et
308 4896 421 4968 quilibet
434 4893 567 4966 propheta
581 4908 660 4947 suum
673 4892 791 4950 babebat
801 4894 964 4950 Testamen·
1013 4891 1162 4947 restitutam
1177 4889 1250 4948 cobis
1273 4892 1410 4965 gentibus,
1434 4894 1482 4965 qai
1497 4893 1577 4965 longe
1598 4894 1696 4964 (abac
1709 4908 1724 4947 a
1739 4893 1809 4959 Deo,

168 4990 236 5038 tum.
251 4984 342 5040 Eratis
357 4984 437 5040 etiam
452 4991 516 5037 tunc
531 4997 589 5036 non
603 4981 736 5038 babentes
752 4998 828 5055 apem
841 4981 963 5055 promia·
1014 4980 1076 5052 quia
1088 4979 1145 5035 sine
1161 4980 1267 5035 Christo
1281 4987 1308 5035 et
1323 4981 1380 5036 sine
1401 4980 1460 5036 Deo
1475 4980 1503 5036 in
1516 4982 1569 5038 hoc
1583 4979 1685 5036 mundo
1714 4979 1808 5037 eratis.

166 5071 255 5127 aionis
265 5070 343 5128 factae
356 5072 390 5127 ad
405 5070 550 5137 Abraham,
567 5083 619 5125 nec
628 5069 699 5123 enim
710 5068 809 5126 licebat
818 5079 882 5126 tunc
897 5084 965 5142 gen·
1013 5066 1217 5140 Evangelizavit
1230 5070 1319 5124 ctiam
1345 5084 1441 5139 pacem
1461 5069 1516 5138 bis,
1540 5068 1568 5123 id
1581 5076 1622 5123 est
1633 5068 1744 5135 Judaeis,
1762 5065 1812 5140 gai

166 5157 239 5213 tibus
255 5174 368 5230 sperare
383 5159 498 5214 salutem
515 5175 523 5225 3
539 5164 566 5212 et
580 5157 664 5212 eratis
678 5159 740 5214 sice
755 5160 819 5227 Deo,
836 5156 911 5213 idola
920 5157 966 5212 ad·
1012 5172 1097 5230 prope
1111 5161 1203 5223 ercet,
1214 5156 1276 5229 quia
1290 5156 1377 5212 Deum
1392 5155 1530 5212 colebant.
1545 5156 1603 5212 Hoc
1611 5154 1760 5228 praedicare
1771 5153 1812 5210 le·

166 5254 284 5303 orantes.
301 5248 358 5304 tos
370 5246 431 5302 dico
442 5248 473 5302 in
488 5247 538 5302 boc
553 5243 668 5312 mando
681 5245 709 5301 id
723 5253 765 5301 est
778 5247 821 5301 his
844 5244 963 5300 munda·
1014 5243 1059 5311 cit,
1072 5244 1204 5317 quoniam
1218 5245 1369 5317 peripsam
1379 5244 1516 5299 Christum
1531 5243 1611 5299 ambo
1620 5250 1647 5299 et
1663 5242 1772 5299 Judoeus
1784 5250 1812 5298 et

164 5335 208 5392 nia
222 5336 402 5393 adherentes.
420 5333 492 5392 Olim
507 5332 547 5391 sic
561 5333 652 5402 eratis,
681 5334 729 5391 aed
747 5353 823 5392 nanc
843 5350 898 5402 vos,
915 5334 965 5405 gui
1014 5331 1132 5405 gentilis,
1149 5333 1281 5389 habemas
1296 5348 1440 5389 accessam
1455 5332 1492 5388 cd
1507 5335 1623 5388 Patrem
1642 5332 1741 5400 Deum,
1755 5345 1813 5388 non

165 5424 320 5497 almerado
334 5424 422 5484 croth
437 5425 517 5498 tcnpe
531 5439 547 5478 a
559 5423 676 5480 Deceta
690 5423 799 5492 Judoeia,
811 5423 885 5497 sceti
896 5421 965 5479 estis
1013 5421 1094 5478 ambo
1103 5419 1185 5493 positi
1197 5421 1229 5477 tn
1236 5437 1293 5479 aco
1304 5421 1415 5493 Spiritu
1422 5418 1495 5489 tidei,
1512 5435 1575 5478 oum
1587 5418 1632 5477 hic
1645 5417 1724 5492 prius
1738 5423 1815 5477 essct
