3742 5986
63 178 117 233 677
479 126 484 132 ο
734 166 1035 224 CONSUETUDINES.
1658 166 1711 224 d'ld

101 304 128 358 l.
144 302 219 372 Ergo
232 313 285 372 ego
300 298 395 354 relicta
409 296 479 352 cella
493 309 565 363 mea,
580 294 699 351 claustro
713 307 785 358 mee,
801 299 828 347 et
842 291 907 364 quid
920 290 1113 363 proposuerim
1128 289 1238 357 oblitus,
1247 298 1359 363 propter
1373 308 1525 365 gyrovagos
1540 291 1709 367 gyrovagus,

64 407 176 473 propter
189 395 357 469 paltonarios
374 393 553 466 paltonarius,
570 399 597 449 ει
611 396 722 462 propter
745 388 932 461 suscipiendos
957 388 1164 461 pascendosque
1189 390 1334 446 saeculares
1358 389 1459 447 eiiiciar
1485 392 1647 448 saecularis?
1661 393 1712 459 llll,

63 495 103 552 illi
125 495 178 567 ipsi
201 501 264 550 εεει
286 492 376 563 ροιιεε
390 498 419 545 ει
434 497 585 561 coeperunt,
600 488 786 558 mundumque
808 485 983 553 circumeunt,
1000 502 1035 542 ne
1050 485 1074 541 si
1087 493 1114 541 et
1128 502 1180 558 ego
1196 485 1263 554 iero,
1279 487 1399 558 ipsorum
1413 489 1448 544 de
1464 504 1507 545 me
1531 490 1713 547 numerositas

63 600 208 666 augeatur.
233 594 287 646 Aut
300 590 324 644 si
338 596 436 660 urgent
448 587 556 659 penitus
569 593 599 642 ει
612 602 672 642 eam
687 599 750 658 ego,
767 590 875 641 cessent
896 583 958 656 ipsi,
979 583 1135 656 iaciuntque
1158 585 1231 657 quod
1253 601 1306 659 ego
1329 584 1409 655 iacio,
1425 594 1454 642 ut
1476 587 1574 644 merito
1597 588 1713 660 religio·

63 709 157 749 sorum
171 692 266 747 labore
280 696 426 761 pascantur
441 695 522 759 atque
535 685 667 758 periculo.

101 793 128 847 ιι.
145 789 195 846 Ηιε
218 787 334 844 tortasse
357 784 456 841 dixerit
478 783 634 858 quispiam:
652 779 724 850 Quid
751 794 816 850 ergo
838 778 1017 851 dabisque
1040 780 1118 837 vobis
1142 790 1271 852 superant
1295 782 1405 840 facitis?
1426 782 1478 852 Qui
1503 785 1639 842 mordenti
1659 787 1713 845 hoe

63 887 161 961 quaerit
180 886 279 953 auimo,
295 884 386 940 audiat
399 884 440 938 sui
456 900 484 939 se
499 883 590 954 potius
611 880 726 948 trabem,
743 894 823 950 quam
848 875 928 932 alieni
949 876 1021 933 oculi
1044 893 1141 934 curare
1166 879 1266 935 dehere
1289 879 1430 938 festucam.
1447 881 1603 951 Quiritem
1626 885 1713 941 amica

63 987 118 1042 hoc
133 986 224 1042 dicunt
239 983 385 1048 voluntate,
403 980 526 1037 noverint
540 978 680 1034 abundare
704 984 814 1032 sanctos
837 973 911 1030 viros
930 974 973 1030 vel
996 976 1234 1049 congregationes,
1260 994 1375 1050 quorum
1400 980 1498 1051 inopiae
1518 983 1601 1037 multo
1623 982 1712 1054 magis

65 1101 148 1158 quam
159 1082 330 1140 saecularium
338 1080 456 1151 compati
466 1079 626 1145 debeamus
638 1075 787 1133 secundum
801 1071 868 1129 illud
877 1071 999 1143 Apostoli
1012 1089 1018 1127 :
1032 1073 1184 1144 operemur
1199 1075 1301 1133 tanam
1316 1075 1352 1131 od
1362 1093 1468 1148 omnes,
1479 1081 1606 1136 mceime
1616 1085 1713 1138 cutem

66 1183 104 1240 ud
120 1182 286 1239 domesticos
300 1178 367 1250 fidei
381 1177 484 1249 (Galat.
501 1177 550 1248 vr).

741 1319 1029 1379 COMMENTARIUS.

70 1482 245 1541 sublimiores
267 1486 340 1545 sunt,
361 1485 389 1535 et
407 1477 442 1532 ad
460 1475 606 1532 voluntatis
622 1473 721 1532 Christi
744 1471 869 1544 proposi-
882 1474 1020 1534 Auostrae
1044 1473 1223 1546 professionis
1246 1477 1352 1547 munis,
1372 1478 1479 1536 obicem
1493 1496 1624 1555 ponamus
1644 1486 1715 1543 ordi·

69 1581 128 1629 turn
156 1578 182 1628 et
206 1568 409 1627 exsecutionem
424 1565 531 1622 lucilius
551 1571 578 1620 et
605 1562 742 1620 efficacius
755 1560 868 1632 capieu-
919 1561 1021 1618 εειιεει
1036 1562 1144 1634 diviuae,
1161 1581 1222 1637 quae
1235 1573 1359 1622 nostrum
1374 1567 1605 1629 institutumnasci
1620 1574 1714 1646 voluit,

69 1663 135 1718 dum
150 1668 231 1732 atque
244 1659 273 1714 in
296 1655 436 1729 synopsim
464 1653 545 1711 veluti
574 1651 754 1726 redigendum
780 1649 870 1722 magis
919 1651 1114 1722 eoproposito‚
1137 1660 1167 1707 ut
1180 1654 1233 1709 vita
1247 1662 1342 1711 nostra
1370 1659 1502 1715 amundo
1515 1669 1638 1731 separata
1661 1671 1716 1719 eta

67 1750 234 1816 conducunt,
250 1762 284 1802 eo
298 1744 385 1817 pluris
398 1743 521 1799 laborem
531 1748 558 1797 et
571 1739 783 1812 applicationem
792 1737 870 1792 iatius
920 1739 1002 1795 rebus
1017 1741 1144 1796 humanis
1162 1741 1298 1799 abstractu
1312 1752 1384 1800 esset
1398 1746 1555 1817 praedicatio
1577 1751 1715 1819 continua,
1783 1742 1799 1762 ⁸

67 1838 178 1896 latentis
187 1844 214 1893 ει
227 1835 263 1891 ab
276 1833 432 1890 hominibus
446 1829 564 1903 separati
578 1827 778 1885 concionatoris
793 1824 870 1882 asti·
921 1845 982 1900 quae
989 1829 1114 1886 homines
1122 1828 1306 1888 indesinenter
1320 1833 1447 1890 continuo
1458 1837 1582 1908 exemplo
1597 1838 1716 1896 instrue-

69 1927 201 1984 mandum
229 1939 291 1980 esse
318 1937 399 1978 nemo
423 1928 474 1988 est,
504 1919 550 1992 qui
577 1916 684 1973 inficias
708 1923 761 1971 eat.
786 1916 871 1971 Porro
920 1923 961 1972 ret
974 1917 1009 1972 de
1024 1917 1185 1976 necessitate
1199 1919 1354 1993 abnegandi
1363 1921 1493 1994 seipsum,
1511 1933 1536 1980 et
1554 1926 1717 1985 suaviterad

69 2015 196 2073 omnibus
210 2011 386 2084 perspicuum
399 2017 441 2065 εει
452 2005 672 2080 praedicationem
698 2019 760 2076 quae
781 2001 809 2057 iit
823 2017 872 2073 per
921 2004 994 2061 illius
1008 2006 1197 2078 abnegationis
1212 2009 1319 2080 praxim
1334 2010 1469 2068 alliceret.
1488 2013 1541 2070 Sed
1556 2014 1650 2071 situm
1664 2033 1719 2074 no·
1795 2006 1797 2015 '

71 2102 207 2174 exempla,
229 2101 311 2172 longe
333 2096 492 2172 praecellere
506 2096 554 2151 illa
578 2109 638 2167 quae
655 2093 798 2149 littantum
822 2106 872 2163 per
922 2102 978 2150 stra
992 2095 1100 2166 propria
1115 2096 1197 2164 salus,
1214 2104 1270 2153 tum
1292 2098 1392 2154 utilitas
1420 2101 1524 2156 ordinis
1544 2102 1572 2158 in
1596 2104 1720 2162 Ecclesia

71 2192 167 2250 verba,
922 2183 982 2250 Dei,
998 2183 1026 2239 in
1041 2183 1223 2256 abnegatione
1251 2187 1293 2241 sni
1311 2187 1397 2259 ipsius
1417 2189 1470 2244 sint
1490 2189 1618 2261 fundate,
1634 2193 1720 2249 altera

107 2281 157 2336 llis
170 2293 239 2353 ergo
259 2294 291 2334 ex
311 2275 432 2333 omnium
452 2273 626 2331 cordatorum
640 2285 775 2328 consensu
789 2277 816 2325 et
829 2283 875 2325 ne·
922 2272 1030 2343 peribit,
1047 2273 1174 2330 etaltera
1189 2274 1224 2330 ad
1238 2275 1352 2331 nibilum
1366 2277 1477 2348 valebit,
1503 2279 1526 2334 si
1544 2295 1559 2335 a
1582 2280 1678 2353 spiritu
1693 2289 1720 2338 et

71 2370 146 2427 mine
159 2369 331 2438 discrepante
346 2363 475 2420 admissis
490 2370 516 2418 et
530 2362 635 2434 positis,
651 2359 732 2416 facile
747 2366 789 2415 est
812 2373 872 2429 pro·
923 2361 1001 2433 praxi
1017 2361 1094 2416 istius
1108 2363 1241 2433 pretiosa
1254 2363 1442 2438 abnegationis
1457 2366 1635 2425 declinemus.

73 2462 141 2516 bare
155 2457 233 2527 cujus
246 2453 369 2511 utilitatis
385 2452 419 2508 sit
434 2452 462 2506 in
482 2451 606 2507 Ecclesia
625 2449 676 2504 Dei
703 2448 790 2504 bonus
805 2447 873 2501 Car·
956 2451 1005 2505 llis
1026 2450 1136 2507 undem
1157 2452 1250 2523 paucis
1264 2453 1356 2510 verbis
1379 2471 1438 2511 rem
1458 2455 1537 2512 istam
1552 2459 1718 2532 perstringo.

73 2547 224 2613 thusianus,
238 2552 265 2601 et
280 2543 398 2599 studium
412 2540 485 2596 illius
499 2555 582 2611 posse
605 2553 667 2594 cum
685 2536 774 2592 studio
797 2534 886 2612 cele-¹
923 2538 1010 2594 Valde
1023 2538 1097 2595 utilis
1120 2546 1162 2596 est
1184 2539 1315 2597 Ecclesiae
1338 2542 1388 2599 Dei
1403 2543 1490 2600 bonus
1514 2545 1719 2620 carthusianus,

75 2639 198 2695 briorum
211 2634 434 2693 concionatorum
449 2630 546 2687 merito
560 2626 724 2700 comparari.
924 2627 972 2700 qui
985 2628 1061 2700 praxi
1075 2644 1150 2686 verae
1172 2629 1361 2703 abnegationis
1377 2631 1418 2708 syri
1434 2633 1519 2705 ipsius
1536 2636 1656 2693 studiose
1670 2653 1720 2693 va-

111 2727 140 2784 Si
154 2727 223 2782 intra
247 2724 396 2779 claustrum
417 2719 519 2776 residet
534 2725 560 2774 et
575 2717 604 2772 iu
618 2717 690 2773 cella
704 2715 777 2785 latet,
803 2713 830 2769 id
846 2711 876 2768 fit
924 2725 978 2784 εει,
990 2723 1017 2772 ει
1030 2717 1105 2772 illum
1120 2717 1180 2774 aliis
1189 2734 1240 2790 per
1255 2720 1409 2790 exemplum
1424 2722 1582 2791 annuntiat;
1606 2725 1721 2783 modicae

76 2817 112 2873 ad
122 2813 340 2886 componendam
349 2810 496 2882 pretiosam
506 2806 666 2864 concionem
677 2802 805 2875 exempli,
820 2817 876 2857 non
889 2805 1048 2892 Betilitatis
1063 2813 1114 2874 est,
1130 2806 1217 2879 quiin
1241 2808 1291 2865 bac
1306 2809 1498 2868 exercitatione
1512 2813 1626 2871 remisse
1641 2814 1697 2888 agit
1712 2832 1720 2870 ε

77 2922 139 2979 quae
152 2920 202 2975 por
215 2902 312 2958 horam
326 2907 428 2955 tantum
453 2896 543 2964 duret,
559 2902 640 2966 prout
654 2894 735 2948 durat
749 2907 875 2948 commu·
928 2895 977 2951 sed
993 2894 1092 2950 nullius
1106 2895 1228 2952 utilitatis
1256 2895 1332 2953 illum
1347 2914 1408 2955 esse
1434 2901 1589 2971 pronuntio,
1619 2903 1666 2974 qui
1694 2903 1722 2958 in

76 2988 316 3063 niterpraedicatio
329 3004 380 3060 per
393 2987 487 3051 verba,
504 2984 553 3040 sed
575 2999 635 3054 quae
648 2998 698 3054 per
717 2981 776 3036 dies
805 2979 876 3034 inte·
927 2983 978 3040 hac
1000 2983 1192 3040 exercitatione
1212 3000 1325 3056 prorsus
1339 2987 1494 3044 desidiosus
1508 2997 1559 3060 est,
1586 2990 1647 3062 quia
1670 3006 1722 3048 nec

78 3096 153 3152 gros,
169 3095 219 3151 per
233 3092 352 3142 menses,
373 3091 424 3146 per
448 3088 544 3138 annos,
573 3071 628 3126 imo
651 3086 701 3142 per
715 3077 801 3124 totum
815 3067 877 3123 vitae
928 3073 986 3127 Deo
1001 3080 1105 3144 gratus,
1116 3087 1168 3128 nec
1182 3072 1243 3128 aliis
1257 3074 1329 3130 utilis
1343 3091 1404 3132 esse
1418 3085 1516 3149 potest,
1533 3093 1595 3134 eum
1609 3095 1660 3136 uec
1671 3080 1724 3135 sibi

81 3167 261 3235 curriculum,
277 3166 352 3220 illum
363 3161 551 3234 componentis
567 3168 593 3216 et
613 3157 796 3231 praedicentis,
810 3171 877 3227 per·
928 3160 1002 3215 utilis
1021 3160 1065 3215 sit.
1088 3163 1215 3216 Attamen
1232 3161 1283 3218 etsi
1297 3164 1420 3236 eorporis
1441 3166 1546 3221 ordinis
1572 3168 1724 3225 membrum

80 3258 171 3314 duret,
930 3248 1129 3304 sitdesidiosus
1142 3248 1189 3305 ille
1212 3257 1238 3304 et
1261 3249 1363 3307 inutilis
1386 3255 1545 3322 monachus,
1566 3269 1621 3312 non
1635 3256 1725 3329 impe·

116 3344 231 3402 blateria
258 3343 330 3399 illius
352 3339 491 3397 concionis
518 3346 560 3393 est
587 3336 708 3393 omnium
735 3334 879 3390 veritatum
930 3337 968 3393 dit
996 3337 1140 3408 quominus
1164 3338 1334 3409 propositum
1358 3340 1410 3396 Dei
1437 3341 1464 3396 in
1485 3344 1609 3415 eorporis
1623 3344 1726 3402 ordinis

80 3435 296 3492 Christianarum
325 3429 403 3502 quasi
426 3427 561 3501 synopsis,
590 3433 617 3481 et
631 3424 704 3481 inter
726 3422 880 3495 praecipuas
929 3425 1097 3482 institutione
1112 3425 1327 3483 effectnmsuum
1341 3428 1449 3496 babeat,
1465 3432 1591 3487 nametsi
1605 3434 1728 3491 membra

78 3523 212 3597 practicae
228 3521 316 3593 prima
332 3533 340 3573 τ
355 3533 419 3573 nam
441 3517 476 3572 de
491 3514 612 3586 perfecta
641 3512 683 3569 aui
698 3511 881 3585 abnegatione
932 3513 1054 3586 quaedam
1081 3513 1181 3570 debilia
1195 3514 1263 3572 ordo
1277 3515 1386 3587 habeat,
1403 3524 1448 3572 εει
1462 3534 1517 3574 non
1532 3534 1609 3588 sana,
1626 3536 1726 3593 corpus

80 3612 119 3669 ibi
134 3611 233 3684 agitur,
249 3617 277 3665 et
291 3607 325 3662 ad
339 3622 399 3662 eam
419 3604 544 3661 omnibus
558 3600 727 3668 Christianis,
743 3616 794 3671 per
806 3599 882 3655 illam
932 3603 1005 3659 illius
1019 3602 1194 3660 nihilominus
1208 3603 1275 3661 vivit
1288 3618 1321 3661 ac
1333 3604 1416 3678 viget,
1432 3613 1459 3662 ει
1473 3609 1652 3664 communitas
1666 3608 1729 3666 Car-

84 3699 201 3771 exempli
215 3696 385 3765 concionem,
405 3694 449 3751 via
472 3699 586 3765 paratur
608 3699 634 3748 et
655 3689 761 3747 facilior
787 3689 883 3745 reddi·
933 3692 1058 3747 thusiana
1080 3691 1213 3750 Ecclesiae
1235 3700 1262 3749 et
1277 3693 1362 3750 oculis
1386 3694 1526 3752 hominum
1559 3705 1673 3770 apparet
1698 3706 1729 3754 ut

83 3798 135 3847 tur.
156 3786 293 3861 Operibus
308 3784 380 3841 enim
390 3782 500 3840 exhibet
513 3780 580 3837 nihil
603 3795 666 3836 esse
680 3780 752 3835 inter
770 3793 816 3833 res
830 3778 883 3832 bu·
934 3795 1042 3853 corpus,
1058 3797 1112 3838 non
1131 3789 1160 3837 ut
1173 3781 1336 3840 membrum,

83 3892 192 3944 manas,
208 3874 289 3932 etiam
318 3872 378 3928 illas
407 3886 520 3943 quarum
544 3868 670 3925 homines
698 3866 811 3924 creduut
839 3864 884 3921 vix
969 3871 1171 3944 Num.t.Erqo
1186 3874 1428 3943 egoreltotocella
1441 3891 1514 3940 meo,
1532 3884 1602 3942 etc.‚
1616 3881 1732 3950 propter

84 3980 206 4039 unquam
220 3961 400 4036 privationem
418 3959 485 4015 ierri
499 3974 590 4030 posse,
621 3957 693 4030 qnod
721 3970 776 4011 nou
799 3952 885 4025 possit
934 3960 1121 4030 paltonarios.
1149 3961 1267 4017 Verbum
1283 3960 1356 4017 istud
1377 3964 1534 4035 paltonarii
1552 3966 1733 4036 quommdam

87 4069 232 4129 generosae
246 4049 420 4123 abnegationi
434 4054 547 4119 propter
561 4047 648 4102 Deum
667 4051 801 4115 susceptae
815 4057 884 4098 con·
936 4047 1041 4104 animos
1064 4064 1119 4104 non
1146 4049 1253 4105 medice
1277 4049 1451 4107 discruciavit
1474 4052 1510 4108 ad
1548 4052 1733 4127 detegendum

84 4142 188 4216 jugari,
201 4140 295 4212 sicque
308 4138 411 4194 fortiter
427 4144 453 4192 et
468 4135 589 4192 suaviter
603 4132 700 4189 suadet
719 4131 780 4188 tulis
795 4145 885 4186 sermo
937 4136 1001 4208 quid
1012 4136 1064 4191 sibi
1078 4136 1159 4192 vellet
1169 4153 1219 4208 per
1232 4138 1285 4194 hoc
1295 4139 1409 4195 verbnm
1425 4140 1457 4196 ll.
1475 4141 1552 4197 Pater
1566 4142 1666 4216 Guigo.
1678 4143 1733 4200 Sed

88 4231 217 4303 exempli,
233 4227 442 4284 renuntiandum
456 4241 518 4281 esse
532 4223 740 4296 quibuscunque
763 4220 846 4276 rebus
860 4226 888 4275 et
937 4224 1001 4280 talia
1015 4225 1097 4282 verba
1110 4225 1199 4296 potius
1218 4232 1395 4298 temporanea
1409 4236 1471 4285 sunt
1489 4245 1570 4301 quarn
1585 4231 1697 4287 Latina:
1709 4238 1736 4288 et

88 4320 210 4392 seipsum
224 4317 345 4390 perfecte
357 4314 559 4386 abnegandum,
571 4310 607 4368 ad
632 4310 769 4367 Christum
785 4308 887 4380 ubique
938 4330 970 4370 ex
986 4313 1149 4386 cognomine
1163 4321 1237 4370 certo
1248 4314 1386 4372 hominum
1394 4317 1490 4389 generi
1503 4335 1584 4391 vago,
1596 4320 1684 4377 otioso
1694 4319 1734 4375 si-

90 4408 271 4481 sequeudum.
938 4403 1004 4470 mul,
1021 4410 1047 4459 et
1061 4401 1131 4459 iorte
1147 4402 1197 4458 sub
1215 4403 1306 4476 aliquo
1330 4404 1437 4476 pietatis
1461 4416 1593 4479 praetextu
1621 4408 1730 4465 mendi-

125 4499 211 4553 Porro
233 4495 303 4551 tallis
326 4493 423 4551 cencio
448 4498 486 4547 tot
500 4489 581 4546 babet
594 4488 715 4544 rationes
730 4487 765 4542 ad
778 4499 888 4556 persua·
938 4491 1009 4549 canti
1023 4491 1150 4565 imposito
1173 4500 1263 4548 ortum
1290 4493 1394 4566 habuit,
1418 4511 1451 4551 ex
1479 4496 1585 4570 vulgari
1601 4497 1731 4555 idiomate
1779 4544 1783 4551 ,

90 4586 211 4643 deudum
234 4582 390 4640 bominibus
420 4579 539 4636 studium
562 4576 709 4634 obediendi
731 4574 840 4631 Christo
863 4581 890 4629 et
939 4581 1069 4653 temporis
1082 4580 1154 4637 illius
1174 4582 1293 4654 primum
1316 4591 1465 4656 assumpto,
1482 4593 1508 4641 et
1530 4593 1628 4657 postea
1643 4584 1735 4643 Latine

92 4672 227 4746 sequendi
249 4671 336 4738 illum,
364 4668 527 4741 flhnssssflssd⁰
551 4665 681 4736 selmum.
698 4671 763 4737 q¹¹0¹
778 4661 890 4719 ⁰0ss0i0·
940 4686 1079 4741 expresso.
1110 4670 1239 4742 Ejusdem
1267 4679 1341 4728 certe
1363 4673 1463 4744 speciei
1491 4690 1553 4730 esse
1567 4673 1736 4731 credendum

92 4771 174 4820 naiOr
187 4769 263 4818 atius
278 4775 334 4816 ⁵¹1oe
354 4755 533 4830 Pl⁰s0⁸⁵i⁰⁰i⁸
557 4754 620 4810 facil
632 4773 640 4822 ἱ
654 4769 704 4825 W
717 4767 787 4825 qu⁰⁵
801 4749 890 4808 ⁰mssi·
941 4765 983 4813 est
993 4774 1055 4816 cum
1069 4759 1154 4816 verbo
1165 4762 1313 4832 Heqonolz',
1329 4777 1383 4835 quo
1392 4760 1420 4817 in
1435 4761 1525 4818 Gellia
1534 4760 1687 4819 Calviuistae
1696 4761 1735 4818 in·

92 4852 144 4908 bus
159 4849 314 4907 hominibus
326 4849 492 4904 demonstrat
510 4843 600 4900 omnia
617 4858 678 4899 esse
694 4838 835 4913 possibilia
849 4837 892 4893 his
943 4847 1101 4921 dignamur,

93 4941 141 5013 eui
155 4939 254 4996 Christi
268 4954 364 4995 vocem
378 4935 474 4991 audire
489 4933 592 5000 volunt,
609 4931 717 4988 stillum
733 4928 820 5000 senui·
977 4937 1083 4993 nauem
1100 4937 1145 4994 ine
1175 4938 1239 4994 soni
1271 4939 1397 4995 officiales
1416 4937 1587 4995 censuerant
1605 4939 1670 5014 qun
1691 4956 1737 4998 re-

130 5029 208 5084 Absil
222 5035 312 5084 autem
326 5042 341 5081 ³
355 5041 410 5090 me.
426 5022 505 5079 amici
521 5029 548 5078 θῑ
567 5020 663 5076 fraires
678 5019 705 5074 in
729 5017 838 5074 ChrissiO
851 5015 893 5072 di·
942 5027 1097 5097 spondeant
1109 5026 1273 5099 importunis
1287 5035 1313 5084 et
1326 5026 1481 5083 indiscretis
1491 5027 1675 5100 saecularibus,
1692 5030 1739 5104 qui

93 5117 248 5184 lectissimi,
264 5124 294 5171 ut
308 5114 370 5170 inde
386 5113 421 5168 ad
435 5112 555 5184 aliquam
569 5109 654 5165 vestri
668 5109 767 5163 bonam
790 5104 894 5177 0pini0·
944 5115 1089 5172 crederent
1112 5116 1204 5173 omnia
1228 5115 1338 5189 negotia
1352 5115 1387 5171 ab
1401 5115 1468 5187 ipsis
1492 5132 1553 5174 esse
1574 5118 1738 5184 deserenda.

94 5223 159 5264 nem
173 5206 255 5262 vatim
283 5219 332 5260 vos
360 5216 523 5274 provocare,
549 5199 598 5254 sed
612 5198 640 5252 id
661 5203 763 5252 tantum
781 5194 895 5250 dicimus
944 5207 973 5255 ut
988 5199 1131 5274 colloquiis
1145 5200 1291 5272 superfluis
1301 5215 1393 5256 seeum
1408 5209 1546 5267 vacarent,
1563 5218 1673 5259 mensas
1688 5202 1740 5258 sibi

93 5304 124 5353 ει
133 5294 339 5352 convenientem
361 5291 396 5346 de
410 5297 504 5346 nostro
528 5287 649 5344 instituto
672 5283 829 5356 opinionem
843 5282 895 5338 be·
945 5288 972 5343 in
987 5288 1112 5345 domibus
1121 5289 1220 5345 nostris
1228 5288 1444 5359 semperdebere
1452 5288 1554 5357 efferri,
1567 5297 1592 5346 et
1603 5290 1743 5348 secularia

96 5387 220 5452 beamus,
236 5381 312 5448 illud,
327 5387 356 5436 ει
365 5395 416 5451 par
429 5385 480 5442 est,
496 5377 663 5433 aestimemus
677 5381 704 5429 et
718 5372 896 5436 honoremus,
946 5375 1032 5433 officia
1047 5377 1133 5434 reddi,
1149 5377 1193 5433 An
1205 5381 1322 5451 propter
1340 5376 1744 5454 suscipiendogpascendogqm

96 5482 123 5531 et
143 5472 207 5529 inde
230 5470 312 5527 etiam
339 5475 464 5525 sanctum
488 5465 613 5522 timorem
649 5459 835 5533 concipiamus
862 5473 897 5514 ne
948 5466 1109 5534 seaculares,
1126 5465 1163 5521 ait
1177 5466 1209 5521 R.
1227 5467 1257 5521 P.
1274 5464 1376 5541 Guigo,
1388 5465 1496 5538 efficiar
1509 5465 1676 5524 aoeccturtat

96 5586 130 5628 ex
144 5576 237 5627 nostra
255 5566 333 5640 eulpa
351 5565 404 5639 ⁸vel
432 5561 590 5622 infidelitate
608 5560 644 5618 ad
667 5559 737 5618 bene
757 5546 933 5631 implendaD
981 5553 1065 5612 Num.
1079 5555 1096 5609 t
1108 5551 1179 5623 Quid
1191 5569 1255 5629 crgo
1269 5553 1302 5611 de
1317 5552 1431 5626 tuque
1442 5552 1517 5614 nobb
1530 5559 1670 5628 ruperant
1680 5557 1749 5629 feet
