3742 5986
101 203 154 257 673
604 214 607 221 ’
773 197 1076 258 CONSUETUDINES.
1701 198 1753 253 671

103 325 338 394 consuetudinem,
357 341 437 398 qnam
451 325 480 381 in
494 327 600 394 multis,
626 341 739 399 qnorum
755 324 815 398 pios
836 325 946 383 labores
960 331 987 381 et
1002 330 1123 379 sanctam
1139 321 1166 376 in
1182 321 1291 377 Christo
1304 317 1537 377 conversationem
1553 318 1620 375 satis
1643 318 1755 376 laudare

104 438 161 477 non
176 422 333 490 sufficimus,
350 423 493 480 occasione
517 421 730 489 misericordia,
755 430 785 478 ut
808 422 912 479 scilicet
926 420 1000 495 quod
1027 418 1285 492 supervenientibus
1303 417 1437 474 tribuatur
1459 417 1616 489 acquirant,
1641 416 1755 472 multum

103 518 251 575 inolevisse
266 519 402 576 dolemus.

141 621 168 673 3.
184 616 238 673 Sed
253 616 360 689 stipsis
376 616 527 689 hospitibus
542 631 596 672 non
610 631 707 688 parum
723 618 775 672 hoc
790 615 920 688 expedire
933 623 1069 689 putamus,
1085 614 1131 687 qni
1146 614 1247 671 nostris
1264 615 1432 687 spiritalibus
1447 633 1496 673 seu
1518 614 1704 687 corporalibus
1718 612 1756 669 ita

104 711 206 768 debent
220 712 300 768 bonis
314 713 531 781 communicare,
556 721 585 768 ut
608 728 658 768 nos
681 712 716 768 ad
734 712 807 769 mala
822 727 875 768 non
889 721 989 787 cogant
1003 713 1148 772 declinare.
1163 714 1204 771 ad
1219 713 1291 772 mala
1304 722 1394 773 autem
1408 714 1547 772 declinare
1562 721 1627 770 tunc
1641 711 1753 781 faciunt,

105 811 130 867 si
145 811 201 868 suis
215 827 266 869 nos
280 811 408 883 expensis
423 811 459 868 ad
474 811 627 884 vagandum
641 811 871 884 querendumque
885 811 1062 884 compellunt.

801 934 999 992 Chl'lTllbUlf
1012 936 1076 992 XX.

694 1032 732 1089 le
740 1033 911 1106 puaperibus
925 1036 954 1091 ct
967 1035 1159 1107 eleemosynis.

145 1153 171 1204 1.
195 1147 359 1220 Pauperibus
383 1147 475 1204 sacculi
498 1165 596 1222 panem
617 1149 661 1206 vel
683 1149 757 1205 aliud
780 1148 894 1221 aliquid,
919 1149 991 1222 quod
1016 1149 1059 1206 vel
1080 1149 1196 1206 facultas
1209 1149 1288 1207 offert
1308 1150 1352 1206 vel
1366 1151 1491 1207 voluntas
1508 1149 1632 1222 suggerit
1646 1149 1753 1217 damus,

108 1264 171 1304 raro
186 1255 257 1304 tecto
271 1247 444 1321 suscipimus,
460 1247 509 1303 sed
524 1247 559 1303 ad
574 1246 668 1303 villam
683 1247 771 1319 magis
785 1246 916 1302 mittimus
930 1245 1105 1318 hospitatum.
1120 1248 1182 1303 Non
1197 1248 1269 1304 enirn
1283 1254 1396 1319 propter
1410 1247 1560 1304 alienorum
1578 1246 1756 1318 temporalem
1859 1256 1862 1259 ’

109 1361 204 1401 curam
217 1360 382 1417 corporum,
410 1344 459 1399 sed
481 1360 530 1415 pro
553 1350 706 1400 nostrarum
731 1344 896 1416 sempiterna
920 1342 1008 1400 salute
1031 1344 1179 1400 animarum
1202 1345 1230 1399 in
1252 1345 1332 1414 hujus
1347 1344 1432 1401 eremi
1445 1360 1571 1401 secessus
1585 1341 1754 1416 aufugimus.

108 1444 144 1500 Et
168 1444 229 1499 ideo
255 1443 411 1498 mirandum
425 1457 480 1498 non
502 1451 544 1498 est
569 1443 592 1498 si
616 1442 676 1515 plus
693 1442 882 1498 familiaritatis
904 1451 932 1500 et
954 1442 1042 1499 solatii
1066 1443 1108 1498 his
1131 1443 1176 1516 qui
1190 1459 1241 1515 pro
1256 1443 1398 1500 animabus
1413 1456 1495 1513 quam
1509 1440 1556 1512 qui
1571 1455 1621 1513 pro
1637 1438 1692 1494 suis
1706 1439 1758 1494 buc

110 1543 273 1615 corporibus
300 1541 430 1607 veniunt,
459 1539 627 1595 exhibemus.
654 1539 781 1611 Ahoquin
807 1553 862 1593 non
890 1539 917 1592 in
945 1546 999 1593 tam
1022 1539 1128 1611 asperis
1152 1547 1178 1594 et
1193 1539 1305 1596 remotis
1319 1548 1346 1596 et
1359 1555 1429 1611 pene
1443 1536 1678 1605 inaccessibilibus
1691 1534 1759 1591 locis

110 1643 177 1714 (quo
198 1640 350 1712 quicunque
373 1637 521 1710 corporalis
535 1637 625 1692 solatii
639 1636 745 1691 venerit
759 1635 866 1708 gratia,
890 1635 951 1706 plus
965 1636 1083 1707 patiatur
1098 1637 1202 1694 laboris
1222 1654 1301 1710 qnam
1324 1645 1484 1710 assequatur
1505 1634 1647 1707 remedii),
1667 1632 1716 1690 sed
1731 1631 1759 1686 in

109 1745 196 1794 strata
209 1737 299 1809 potius
313 1735 423 1808 publica
436 1735 501 1790 olim
515 1733 696 1790 debueramus
710 1733 802 1805 utique
827 1733 994 1789 consedisse.

788 1854 1075 1917 COMMENTARIUS.

111 1975 283 2048 temporibus
309 1975 411 2048 aliquid
439 1974 513 2047 apud
540 1988 591 2029 nos
621 1971 755 2028 indultum
784 1970 819 2026 sit
838 1971 911 2028 circa
924 1974 1146 2041 Aborrendam,
1170 1974 1308 2031 invehitur
1332 1972 1364 2030 R.
1389 1975 1418 2029 P.
1437 1972 1546 2045 Guigo,
1572 1973 1635 2046 quia
1649 1986 1683 2029 ex
1697 1970 1758 2027 dia-

113 2064 201 2121 lectos
214 2064 361 2136 bospitum,
377 2063 406 2119 id
420 2063 455 2119 ad
469 2077 572 2119 meram
586 2060 708 2133 politiam
730 2067 872 2116 externam
886 2068 913 2116 et
963 2069 1050 2118 metro
1072 2071 1176 2134 pugnat
1200 2079 1261 2119 cum
1276 2062 1398 2118 instituto
1411 2070 1521 2128 nostro,
1545 2060 1580 2117 ad
1601 2061 1672 2134 quod
1696 2075 1758 2117 scr-

114 2153 151 2209 ad
173 2161 324 2224 tempomm
349 2151 501 2208 decentiam
514 2150 648 2223 pertinet,
664 2163 716 2206 nec
729 2149 757 2203 in
772 2149 827 2204 ullo
841 2148 914 2204 laedit
963 2152 1081 2208 vandum
1096 2168 1180 2207 unum
1196 2167 1211 2209 e
1225 2150 1331 2207 duobus
1346 2149 1501 2223 eligendum
1516 2157 1576 2206 est:
1591 2165 1700 2222 nempe,
1715 2147 1760 2207 vel

115 2241 316 2298 observantiam
338 2239 511 2314 regularem,
538 2254 599 2296 cum
613 2237 648 2293 ad
662 2251 795 2309 personas
810 2236 914 2292 ordinis
964 2239 1121 2296 habendum
1136 2248 1178 2297 est
1190 2240 1264 2296 unde
1277 2255 1404 2312 persona
1418 2247 1443 2295 et
1456 2238 1553 2296 domus
1568 2237 1672 2295 ordinis
1685 2237 1761 2311 paci-

113 2338 312 2402 conspectat,
337 2345 398 2402 qnae
422 2327 526 2384 eisdem
551 2343 661 2400 semper
693 2324 771 2383 lectis
804 2332 914 2380 utuntur
964 2328 1015 2384 fiee
1031 2335 1227 2397 sustententur,
1243 2328 1349 2401 absque
1363 2327 1419 2384 ulla
1432 2327 1596 2385 necessitate
1609 2325 1759 2400 quaerendi,

115 2419 216 2491 quibus
228 2418 311 2491 primi
326 2419 419 2473 Patres
433 2416 540 2473 ordinis
558 2414 714 2472 utebantur.
965 2432 1027 2474 cum
1051 2417 1114 2473 vita
1138 2417 1264 2473 solitariae
1280 2417 1346 2473 ratio
1360 2416 1387 2472 id
1402 2416 1502 2490 exigat,
1518 2423 1545 2473 et
1557 2431 1672 2473 necesse
1686 2415 1720 2471 sit
1732 2421 1762 2471 nt

153 2508 235 2563 Num.
253 2511 278 2562 1.
293 2507 454 2578 Supmurios
468 2509 579 2562 nostros
593 2507 680 2560 extro
694 2501 841 2558 mittimus
852 2501 914 2557 hic-
965 2506 1114 2561 monachus
1127 2513 1216 2561 cesset
1231 2521 1292 2562 esse
1307 2504 1457 2572 solitarius,
1482 2504 1573 2560 statim
1586 2512 1668 2578 atque
1683 2519 1760 2576 quae·

115 2600 238 2653 maium.
262 2597 314 2652 Per
337 2593 491 2668 sagmarios
515 2592 603 2649 mulos
631 2590 775 2664 intelligit,
800 2604 926 2661 quomm‘
965 2609 1028 2649 rere
1043 2593 1260 2651 sibinecessaria
1274 2592 1661 2665 extradomumeogitur3vel
1676 2591 1761 2649 sinon

116 2684 283 2742 adminiculo
297 2698 331 2739 ea
345 2691 449 2739 tantum
465 2697 613 2754 possumus
629 2679 799 2736 etiamnunc
814 2677 916 2734 babere
966 2682 1110 2750 habeatur,
1131 2682 1189 2752 iam
1204 2698 1237 2738 ex
1252 2682 1415 2739 necessitate
1430 2680 1483 2737 sibi
1497 2681 1658 2753 providendi
1673 2687 1764 2738 cesset

115 2789 179 2846 quae
189 2781 264 2828 extra
272 2787 395 2828 eremum
405 2781 553 2827 nascuntur
562 2777 609 2825 ttttt
619 2773 844 2839 crescunt,proul
855 2772 917 2821 sunl
966 2771 1047 2827 etiam
1062 2787 1124 2827 esse
1148 2770 1295 2839 solitarius,
1312 2786 1345 2828 ae
1357 2769 1472 2842 proinde
1496 2769 1700 2826 Carthusianus.
1722 2769 1763 2825 De

118 2860 222 2927 vinum,
241 2860 373 2927 triticum,
396 2859 498 2927 oleum,
515 2866 568 2915 etc.
581 2859 651 2914 Nam
667 2872 765 2914 curms
779 2870 835 2911 non
849 2869 916 2926 poa-
966 2859 1017 2915 hae
1031 2875 1099 2933 ergo
1113 2875 1142 2915 re
1156 2859 1229 2916 idem
1253 2859 1399 2916 dicendum
1415 2858 1545 2932 estquod
1560 2859 1595 2915 de
1612 2858 1684 2916 nive.
1699 2857 1762 2914 Non

117 2958 182 3006 sunt
191 2965 224 3005 ex
233 2949 304 3019 pede
312 2948 420 3020 rupium
427 2962 513 3020 usque
524 2947 559 3003 ad
569 2945 741 3003 CtthSitm
751 2942 917 3010 astessdffl'et
967 2956 1132 3020 potestesse
1146 2948 1192 3004 nix
1202 2948 1311 3016 calida;
1326 2948 1417 3004 statim
1431 2947 1504 3005 enim
1518 2955 1598 3021 atque
1608 2947 1695 3005 calida
1708 2953 1761 3016 est,

119 3034 193 3091 unde
206 3033 342 3089 mulorum
356 3032 492 3090 dorsisea
506 3032 540 3087 ad
555 3046 606 3087 nos
621 3029 719 3086 advehi
733 3043 846 3085 neeesse
864 3036 915 3082 est.
968 3037 1066 3094 desinit
1079 3053 1142 3094 egge
1154 3037 1210 3093 nix,

119 3122 217 3179 Adhuc
231 3121 312 3178 etiam
339 3121 463 3194 cogimur
477 3135 574 3176 vaccas
589 3126 616 3174 et
634 3117 687 3173 alia
701 3117 828 3172 animabo
842 3123 919 3171 extra
1003 3125 1094 3181 chum
1118 3133 1206 3182 autem
1229 3141 1309 3182 suum
1332 3125 1375 3182 1110
1399 3125 1514 3183 discrete
1538 3125 1625 3183 egerit
1653 3129 1763 3181 sanctus

120 3227 245 3269 eremum
258 3211 363 3266 mittere
373 3209 529 3265 hiematum.
547 3206 682 3280 Sagmarii
700 3212 792 3262 aulem
807 3219 916 3268 nomen,
967 3213 1019 3282 vir,
1039 3221 1066 3270 et
1084 3214 1201 3270 videndo
1216 3230 1270 3285 quo
1283 3220 1413 3286 praetextu
1427 3214 1538 3287 quidam
1551 3214 1678 3271 monachi
1699 3220 1765 3270 tunc

120 3302 278 3372 aaaomafe
292 3298 438 3355 formatum
453 3304 504 3363 0⁸²,
521 3295 594 3369 quod
609 3295 721 3352 lesbum
735 3309 786 3366 pro
802 3290 955 3388 iumessliB
969 3300 1100 3373 temporis
1132 3301 1265 3373 pruritum
1292 3303 1483 3374 possessiones
1510 3300 1706 3374 multiplicandi
1738 3307 1764 3357 et

121 3388 199 3457 ⁸01¹&
210 3387 269 3444 ⁸5V0
283 3394 377 3454 δῑῐὸῑθ,
388 3385 531 3457 mistura
548 3398 565 3440 Β
579 3399 634 3456 (1ὓο
643 3382 796 3457 saginari&
806 3388 919 3439 V⁰⁰⁸l¹1⁸
967 3390 1071 3462 absque
1084 3389 1141 3445 ullo
1154 3388 1207 3446 fine
1221 3389 1383 3462 acquirendi
1397 3390 1535 3458 velabant,
1550 3390 1670 3447 occurrit
1683 3387 1763 3445 nobis

121 3485 164 3534 est
175 3476 265 3532 mulus
279 3475 395 3547 saginati
409 3473 546 3547 portando
560 3472 721 3529 destinatus.
968 3486 995 3535 et
1010 3477 1133 3533 velamen
1146 3477 1214 3534 illud
1230 3477 1317 3534 aufert
1330 3485 1355 3534 et
1371 3477 1473 3547 rejicit,
1497 3494 1532 3534 ne
1547 3478 1658 3551 quando
1672 3485 1763 3534 tenta-

157 3567 201 3622 Ex
216 3565 268 3622 boc
283 3571 375 3620 autern
384 3563 445 3620 loco
461 3562 574 3619 evidens
589 3570 630 3618 est
644 3560 801 3634 quodlicet
816 3575 918 3616 rennn·
968 3567 1007 3622 tio
1030 3580 1063 3623 eo
1086 3566 1179 3622 utendi
1193 3573 1300 3622 nostros
1316 3566 1474 3635 invaderet,
1500 3573 1580 3638 prout
1594 3565 1639 3622 hic
1653 3565 1761 3639 legitur.

122 3655 220 3711 tierent
242 3652 336 3725 optimi
359 3654 451 3708 Patres
473 3650 615 3723 cupiditati
636 3648 739 3722 aliquid
760 3649 919 3721 possidendi
969 3655 1094 3711 Habeant
1117 3669 1182 3726 ergo
1206 3654 1278 3710 idem
1292 3655 1325 3710 ll.
1342 3653 1430 3710 Patris
1444 3653 1579 3728 Guigonis
1601 3668 1763 3725 responsum

120 3750 199 3800 extra
212 3757 351 3807 eremum,
367 3741 395 3796 id
410 3740 504 3797 stricte
517 3740 726 3811 iuteIngndum
742 3746 785 3795 est
807 3739 842 3795 de
857 3756 920 3810 spe·
969 3742 1099 3800 officiales
1110 3742 1231 3810 ordinis,
1256 3743 1303 3816 qui
1317 3744 1389 3814 apud
1402 3758 1453 3799 uos
1468 3743 1549 3799 etiam
1565 3758 1673 3814 semper
1693 3757 1765 3798 nova

122 3831 217 3890 ciebus
225 3846 316 3886 rerum
326 3845 388 3901 qum
396 3829 424 3885 in
432 3828 552 3900 capitulo
561 3831 592 3885 lt
603 3827 715 3883 inferius
725 3827 917 3902 exprimentur.
969 3831 1128 3905 acquirendi
1151 3831 1285 3903 pruritum
1298 3831 1416 3903 vellent,
1441 3832 1569 3888 ementito
1591 3831 1637 3888 illo
1656 3829 1766 3903 pietatis

121 3921 193 3977 Nam
206 3928 313 3977 certum
326 3926 369 3975 est
377 3918 439 3974 illos
449 3925 513 3973 tnnc
520 3916 648 3972 habuisse
663 3915 768 3971 stabula
782 3923 810 3972 et
818 3931 920 3987 pascua
969 3928 1101 3993 praetextu
1125 3928 1152 3976 et
1173 3919 1266 3977 colore
1280 3920 1431 3988 admittere,
1448 3928 1475 3977 et
1493 3920 1632 3977 audiente
1654 3935 1699 3976 me
1712 3919 1765 3975 do·

120 4009 149 4064 in
163 4007 316 4065 confinibus
338 4006 424 4063 eremi
438 4005 608 4072 Carthasim,
632 4004 667 4059 ad
685 4004 770 4076 pedes
793 4003 920 4061 videlicet
970 4021 1030 4062 mos
1045 4013 1071 4062 et
1084 4003 1216 4062 officiales
1230 4005 1333 4061 ordinis
1348 4007 1444 4062 eadem
1458 4007 1502 4063 via
1518 4014 1545 4063 et
1555 4006 1653 4063 eodem
1667 4020 1766 4078 gressu

122 4096 232 4170 rupium
253 4095 412 4162 existentia,
438 4109 551 4167 quorum
573 4092 738 4149 adminiculo
757 4092 920 4149 animalibus
970 4094 1040 4150 esui
1052 4093 1166 4149 instituti
1180 4100 1298 4151 ctasuae
1311 4093 1490 4165 professionis
1501 4095 1598 4166 spiritu
1612 4093 1764 4165 discedere,

122 4185 182 4241 suis
198 4193 320 4256 tempore
334 4183 432 4239 hiemis
442 4181 627 4254 providerent.
644 4183 706 4238 Erat
725 4181 797 4237 eninr
807 4181 920 4237 inevita-
971 4197 1024 4254 quo
1046 4181 1149 4254 absque
1160 4182 1234 4251 Justa
1252 4189 1279 4237 et
1293 4182 1451 4239 necessaria
1465 4197 1558 4249 causa,
1573 4197 1659 4239 novas
1675 4189 1702 4238 et
1716 4197 1766 4238 su-

123 4273 186 4329 bilis
196 4272 345 4330 necessitas
355 4272 383 4327 id
393 4270 650 4343 habendi,alioquin
660 4284 761 4343 magno
769 4269 857 4340 pretio
866 4268 921 4325 illis
969 4269 1090 4342 perfluas
1103 4269 1293 4342 possessiones
1307 4279 1437 4326 conantur
1450 4278 1477 4327 et
1491 4271 1599 4328 student
1613 4271 1665 4326 sibi
1688 4285 1767 4328 com·

123 4361 256 4418 elooauda
278 4359 392 4416 fuissent
416 4359 535 4425 stabula,
559 4367 586 4414 et
609 4357 702 4414 fenum
727 4357 872 4413 emendum
887 4357 922 4413 ad
970 4373 1079 4431 parare.
1096 4356 1140 4416 Sic
1151 4358 1224 4415 enirn
1240 4373 1274 4414 ex
1288 4358 1476 4429 spiritualibus
1491 4359 1593 4416 sensim
1606 4358 1674 4416 fiunt
1695 4367 1768 4416 tem-

123 4448 269 4507 nutrienda
278 4447 500 4515 animalia,acsic
509 4461 692 4519 expensarum
701 4445 821 4519 gravitas
831 4462 875 4503 res
885 4445 923 4501 fa·
971 4447 1091 4519 porales,
1105 4454 1132 4503 et
1146 4463 1179 4502 ex
1193 4447 1334 4503 monacbis
1349 4447 1504 4506 saculares.
1530 4451 1565 4505 ht
1588 4448 1655 4505 nibil
1669 4448 1769 4504 borum

124 4539 244 4595 miliares
254 4536 359 4610 integre
369 4536 566 4593 absorbuisset.
584 4535 614 4591 ld
628 4534 739 4609 quidem
749 4534 814 4590 satis
824 4535 922 4606 proba·
972 4536 1129 4592 adnostros
1144 4543 1248 4608 spectat
1257 4535 1428 4605 claustrales,
1440 4537 1537 4609 quibus
1552 4537 1654 4593 ordinis
1668 4553 1769 4610 eorpus

124 4627 358 4698 tumbabeturper
368 4641 430 4698 cap.
439 4628 483 4681 to.
494 4623 920 4696 Consuetudinumpraesentiumz
973 4624 1156 4696 componitur,
1171 4623 1220 4680 sed
1235 4623 1270 4680 ad
1284 4623 1414 4681 officiales
1428 4625 1474 4698 qui
1489 4633 1551 4681 sunt
1566 4631 1667 4682 tantum
1690 4625 1769 4682 istius

125 4715 176 4773 sed
200 4713 289 4771 nullus
312 4722 436 4770 remanet
450 4712 581 4784 scrupulo
591 4712 686 4780 locus,
711 4711 776 4767 dum
799 4711 922 4769 visuntur
935 4686 958 4748 0
975 4713 1098 4786 corporis
1112 4713 1235 4770 membra
1249 4713 1405 4788 singularia.
1418 4714 1583 4771 Claustrales
1598 4713 1683 4784 enim,
1705 4720 1732 4770 et
1746 4714 1770 4771 si

124 4804 215 4861 adbuc
238 4803 336 4860 mdera
358 4809 482 4858 veterum
510 4801 622 4858 istomm
649 4798 835 4866 stabulomm,
861 4815 922 4872 quae
976 4802 1166 4874 possessiones
1189 4811 1355 4876 augeantur,
1380 4818 1412 4860 aa
1434 4802 1497 4859 inde
1518 4819 1551 4859 err
1581 4801 1771 4873 temporalium

126 4892 291 4950 animalibus
314 4890 482 4963 excipiendis
505 4889 700 4946 inserviebant.
726 4889 758 4944 ln
772 4905 827 4960 quo
841 4889 922 4944 etiarn
978 4890 1199 4963 multiplicatione
1213 4890 1376 4961 officialium,
1392 4890 1587 4948 sollicitudines
1599 4891 1682 4948 etiam
1696 4891 1771 4949 mnl·

125 4982 189 5039 loco
218 4980 456 5053 congregabantur
483 4978 602 5035 triticum
627 4985 655 5033 et
677 4977 732 5033 alia
754 4977 920 5044 necessaria,
977 4979 1141 5052 tiplicentur,
1158 4995 1266 5053 semper
1279 4989 1423 5038 remanent
1436 4981 1464 5036 in
1477 4980 1595 5038 olaustm
1609 4979 1703 5054 quieti,
1721 4997 1773 5040 nec

126 5085 189 5144 quae
210 5077 304 5141 postea
324 5084 375 5140 per
388 5066 547 5124 horribilem
561 5066 721 5131 transitum.
747 5065 792 5139 qui
811 5073 924 5123 vocatur
978 5067 1126 5141 quidquam
1147 5068 1257 5126 illorum
1280 5070 1388 5144 attingit
1410 5085 1475 5138 eos,
1500 5070 1555 5127 imo
1577 5069 1702 5129 nesciunt
1719 5086 1772 5128 neo

62 5177 64 5181 ’
129 5160 155 5217 lc
165 5161 249 5227 Fron,
260 5157 382 5213 humeris
396 5157 536 5213 hominum
548 5157 583 5211 ad
593 5155 776 5212 summitatem
784 5155 926 5225 cujusdam
976 5157 1042 5229 quid
1056 5156 1152 5214 domus
1166 5157 1265 5215 babeat
1279 5167 1325 5216 aut
1338 5158 1487 5232 possideat,
1502 5174 1554 5217 nec
1568 5160 1633 5233 qnid
1655 5159 1690 5217 ab
1714 5159 1772 5217 offi-

127 5247 205 5319 rupis
227 5245 437 5312 deferebantur;
461 5245 534 5301 unde
556 5253 651 5316 postea
673 5244 761 5300 dorsis
789 5243 926 5298 mulorum
976 5246 1090 5302 cialibus
1105 5254 1209 5319 agatur.

126 5335 254 5408 imposita
269 5351 318 5406 per
332 5333 424 5391 villam
436 5341 558 5390 vocatam
573 5333 742 5390 flacheriom
766 5332 801 5388 ad
815 5332 926 5388 domum
1012 5336 1078 5391 Cae.
1094 5335 1158 5392 XX.
1173 5336 1292 5394 -Num
1307 5341 1333 5394 1.
1349 5338 1523 5412 Pauperibus
1541 5337 1639 5394 soecuti
1655 5352 1771 5409 punam,

129 5423 282 5482 carthusie
301 5423 555 5480 transvehebantur.
977 5431 1042 5492 etc,
1067 5425 1115 5482 scd
1137 5426 1173 5482 cd
1187 5427 1300 5497 vitium,
1324 5433 1377 5482 etc.
1400 5427 1498 5483 Soecnh
1518 5425 1628 5482 nomine
1649 5424 1775 5498 intelligit

165 5513 250 5569 Num.
268 5517 296 5571 2.
311 5510 433 5585 vagandi
441 5516 471 5568 ct
479 5512 659 5585 quaesitandi,
673 5517 731 5568 etc.
749 5509 845 5567 lferito
858 5524 928 5568 con·
978 5527 1115 5586 pauperes
1129 5513 1274 5571 amouimus
1285 5556 1292 5584 ,
1314 5513 1344 5569 in
1365 5515 1464 5587 quibus
1475 5511 1604 5586 juvandis
1617 5512 1776 5587 qualitatem

130 5611 174 5660 tra
196 5601 268 5661 banc
290 5599 534 5668 consuetudinem,
558 5599 636 5674 quasi
658 5607 755 5659 contra
768 5615 826 5658 rem
849 5599 929 5658 nobis
978 5599 1151 5670 facultatum,
1176 5607 1204 5660 et
1217 5601 1247 5660 in
1261 5600 1352 5662 dando
1365 5600 1522 5662 libertam
1535 5601 1641 5660 serrari
1655 5601 1775 5662 uolebat.
