3742 5986
66 122 122 182 889
401 124 592 185 ΕΧΡΟΕΓΠΟ
611 127 650 184 ΙΝ
667 122 859 185 EPISTULAS
876 121 989 183 PAULI.
1004 155 1039 168 -
1054 122 1092 182 IN
1104 124 1214 184 EPIST.
1235 123 1284 183 ΑΙ)
1305 116 1384 184 ΗΕΒ.
1666 123 1718 184 490
1807 207 1808 210 ¹

68 248 282 322 possessivari,
298 257 325 306 et
343 249 371 306 in
389 251 443 308 boc
465 252 641 308 detrabentes
663 251 818 308 eminentiae
840 251 908 312 eth
953 251 1019 307 Ideo
1046 251 1129 307 etiam
1153 252 1212 307 baec
1232 249 1340 308 reticuit
1363 250 1425 323 quia
1449 265 1548 306 exosus
1568 258 1628 307 erat
1651 251 1717 319 illis,

67 338 134 395 fidei
148 339 259 395 Christi.
277 340 312 394 Et
326 356 409 411 super
422 342 475 397 hoc
489 341 589 397 multas
604 341 765 398 verisimiles
779 340 869 396 adda·
920 348 1065 411 propterea
1085 340 1149 412 quia
1164 340 1254 411 legem
1276 340 1502 411 persequebatur,
1520 348 1546 394 et
1558 339 1658 412 ubique
1672 340 1721 396 de·

68 428 168 484 cebant
177 427 307 496 rationes,
318 428 421 484 scilicet
431 429 505 500 quod
514 430 635 484 Christus
648 430 699 484 sub
707 430 769 502 lege
777 437 867 496 uatus,
919 429 1050 484 struebat.
1067 429 1145 484 Unde
1159 429 1259 499 saepius
1273 429 1465 484 incusaverunt
1482 445 1555 492 eum,
1574 429 1720 499 imponen-

68 517 160 588 legem
176 533 226 588 per
239 517 332 573 omnia
344 517 529 584 observasset,
545 526 572 572 et
587 519 611 573 si
627 519 736 590 quaudo
750 518 785 573 de
793 517 869 573 solu·
919 524 961 571 tes
976 517 1001 571 ei
1014 517 1087 588 quod
1097 516 1188 589 legem
1202 532 1218 570 a
1233 518 1292 572 Deo
1307 532 1362 572 nou
1376 533 1438 572 esse
1448 517 1538 571 datam
1553 516 1676 587 diceret,
1693 522 1721 571 et

68 606 144 661 tione
154 605 224 678 legis
234 605 416 672 incusaretur,
428 606 558 662 reddebat
568 606 689 662 rationes
697 607 769 678 quod
779 607 869 678 legem
918 604 992 659 omni
1008 612 1128 675 tempore
1144 604 1228 659 luisse
1242 604 1376 660 inutilem.
1393 602 1485 672 Quare
1500 612 1529 658 ut
1545 621 1575 659 se
1589 612 1719 677 purgaret

66 693 97 748 in
126 694 202 749 nullo
225 693 358 757 solveret,
384 701 413 749 ut
432 694 479 761 ibi,
501 695 611 767 quando
635 703 821 766 opposuerunt
844 693 869 749 ei
919 691 1030 760 abistis,
1043 692 1163 760 oportuit
1177 709 1240 747 eum
1255 693 1282 746 in
1296 692 1466 748 Hierusalem
1482 692 1634 749 secuudum
1652 693 1718 748 ritus

67 780 132 854 quia
152 782 180 836 in
204 781 323 838 Sabbalo
337 790 445 838 curaret
466 798 520 837 nou
537 783 685 838 observare
709 783 867 849 sabbatum,
917 781 1073 836 Judaeorum
1105 779 1251 852 purificare
1279 789 1305 836 et
1332 780 1505 852 purificatum
1535 781 1563 835 in
1588 781 1718 852 templum

68 870 191 926 reddidit
200 869 331 925 rationem
348 879 375 925 et
388 869 426 926 ait
443 885 449 924 :
465 871 495 927 Si
508 887 555 926 vor
574 872 606 927 in
625 870 669 928 dic
688 872 800 928 Sabboti
823 872 869 927 bo·
917 869 1067 925 ascendere
1091 871 1165 940 (Act.
1181 884 1243 935 xxv,
1259 872 1312 936 263
1328 885 1409 935 xxiv,
1427 870 1481 941 la),
1507 877 1534 924 ct
1547 869 1719 925 Timotheum

66 960 309 1015 oemoelasinum
325 960 464 1014 solventes
488 960 662 1031 adaquatum
681 960 787 1015 ducitis
806 962 869 1016 sinc
918 957 1082 1028 discipulum
1106 957 1304 1013 circumcidere
1328 958 1400 1028 (Act.
1426 973 1486 1026 xvr,
1507 958 1546 1029 3).
1563 958 1591 1012 Si
1614 965 1716 1029 autem,

66 1047 291 1118 traorpreaslonc
311 1047 391 1119 lepis,
414 1047 547 1119 quomodo
563 1064 609 1119 epo
628 1049 757 1104 soluendo
776 1048 868 1104 bomi-
918 1060 981 1101 cum
994 1053 1023 1099 ut
1038 1054 1242 1115 persecutorem
1258 1045 1328 1116 legis
1343 1061 1399 1100 suae
1413 1061 1475 1100 eum
1494 1045 1558 1101 odio
1573 1046 1716 1114 habereut,

67 1151 136 1190 nem
162 1151 181 1189 a
199 1134 337 1190 daemonio
361 1136 448 1206 lapcm
472 1136 663 1206 tromprcdior
677 1140 688 1190 ‚⁹
702 1137 782 1205 (Lac.
804 1151 865 1203 xvu,
918 1133 1062 1206 dignitatis
1091 1150 1146 1188 suae
1175 1134 1286 1189 nomina
1311 1134 1514 1205 praeposuisset,
1531 1134 1560 1188 in
1583 1134 1717 1206 principio

66 1224 126 1295 lb.)
140 1223 203 1279 Non
224 1223 401 1279 recordantes
422 1223 495 1296 quod
519 1224 642 1279 Christus
657 1222 739 1279 finem
761 1224 798 1279 illi
812 1224 868 1294 legi
917 1221 1121 1293 obstreperent,
1136 1222 1258 1277 dicentes
1273 1237 1324 1277 uec
1338 1222 1502 1277 audiendum
1516 1221 1570 1277 illis
1585 1238 1647 1277 esse
1662 1222 1716 1277 iui-

64 1310 214 1382 posnisset,
230 1311 293 1366 dum
308 1318 386 1367 vetus
401 1312 504 1366 Pascha
518 1310 676 1379 celebravit,
686 1319 713 1366 et
727 1311 766 1367 illi
781 1312 867 1368 veteri
916 1310 1016 1365 micum
1032 1326 1120 1381 sunm,
1136 1310 1219 1365 etiam
1242 1310 1265 1364 si
1282 1311 1432 1367 secundum
1455 1309 1588 1367 rationem
1613 1311 1716 1366 suade·

65 1415 131 1455 mox
156 1415 256 1456 novum
286 1400 391 1456 Pascha
419 1401 530 1470 (novum
559 1400 663 1456 scilicet
691 1399 865 1472 sacrificium)
916 1407 966 1454 ret.
983 1399 1099 1469 Propter
1113 1399 1172 1455 haec
1196 1398 1343 1453 devitanda
1363 1398 1503 1471 dignitatis
1526 1415 1583 1454 suae
1597 1399 1716 1455 mentio·

65 1489 250 1555 consecravit,
280 1488 389 1544 tradens
417 1504 516 1559 corpus
544 1497 571 1544 et
596 1488 758 1560 sauguinem
787 1505 865 1544 sunm
916 1502 1044 1542 nemnon
1058 1486 1131 1542 lecit.
1144 1486 1229 1555 Quasi
1244 1486 1366 1542 diceret:
1382 1486 1465 1542 Nulla
1488 1503 1550 1542 mea
1565 1488 1715 1544 auctoritas
1778 1522 1783 1527 -

64 1577 198 1648 apostolis
213 1577 289 1644 suis;
306 1577 454 1633 ostendens
468 1576 600 1648 quidquid
613 1586 791 1647 precesserat
802 1594 901 1664 ιιι-Β
915 1590 965 1630 vos
979 1574 1125 1645 compellit,
1139 1575 1188 1631 sed
1203 1574 1333 1630 attendite
1343 1575 1518 1631 auctoritates
1532 1574 1603 1648 legis
1617 1585 1715 1632 vestrae

64 1664 141 1720 bram
157 1663 251 1729 luisse,
266 1681 337 1721 nunc
358 1674 447 1721 autem
471 1665 587 1735 primum
602 1665 744 1733 veritatem
762 1682 792 1721 se
807 1674 864 1720 tra-
915 1671 942 1718 et
955 1664 1162 1735 prophetarum,
1178 1670 1204 1718 et
1218 1679 1252 1719 ex
1266 1663 1325 1734 ipsa
1344 1663 1407 1736 lege
1428 1671 1456 1719 et
1469 1664 1609 1735 prophetis
1632 1663 1716 1720 intel-

63 1752 145 1808 dere.
167 1754 281 1824 Propter
303 1754 356 1809 boc
380 1753 444 1825 quia
468 1754 605 1808 Christum
628 1753 718 1827 legem
740 1754 865 1810 viderant
915 1750 1005 1822 ligetis
1019 1751 1046 1804 in
1062 1751 1169 1806 Christo
1185 1750 1268 1806 fuisse
1283 1750 1364 1806 finem
1383 1751 1466 1822 legis.
1494 1754 1528 1807 Et
1543 1751 1606 1824 quia
1620 1752 1647 1807 in
1662 1768 1716 1809 cae·

63 1842 238 1910 observasse,
251 1841 316 1913 quia
325 1842 424 1897 iterum
440 1843 535 1896 Petrus
550 1840 647 1909 etalii,
664 1842 710 1914 qui
732 1843 864 1913 praedica·
914 1839 980 1894 teris
1003 1855 1104 1895 nomeu
1120 1856 1200 1894 suum
1221 1854 1275 1894 nou
1291 1839 1449 1910 praeposuit,
1465 1839 1590 1895 dixerunt
1603 1840 1715 1913 quidam

61 1937 163 1985 verant
175 1929 278 1985 ludaeis
292 1945 308 1983 a
323 1929 532 1986 circumcisione
554 1936 580 1985 et
595 1930 751 1998 hujusmodi
766 1930 863 2003 legali-
915 1928 985 1983 hanc
1003 1943 1058 1983 nou
1073 1944 1135 1983 esse
1151 1927 1224 1982 Pauli
1237 1947 1243 1994 ;
1260 1927 1310 1982 sed
1333 1927 1378 1982 elii
1401 1928 1541 1995 Barnabae,
1562 1928 1608 1983 alii
1624 1929 1714 1997 bucae,

62 2018 125 2087 bus,
141 2033 197 2074 nou
222 2033 270 2073 eos
293 2026 441 2089 coegerunt
462 2018 602 2083 recedere,
628 2018 754 2074 timentes
776 2019 864 2090 impu·
914 2015 962 2070 alii
976 2016 1124 2071 Clementis
1140 2032 1202 2071 esse
1217 2016 1354 2072 dicebant.
1381 2017 1479 2071 Contra
1491 2032 1560 2088 quos
1574 2017 1614 2073 sic
1629 2033 1716 2089 argu-

61 2105 188 2161 tientiam
203 2121 298 2161 eorum
312 2106 377 2177 quia
397 2105 492 2161 mallet
505 2121 615 2161 omnem
631 2105 712 2161 fidem
727 2107 863 2172 deserere,
914 2112 1051 2159 mentatur
1066 2104 1246 2176 liieronymus
1259 2119 1265 2158 :
1278 2104 1307 2159 Si
1322 2104 1387 2176 quia
1401 2105 1475 2159 Pauli
1489 2105 1599 2161 nomiae
1613 2121 1667 2161 nou
1678 2106 1714 2161 ti·
1753 2126 1757 2133 ·

62 2209 144 2266 quam
168 2192 286 2251 355
311 2194 353 2248 his
374 2194 520 2265 inquibus
543 2202 741 2250 consueverant
760 2211 865 2249 renun·
915 2192 1028 2262 tulatur,
1045 2192 1120 2249 Pauli
1142 2208 1196 2248 non
1220 2201 1270 2260 est,
1296 2208 1373 2264 erg0,
1399 2192 1463 2263 quia
1481 2193 1581 2248 nullius
1605 2193 1715 2250 nomiae

61 2282 143 2337 tiare.
161 2280 288 2338 Sciebant
302 2282 375 2337 eninr
391 2283 486 2338 Petrus
505 2290 532 2338 et
546 2282 593 2337 alii
606 2283 679 2354 quod
697 2283 736 2339 sic
761 2283 865 2337 enutri·
915 2280 1043 2346 titulatur,
1059 2282 1094 2336 sit
1108 2281 1222 2336 nullius.
1240 2281 1329 2337 Lucas
1343 2280 1436 2352 utique
1449 2281 1521 2337 hanc
1542 2281 1577 2337 de
1598 2282 1715 2338 Hebraeo

59 2377 120 2426 rent
132 2384 183 2438 eos
198 2369 226 2424 in
240 2369 364 2440 pueritia,
384 2385 439 2427 non
453 2386 535 2442 possa
553 2387 601 2426 eos
611 2370 808 2441 aliterperduci
830 2371 866 2426 ad
915 2369 1052 2424 transtulit
1066 2370 1093 2424 in
1109 2371 1244 2425 Graecum.
1264 2370 1295 2424 lu
1310 2370 1360 2426 bac
1383 2377 1473 2424 autem
1492 2369 1616 2441 Epistola
1631 2379 1716 2427 mate·

59 2457 218 2513 virilitatem
232 2457 417 2529 perfectionis.
443 2459 559 2529 Propter
581 2459 642 2524 boc,
665 2458 794 2530 inquam,
814 2458 866 2513 cir·
914 2459 983 2513 riam
998 2458 1079 2513 habet
1097 2458 1272 2513 eminentiam
1287 2457 1388 2513 Christi
1403 2466 1429 2513 et
1451 2458 1621 2514 inutilitatem
1643 2459 1714 2532 legis

60 2545 258 2603 cumcisionem
273 2561 336 2601 cum
355 2544 410 2602 fide
431 2546 532 2601 Christi
552 2547 700 2614 tenebant;
721 2547 769 2602 sed
792 2548 865 2601 Pau·
914 2545 1095 2616 comprobans
1113 2562 1163 2616 per
1177 2546 1302 2601 eamdem
1314 2544 1714 2618 legemetprophetaseorum·

59 2633 103 2689 lus
131 2632 230 2689 videns
257 2633 398 2689 Christum
424 2634 544 2689 inutilem
573 2635 627 2690 illis
647 2651 724 2704 esse,
745 2635 865 2706 quandiu
915 2635 978 2690 dem
992 2634 1020 2688 in
1034 2633 1142 2689 Christo
1158 2632 1382 2689 buembabuisse
1398 2653 1405 2698 ;
1420 2634 1517 2706 legalia
1531 2651 1591 2707 quae
1614 2652 1666 2691 uec
1681 2651 1714 2692 eo

59 2723 224 2796 legemcum
238 2720 291 2777 lide
306 2729 441 2789 tenerent,
455 2723 530 2791 Juxta
545 2721 612 2777 illud
634 2723 707 2795 quod
728 2723 762 2778 ad
783 2723 864 2779 Gala·
914 2730 1038 2793 tempore
1052 2738 1106 2794 quo
1121 2738 1183 2778 esse
1193 2721 1418 2778 debebantalicui
1427 2723 1586 2793 proderant,
1598 2723 1651 2779 nisi
1664 2740 1714 2795 per

59 2817 98 2865 tas
111 2810 174 2866 ait:
201 2832 213 2859 ι
233 2809 262 2866 Si
274 2809 519 2877 circumcidamini,
547 2811 671 2866 Christus
694 2811 775 2867 vobis
796 2811 865 2866 uihil
914 2809 996 2866 sidem
1015 2810 1130 2881 venturi,
1154 2810 1203 2865 sed
1226 2810 1350 2865 Christus
1375 2811 1414 2867 sic
1438 2811 1473 2867 ad
1493 2810 1714 2880 justificationem

57 2898 182 2970 proderit
196 2898 271 2970 (Gal.
286 2913 315 2965 ν,
331 2899 370 2969 h),
387 2915 444 2956 »cx
459 2899 692 2970 superabundanti
715 2901 786 2957 hanc
810 2899 864 2954 illis
914 2899 1022 2966 sufficit,
1052 2906 1080 2955 ut
1098 2898 1230 2970 adjutorio
1251 2897 1321 2972 legis
1343 2915 1399 2954 non
1417 2899 1549 2971 indigeat,
1574 2908 1600 2955 et
1622 2901 1646 2955 si
1669 2901 1714 2957 lex

57 2985 212 3057 Epistulam
225 2987 342 3058 scripsit,
353 3003 415 3044 cum
425 2988 644 3060 tameugentinm
651 2996 756 3043 tantum
770 2991 860 3059 bpos-
874 2958 898 3019 ⁰
912 2988 1109 3053 admisceatur,
1135 2987 1215 3043 sudem
1238 2987 1344 3042 irritam
1367 2986 1457 3043 iaciat.
1481 2990 1523 3043 Eo
1541 2988 1595 3044 line
1619 2989 1659 3046 sic
1678 2989 1713 3046 de

56 3075 129 3130 tolus
143 3082 227 3142 esset,
244 3089 332 3148 ageos
347 3075 498 3132 secundum
513 3075 587 3147 quod
602 3076 637 3131 ad
651 3077 790 3133 Romanos
805 3076 859 3131 ait:
910 3076 1018 3132 Christo
1033 3084 1060 3131 et
1073 3076 1136 3148 lege
1150 3075 1197 3141 ait,
1214 3083 1242 3130 ut
1255 3075 1270 3128 J
1273 3075 1342 3130 udaei
1358 3075 1457 3148 legaha
1481 3076 1619 3143 deserant,
1643 3085 1670 3131 et
1684 3077 1712 3132 iu

58 3161 280 3219 «honorificabo
296 3163 478 3219 ministerium
497 3180 603 3229 meum,
628 3163 652 3219 si
672 3164 809 3236 quomodo
824 3164 859 3219 ad
910 3164 1056 3220 eminentia
1085 3164 1184 3219 Christi
1209 3161 1430 3231 iustificatiouem
1456 3173 1579 3236 quaerant
1595 3171 1621 3220 et
1643 3164 1715 3221 acci·

56 3251 257 3314 emulationem
279 3267 428 3324 provocem
449 3267 562 3307 carnem
586 3268 673 3307 meam
698 3253 789 3323 (Rom.
814 3267 857 3319 xv,
908 3253 992 3322 piant.
1018 3251 1097 3308 Circa
1117 3251 1199 3306 finem
1221 3249 1304 3305 etiam
1322 3250 1452 3321 Epistulae
1474 3252 1582 3307 iustruit
1605 3267 1653 3309 eos
1677 3253 1712 3309 de

56 3341 110 3409 lt),
129 3360 141 3390 s
159 3347 217 3395 etc.
235 3337 335 3408 Quare,
352 3340 486 3412 quianon
505 3347 564 3396 erat
580 3355 674 3396 eorum
696 3340 856 3411 Apostolus,
908 3339 1076 3406 moralitate,
1099 3340 1163 3411 quia
1184 3339 1251 3394 sicut
1260 3338 1354 3394 vitium
1374 3339 1498 3395 naturale
1510 3341 1612 3397 Judaeis
1636 3358 1711 3397 scm-

55 3426 166 3484 nomina
183 3427 325 3501 dignitatis
342 3428 370 3482 in
384 3428 437 3486 hac
451 3425 577 3500 Epistola
591 3444 750 3500 preponere
760 3428 856 3498 uoluit,
908 3445 958 3500 per
972 3427 1031 3495 fuit,
1047 3427 1180 3484 luxuriosi
1195 3425 1276 3481 nimis
1290 3434 1367 3482 erant
1378 3427 1407 3482 in
1420 3428 1488 3483 cibis
1505 3429 1570 3484 etin
1583 3429 1707 3487 libidine.

56 3515 126 3572 sicut
140 3516 214 3572 solet
227 3516 256 3570 in
277 3515 402 3589 singulis.

472 3910 785 4016 EPISTULA
825 3912 911 4015 AD
949 3911 1280 4016 HEBRAEOS.

318 4127 432 4185 CAPUT
446 4128 591 4185 PRIMUM.
869 4128 896 4189 D
909 4150 920 4176 a
939 4128 1021 4198 ritus,
1033 4138 1060 4185 et
1073 4129 1213 4186 ministros
1233 4145 1299 4186 suos
1309 4131 1445 4189 flammam
1465 4132 1548 4206 ignis.
1560 4135 1602 4191 td
1611 4132 1706 4192 Filium

89 4216 291 4274 «Uultiiariam
307 4216 453 4288 multisque
467 4216 533 4272 olim
552 4217 627 4272 Deus
640 4215 755 4288 loquens
768 4215 854 4287 patri·
905 4224 1026 4272 «autem
1052 4235 1059 4272 :
1084 4219 1209 4273 Thronus
1225 4227 1287 4274 tuus
1315 4221 1390 4277 Deus
1405 4221 1433 4276 in
1443 4222 1572 4278 saeculum
1597 4223 1702 4294 saeculi,

53 4311 137 4365 «bus
151 4305 340 4379 inprophetis,
360 4305 509 4361 novissime
524 4304 572 4378 [in]
587 4305 684 4360 diebus
702 4304 761 4359 istis
774 4304 852 4360 locu·
905 4324 916 4350 a
934 4311 960 4359 et
975 4305 1052 4378 virga
1081 4305 1214 4378 aequitatis
1240 4307 1315 4378 virga
1333 4309 1413 4381 regni
1436 4309 1483 4365 tui.
1507 4309 1630 4366 Dilexisti
1640 4312 1703 4381 Jus-

51 4405 128 4453 «tus
144 4403 187 4451 est
210 4394 289 4450 nobis
311 4395 339 4449 iu
353 4393 431 4459 Filio,
451 4409 531 4465 quem
554 4393 692 4449 coustituit
717 4393 852 4448 baeredem
904 4413 915 4439 v
934 4392 1020 4447 titiam
1044 4401 1071 4448 et
1097 4394 1180 4449 odisti
1201 4394 1388 4467 iniquitatem,
1406 4405 1553 4469 propterea
1576 4400 1653 4456 unxit
1676 4409 1704 4458 te

50 4509 62 4534 ι
79 4486 284 4551 universorum,
299 4498 349 4554 per
363 4498 445 4554 quem
459 4481 524 4538 lecit
543 4489 570 4537 et
593 4480 701 4538 saecula.
724 4480 851 4550 Quicum
904 4481 1005 4536 absus
1020 4489 1082 4537 tuus
1104 4482 1165 4538 oleo
1185 4484 1371 4541 exsultationis
1381 4485 1500 4560 [laetitia]
1514 4504 1571 4560 prae
1593 4488 1703 4560 partici-

49 4597 62 4624 ι
80 4575 117 4631 sit
146 4572 277 4644 splendor
302 4571 399 4642 gloriae
422 4577 449 4626 et
476 4568 563 4643 figura
592 4569 751 4625 substantie
781 4569 849 4639 ejus,
903 4591 914 4616 «ι
931 4568 1011 4640 pibus
1022 4570 1085 4637 tuis,
1096 4577 1123 4626 et
1138 4578 1166 4626 tu
1180 4571 1208 4626 iu
1227 4572 1371 4645 principio,
1387 4575 1513 4644 Domine,
1529 4584 1631 4633 terram
1640 4577 1701 4634 luu-

48 4687 61 4713 ι
78 4669 251 4735 portansque
274 4660 365 4715 omnia
389 4659 474 4715 verbo
498 4658 605 4714 virtutis
626 4675 694 4726 suae,
707 4656 850 4730 purgatio-
901 4657 1003 4714 «dasii
1018 4673 1024 4713 τ
1041 4666 1068 4715 et
1094 4675 1178 4730 opera
1191 4676 1322 4717 manuum
1337 4671 1444 4719 tuarum
1470 4673 1533 4720 suut
1547 4666 1619 4722 coeli.
1646 4668 1700 4738 lpsi

48 4776 61 4801 a
78 4767 147 4808 nem
162 4755 335 4822 peccatorum
354 4747 467 4813 iaciens,
483 4747 560 4803 sedet
582 4747 617 4802 ad
635 4747 775 4802 dexteram
791 4762 851 4802 ma·
900 4746 1065 4818 «peribunt,
1084 4748 1204 4805 358
1218 4757 1246 4805 tu
1260 4758 1349 4806 autem
1370 4753 1554 4823 permanebis,
1566 4763 1699 4811 etomues
1794 4779 1797 4784 ¹

49 4838 187 4910 «iactatis
201 4837 229 4892 in
242 4836 366 4906 excelsis,
391 4843 465 4891 tanto
482 4835 579 4890 melior
599 4835 704 4907 augelis
725 4834 847 4903 effectus,
901 4843 959 4890 aut
981 4835 1171 4893 vestimentum
1198 4846 1389 4909 veterascent3
1415 4850 1443 4897 et
1465 4842 1538 4898 velut
1570 4842 1698 4900 amictum

48 4933 184 5000 «quanto
198 4923 366 4981 differentius
388 4940 447 4996 prae
469 4923 523 4978 illis
548 4938 648 4978 nomeu
669 4922 847 4981 hereditavit.
901 4924 1046 4979 amutabis
1069 4941 1117 4980 eos
1141 4932 1167 4981 et
1175 4926 1366 4995 mutabuntur,
1390 4936 1420 4984 tu
1441 4929 1615 4986 autemidem
1636 4931 1697 5004 ipse

49 5037 61 5067 ‹
78 5014 130 5072 Cui
141 5014 216 5070 enim
230 5013 297 5068 dixit
310 5012 457 5085 aliquando
471 5012 651 5084 angelorum:
668 5011 751 5067 Filius
770 5027 849 5067 meus
900 5035 912 5060 v
930 5028 969 5079 es,
986 5020 1013 5067 et
1025 5013 1090 5068 anui
1105 5013 1144 5068 tui
1158 5030 1214 5069 uon
1227 5014 1363 5073 deficient.
1376 5017 1417 5072 Ad
1434 5034 1514 5089 quem
1534 5027 1626 5076 autem
1645 5036 1698 5080 aa·

50 5126 61 5156 ι
78 5091 165 5168 estu,
180 5117 234 5175 ego
252 5102 333 5157 hodie
347 5101 432 5174 genui
450 5109 495 5168 te;
521 5109 547 5156 et
565 5117 673 5156 rursum
695 5101 778 5172 :Ego
801 5116 848 5157 ero
901 5121 912 5151 ι
929 5100 1054 5172 gelorum
1069 5101 1137 5156 dixit
1150 5102 1313 5175 aliquando:
1330 5106 1401 5163 Sede
1420 5122 1437 5161 a
1451 5107 1554 5163 dextris
1564 5109 1700 5180 meis,d0-

48 5213 60 5244 ι
77 5192 119 5247 illi
133 5191 164 5246 in
182 5192 300 5260 Patrem,
314 5198 340 5245 et
355 5190 414 5261 ipse
430 5190 481 5245 erit
490 5189 557 5244 mihi
572 5189 600 5244 iu
615 5188 720 5244 Filium.
736 5189 770 5244 Et
785 5205 847 5244 cum
898 5211 909 5237 a
927 5204 979 5245 uec
996 5188 1194 5263 {quoadusque}
1210 5208 1309 5263 ponam
1332 5193 1457 5251 inimicos
1472 5203 1533 5252 tuos
1548 5199 1699 5256 scabellum

46 5303 57 5333 ι
73 5281 177 5337 iterum
191 5278 337 5334 introducit
360 5278 574 5349 Primogenitum
597 5277 625 5331 in
639 5278 735 5333 orbem
755 5285 845 5344 terrae,
899 5299 910 5324 a
926 5277 1026 5347 pedum
1040 5277 1178 5332 tuorum?
1199 5280 1287 5350 (Ptol.
1300 5296 1356 5346 crx,
1383 5286 1408 5349 l,
1433 5284 1474 5355 2.)
1490 5285 1587 5342 Nonne
1601 5304 1699 5344 omnes

45 5392 58 5422 ι
77 5369 147 5426 dicit
163 5366 345 5424 :Etadorent
367 5383 429 5423 eum
451 5383 547 5422 omnes
567 5366 658 5439 angeli
678 5366 738 5422 Dei.
758 5367 793 5420 Et
812 5367 847 5421 ad
898 5373 989 5420 «suut
1009 5365 1234 5423 administratorii
1248 5369 1359 5440 spiritus
1378 5370 1407 5426 iu
1417 5373 1599 5430 ministerium
1608 5376 1696 5446 missi,

44 5456 194 5531 «angam
208 5455 319 5529 quidem
333 5455 399 5513 dicit
415 5471 422 5511 :
438 5454 491 5525 Qui
501 5455 564 5512 lacit
579 5455 694 5528 angelos
713 5468 777 5510 suos
786 5455 845 5528 spi·
898 5461 1037 5527 «propter
1052 5471 1101 5513 eos
1128 5455 1174 5526 qui
1200 5455 1388 5515 haereditatem
1414 5460 1521 5533 capiunt
1546 5462 1663 5521 salutis?
1685 5488 1697 5513 ι

155 5554 277 5612 Parnon.
297 5552 388 5611 cult.
1558 5561 1595 5615 ts
