3750 5984
42 236 50 247 -
77 282 131 336 eet
405 278 595 338 nxroslalo
610 278 648 338 IN
665 277 856 339 nmsnotts
879 276 994 336 esunt.
1010 307 1045 323 -
1058 277 1098 336 ΙΝ
1111 278 1221 338 aelst.
1246 280 1294 337 ΔΙ)
1317 280 1397 338 Ι.
1683 285 1736 339 tet
1795 330 1799 335 .

78 404 269 474 juramentum
282 403 372 460 anlert
386 404 426 461 eis
440 405 554 462 introire
567 406 595 461 in
609 405 740 479 requiem.
757 406 801 473 Si,
817 405 920 479 qui-A
933 421 991 462 mou
1004 408 1161 477 potueritne
1170 405 1272 462 intrare
1287 406 1319 461 ira
1333 406 1459 480 requiem
1472 410 1590 480 prepter
1599 406 1742 464 ineredu·
1823 418 1825 425 ·

83 493 145 560 bus,
162 495 211 564 ibi,
228 494 261 549 sit
285 494 383 550 eadem
405 503 496 550 manet
515 495 544 550 in
568 495 757 552 sententiosis
772 511 779 550 ι
796 494 825 551 Si
839 494 884 548 in·
936 494 1049 550 litatem
1063 508 1156 550 suom.

82 582 193 638 trabunt
207 582 236 637 in
258 582 378 655 requiem
401 598 493 639 meam
516 583 565 650 illi,
589 583 689 656 quibus
713 583 803 638 inira
821 597 884 638 mea
1237 563 1350 620 CAPUT
1364 564 1410 620 lv·

79 670 173 741 iuravi
186 671 261 743 quod
273 686 328 726 non
338 679 432 727 essent
441 671 470 726 in
479 671 603 744 requiem
612 671 749 728 intraturi.
762 672 797 726 Ει
807 670 881 743 quia,
971 671 1157 728 «Timeamus
1181 687 1261 743 ergo,
1281 670 1402 726 nefasta
1426 670 1520 728 relicta
1538 671 1736 744 pollicitatione

80 757 191 825 iratres,
212 766 323 830 propter
343 774 392 816 eor
407 759 435 814 in
449 760 639 816 incredulitate
654 760 814 816 obduratum
830 774 883 830 pa·
936 779 947 808 ι
964 758 1118 816 introeundi
1141 761 1169 815 in
1184 759 1307 832 requiem
1320 759 1380 829 ejus
1395 759 1565 816 existimetur
1579 759 1679 832 aliquis
1700 776 1734 817 ex

81 846 282 903 tribusvestris
303 847 413 920 requies
435 857 537 920 negata
550 856 609 915 est,
625 848 697 916 ideo,
713 848 821 915 iratres,
838 847 882 903 vi·
935 870 947 894 ι
964 847 1044 903 nobis
1070 849 1178 905 deesse.
1205 847 1314 903 Etenim
1338 856 1365 903 et
1393 848 1473 903 nobis
1499 849 1649 904 nuntiatum
1680 856 1732 920 εει,

83 934 147 990 dete
161 951 196 990 ne
211 933 280 991 forte
296 935 331 990 sit
346 935 374 990 in
393 935 484 1007 aliquo
507 944 627 992 vestrum
652 952 700 993 cor
721 937 822 992 malurn
836 935 881 990 in·
935 959 946 984 «
966 938 1234 1008 quemadmodumet
1250 936 1303 991 illis
1320 951 1326 991 :
1344 937 1458 993 sednon
1468 935 1570 1007 proluit
1580 936 1633 992 illis
1643 953 1733 994 sermo

80 1022 248 1078 credulitatis
271 1023 431 1080 discedendi
444 1039 461 1078 a
475 1025 533 1080 Deo
548 1025 620 1092 vivo,
642 1025 713 1082 sicut
727 1023 881 1095 expositum
934 1046 946 1072 ι
964 1025 1088 1095 auditus,
1105 1041 1159 1081 non
1174 1025 1307 1081 admistus
1321 1023 1383 1080 fidei
1397 1040 1431 1080 ex
1445 1025 1488 1079 bis
1503 1041 1564 1097 qoae
1579 1026 1732 1082 audierunt.

80 1117 133 1166 est.
150 1111 202 1176 Ne,
227 1111 349 1183 inquam,
372 1111 432 1166 sitis
456 1111 601 1179 increduli,
628 1113 677 1168 sad
701 1111 882 1167 adhortamini
934 1113 1156 1186 ‹Ingrediamur
1187 1113 1261 1169 enirn
1293 1113 1322 1167 ia
1355 1111 1478 1185 requiem
1501 1112 1547 1184 qui
1570 1113 1732 1171 credimus:

78 1198 262 1269 vosmetipsos
282 1199 317 1255 de
340 1199 509 1256 incremento
531 1201 660 1256 virtutum
683 1200 806 1257 dicentes
831 1215 881 1270 per
933 1202 1196 1274 «quemadmodum
1221 1200 1297 1256 dixit.
1317 1222 1328 1249 ι
1346 1200 1422 1257 Sicut
1436 1201 1528 1270 juravi
1546 1199 1574 1255 in
1596 1201 1636 1255 ira
1659 1216 1730 1268 msa,

78 1282 286 1359 singulosdies:
302 1289 676 1356 Veniteeesultemuaetc,
690 1289 788 1358 donee,
801 1287 880 1343 idest
933 1310 944 1341 ι
961 1290 985 1344 si
1000 1289 1150 1346 introibunt
1168 1290 1196 1344 in
1211 1288 1333 1361 requiem
1348 1304 1436 1344 meam
1452 1290 1530 1359 (Paul
1550 1303 1625 1357 xciv,
1643 1288 1698 1360 ll).
1717 1307 1730 1339 ι

78 1375 208 1448 quamdiu
218 1375 560 1446 cognomineturinvobis
571 1377 661 1443 bodie
672 1376 702 1431 id
717 1383 759 1432 εει
772 1383 879 1447 tempus
932 1397 944 1424 «
960 1379 995 1433 Et
1011 1378 1127 1450 quidem
1149 1377 1281 1450 operibus
1301 1377 1335 1433 ab
1350 1376 1516 1432 institutione
1530 1376 1624 1432 mundi
1638 1375 1731 1447 perie-

77 1462 183 1535 gratiae.
201 1464 433 1535 cognominatur,
450 1464 512 1520 ideo
527 1464 572 1532 ait,
589 1481 624 1520 ne
639 1465 737 1521 remoti
751 1481 766 1518 a
781 1464 879 1520 diebus
932 1465 1007 1522 «etis
1024 1483 1031 1520 :
1048 1466 1116 1521 dixit
1132 1467 1202 1522 enim
1215 1465 1335 1538 quodam
1350 1465 1412 1521 loco
1427 1464 1520 1520 dedis
1536 1464 1651 1535 septima
1665 1464 1706 1520 sic
1721 1478 1729 1520 ι

77 1550 180 1606 Christi
193 1560 318 1623 putarent
331 1552 422 1607 minus
437 1552 489 1607 sibi
503 1552 629 1609 conferre
644 1553 783 1609 Christum
798 1568 879 1624 qoam
931 1576 942 1601 ι
959 1554 994 1608 Et
1007 1553 1143 1626 requievit
1152 1555 1226 1609 Deus
1241 1553 1285 1609 die
1293 1552 1411 1624 septima
1421 1552 1455 1606 ab
1465 1552 1592 1607 omnibus
1600 1551 1731 1623 operibus

77 1640 271 1711 temporaneis.
297 1641 393 1709 Hodie,
417 1641 544 1713 inquam,
569 1641 878 1714 comminutumque
932 1663 943 1693 ι
961 1640 1019 1697 suis
1043 1643 1125 1711 (Gerr.
1143 1658 1174 1709 u,
1189 1641 1228 1712 ιι).
1248 1664 1259 1690 ιι
1276 1642 1311 1696 Ει
1324 1641 1352 1695 in
1365 1641 1418 1696 isto
1440 1655 1547 1695 rursum
1564 1654 1571 1693 ι
1588 1639 1616 1696 Si
1631 1638 1730 1695 introi-

74 1727 136 1785 haao
150 1728 236 1800 gratia
258 1745 319 1801 quae
335 1730 417 1785 etiam
433 1729 535 1785 ultimis
549 1730 687 1798 tribuitur,
704 1737 821 1803 cognata
835 1736 876 1784 est
890 1753 941 1817 B«
959 1730 1026 1785 bunt
1039 1729 1066 1785 in
1090 1729 1212 1802 requiem
1234 1745 1334 1785 meam.
1360 1727 1497 1797 Quoniam
1520 1743 1589 1798 ergo
1604 1732 1731 1798 superest

73 1815 172 1889 gratiae
186 1816 256 1873 datas
271 1817 298 1872 in
314 1817 411 1873 diebus
424 1818 533 1887 Christi,
551 1825 656 1874 tantum
670 1817 766 1874 valens
781 1825 877 1889 poste·
930 1835 941 1866 ι
959 1814 1076 1870 introire
1099 1814 1233 1886 quosdam
1247 1814 1275 1868 in
1293 1813 1378 1879 illam,
1395 1820 1422 1866 et
1436 1811 1464 1866 hi
1478 1811 1577 1884 quibus
1591 1811 1730 1882 prioribus

74 1904 114 1959 ris
129 1913 259 1977 quantum
274 1906 432 1976 primitivis.
929 1923 940 1953 ι
957 1902 1146 1958 annuntiatum
1170 1910 1222 1970 est,
1245 1917 1300 1957 non
1320 1900 1481 1956 introierunt
1503 1907 1617 1972 propter
1634 1899 1728 1956 inere-

111 1993 309 2060 Adhortarnini,
322 1994 486 2066 inquam,ut
496 2010 554 2051 non
564 1995 719 2052 obduretur·
727 1996 831 2068 eliquia
839 2011 877 2052 ee
928 2012 939 2039 «
955 1990 1110 2061 dulitatem,
1126 1990 1224 2046 iterum
1248 1989 1373 2046 terminat
1387 1988 1459 2044 diem
1475 1986 1629 2060 quemdam,
1646 1986 1729 2044 hodie

75 2081 153 2137 uehis
166 2083 296 2153 [allucio.
319 2082 421 2139 Scitote
445 2083 517 2138 enim
532 2083 605 2155 quod
621 2083 745 2139 diabolus
758 2099 808 2138 vos
823 2082 876 2138 inl·
928 2078 985 2133 «in
1007 2079 1103 2146 David,
1129 2079 1256 2146 dicendo,
1281 2085 1343 2149 post
1365 2083 1469 2132 tantum
1492 2075 1622 2147 temporis
1646 2075 1730 2146 (sieut

74 2164 116 2232 lit,
133 2165 157 2220 si
179 2164 250 2221 sorte
273 2166 457 2222 obduramini.
478 2166 596 2224 Fallacia
620 2168 681 2223 dico
703 2182 787 2223 causa
806 2183 876 2239 pec·
928 2189 940 2215 «
958 2182 1041 2238 supra
1054 2167 1155 2223 dictum
1171 2168 1224 2237 est)
1240 2181 1248 2221 ι
1265 2165 1352 2221 Hodie
1367 2164 1391 2220 si
1400 2179 1496 2222 vocem
1507 2165 1566 2234 ejus
1574 2163 1726 2232 audieritis,

75 2256 144 2320 eati,
162 2254 241 2326 quia,
257 2261 401 2327 postquam
416 2255 546 2327 deceptus
561 2263 603 2311 est
616 2255 725 2327 aliquis,
742 2256 830 2327 magis
844 2272 876 2312 ac
928 2276 940 2307 ι
956 2255 1042 2311 ιιοιίιε
1056 2255 1195 2311 obdurare
1209 2254 1290 2311 corda
1305 2261 1406 2310 vestra.
1416 2254 1486 2308 Nam
1502 2251 1526 2307 si
1540 2251 1670 2307 eislesus
1684 2267 1727 2307 re·
1787 2284 1789 2287 -

73 2341 164 2413 magis
179 2342 278 2398 dehinc
293 2343 477 2414 praecipitetur
489 2344 519 2399 in
533 2352 686 2416 peceatum.
700 2344 811 2400 [lebetis
825 2360 875 2401 vos
927 2365 938 2391 ι
956 2344 1048 2416 quiem
1069 2343 1252 2415 praestitisset,
1276 2357 1417 2414 nunquam
1441 2341 1476 2397 de
1498 2340 1550 2395 alia
1570 2340 1728 2413 loqueretur

72 2430 212 2487 adhortari
227 2439 254 2486 ει
273 2447 328 2487 aon
343 2432 491 2499 obdurare,
508 2432 580 2504 quia,
597 2432 670 2504 quod
685 2448 740 2487 non
756 2448 872 2501 eramus,
926 2455 938 2479 ι
955 2434 1071 2503 posthac
1085 2432 1139 2488 die.
1166 2433 1261 2503 ltaque
1282 2430 1446 2502 relinquitur
1470 2428 1659 2484 sabbatismus
1674 2443 1726 2500 po-
1829 2476 1833 2481 .

73 2519 168 2589 effecti
179 2535 278 2575 eumue
293 2520 477 2591 pergratiam,
489 2523 644 2592 participer
656 2520 773 2590 Christi,
786 2521 814 2575 id
833 2527 876 2576 est
926 2540 938 2570 ι
954 2519 1018 2591 pulo
1033 2520 1093 2575 Dei.
1109 2518 1162 2592 Qui
1175 2519 1248 2575 anim
1263 2519 1404 2590 ingressus
1419 2524 1460 2573 εει
1475 2517 1502 2571 in
1518 2516 1641 2588 requiem
1654 2517 1723 2586 ejus,

72 2615 178 2678 partem
193 2607 332 2678 capientes
357 2625 419 2664 oum
434 2609 542 2664 Christo
557 2609 584 2663 in
599 2608 759 2664 haereditate
773 2608 872 2664 Patris.
927 2608 1036 2664 «etiam
1050 2609 1110 2679 ipss
1131 2607 1265 2681 requievit
1284 2608 1318 2661 ab
1342 2606 1472 2678 operibus
1495 2605 1562 2671 suis,
1585 2604 1655 2661 sicut
1670 2611 1725 2660 eta
1797 2596 1804 2604 ’

72 2696 129 2753 liae
141 2704 233 2752 tamen
247 2697 403 2752 conditione
413 2697 476 2753 dico
487 2697 646 2769 participes,
658 2700 684 2754 ri
698 2699 874 2754 retineamur
927 2718 939 2747 ι
956 2697 1013 2752 suis
1027 2698 1111 2753 Deus.
1137 2696 1310 2753 Festinamus
1331 2711 1399 2769 ergo
1419 2693 1527 2765 ingredi
1546 2694 1574 2748 in
1588 2693 1663 2748 illam
1677 2708 1724 2749 re-

70 2784 188 2853 firmum
198 2785 330 2857 usquead
340 2786 428 2855 ficem
437 2787 512 2855 uitoe,
525 2787 599 2857 quod
610 2786 874 2857 nunquamdesera·
927 2807 938 2837 ι
956 2786 1049 2857 quiem
1066 2800 1072 2839 :
1089 2792 1120 2840 ut
1133 2802 1168 2841 ne
1182 2785 1210 2840 in
1236 2785 1353 2856 idipsum
1368 2783 1430 2856 quis
1451 2782 1553 2838 incidat
1573 2781 1725 2837 increduli-

36 2860 39 2865 ’
71 2887 133 2928 ιιιιιε
147 2875 268 2929 initium
287 2874 457 2930 substantiae
471 2875 542 2944 ejus,
560 2874 587 2929 id
602 2881 644 2929 εει
658 2873 741 2929 iidem
755 2890 817 2947 quae
832 2882 874 2930 est
926 2896 938 2922 ι
956 2874 1021 2929 ιειίε
1036 2874 1202 2945 exemplum.
1225 2873 1309 2930 Virus
1325 2880 1367 2928 est
1382 2871 1454 2927 enim
1467 2885 1557 2926 sermo
1578 2870 1629 2925 Dei
1640 2877 1667 2925 et
1681 2868 1724 2925 ei-

69 2959 176 3015 initium
191 2957 351 3029 bonorum,
378 2971 404 3018 ει
427 2978 478 3033 per
497 2961 570 3034 quod
589 2963 646 3032 jam
661 2961 829 3029 deificamur,
846 2970 874 3018 et
927 2984 938 3014 ι
955 2961 1034 3030 ficar,
1049 2970 1076 3019 et
1089 2961 1283 3034 penetrabilior
1296 2961 1371 3018 omni
1381 2960 1473 3032 gladio
1482 2958 1602 3030 ancipiti,
1619 2966 1723 3029 etper·

70 3049 170 3105 divinae
191 3050 351 3106 substantiae
365 3051 569 3123 quodammodo
587 3051 796 3122 participamus.
816 3051 873 3108 lte-
926 3051 1064 3123 «tingens
1080 3066 1168 3123 usqua
1192 3051 1228 3105 ad
1249 3049 1411 3105 divisionem
1431 3048 1528 3103 animae
1542 3062 1575 3104 aa
1590 3046 1723 3118 spiritus:

70 3137 215 3206 tineamuS,
230 3137 302 3206 dieo,
318 3138 396 3204 dum,
408 3138 436 3194 id
449 3147 491 3196 εει
505 3139 645 3211 quandiu,
662 3139 772 3196 dicitur
785 3140 813 3194 in
827 3108 908 3197 no·o
925 3161 936 3187 ιι
955 3154 1120 3212 compagum
1145 3154 1254 3211 quoque
1280 3154 1312 3194 ao
1335 3137 1526 3204 medullarum,
1549 3143 1577 3192 ει
1590 3135 1725 3191 discretor

70 3224 113 3281 bis
125 3242 132 3281 :
145 3227 229 3283 Hodie
239 3229 265 3282 ri
276 3242 370 3283 vocem
381 3228 442 3298 ejus
456 3227 617 3297 audieritis,
629 3228 719 3284 nolite
735 3227 873 3285 obdurare
926 3227 1154 3299 «cogitationum,
1164 3235 1191 3282 ct
1204 3226 1384 3281 intentionum
1394 3225 1485 3282 cordis
1495 3225 1593 3296 (Haedi.
1605 3239 1654 3291 xv,
1665 3227 1722 3296 20).

70 3314 154 3371 corde
164 3318 266 3379 vestro,
275 3316 509 3387 quemadmodum
518 3320 617 3388 putrer
628 3316 874 3373 vertriobdurave-
925 3316 989 3370 «lit
1003 3330 1059 3371 non
1073 3322 1116 3370 est
1139 3314 1196 3370 ulla
1219 3321 1344 3370 ereatura
1365 3313 1510 3370 invisibilis
1533 3313 1560 3368 in
1576 3319 1725 3384 conspeetu

70 3410 132 3458 runt
142 3405 236 3459 inille
245 3403 464 3460 exacerbatione
473 3403 599 3476 praelata.
608 3405 681 3460 Bene
691 3403 753 3461 dieo
767 3407 795 3460 in
808 3420 873 3461 exa·
925 3404 1023 3473 «ejus.
1049 3402 1148 3458 Omnia
1170 3409 1260 3458 autem
1285 3403 1358 3457 nuda
1381 3409 1407 3457 et
1433 3409 1527 3472 aperta
1551 3408 1613 3455 sunt
1636 3400 1723 3456 oculis

70 3491 235 3547 cerbatione.
250 3493 456 3560 Quidamerrim
468 3508 571 3559 eorum,
584 3493 733 3549 audientes
743 3493 873 3549 mandate
925 3514 936 3539 «
954 3493 1023 3562 ejus,
1041 3491 1076 3547 ad
1092 3507 1173 3563 quem
1185 3491 1264 3547 nobis
1279 3505 1380 3546 sermo.
1398 3489 1536 3545 Habentes
1552 3504 1619 3561 ergo
1633 3487 1722 3560 ponti·

71 3579 191 3649 Domini,
202 3581 448 3637 exacerbaverunt
457 3582 553 3636 Deum.
566 3582 626 3637 Nom
637 3584 735 3638 tomen
745 3583 872 3639 universi
925 3603 936 3629 ι
953 3579 1032 3636 licem
1046 3594 1177 3651 magnum
1191 3579 1238 3652 qui
1251 3577 1405 3650 penetrarit
1418 3577 1513 3647 coelos,
1522 3577 1615 3632 lesum
1625 3575 1723 3632 Filium

70 3669 247 3741 qeiproleeti
264 3672 333 3725 seret
344 3671 378 3725 ob
393 3671 511 3742 AEqypto
524 3685 577 3742 per
593 3670 710 3742 Moysen,
726 3670 754 3725 id
769 3679 811 3725 est
822 3687 872 3742 per
924 3690 936 3720 ι
954 3668 1014 3735 Dei,
1036 3676 1179 3724 teneamus
1203 3668 1263 3738 spei
1286 3674 1387 3722 nostrae
1415 3663 1630 3722 confessionem.
1659 3664 1722 3719 Non

71 3756 198 3812 ducatum
206 3756 293 3828 lloysi
303 3759 533 3813 exacerbaverunt
542 3759 869 3830 Deum,quianecCaleb,
924 3779 935 3806 ι
952 3756 1025 3812 enim
1039 3757 1171 3812 habemus
1194 3753 1360 3827 pontificem,
1377 3754 1423 3826 qui
1435 3768 1491 3809 non
1505 3752 1593 3824 possit
1605 3751 1723 3823 compati

70 3860 123 3900 nec
146 3845 240 3900 losue.
257 3844 388 3900 Similiter
403 3854 429 3901 et
444 3860 494 3901 vos
507 3845 624 3916 proiecti
637 3847 672 3900 ab
691 3848 809 3919 AEgypto
821 3864 873 3919 per
924 3867 936 3894 ι
952 3844 1153 3900 infirmitatibus
1172 3844 1283 3912 nostris,
1306 3850 1440 3899 tentatum
1459 3849 1550 3897 autem
1568 3857 1617 3912 per
1631 3839 1722 3896 omnia

69 3929 191 4000 Moysen,
217 3929 245 3984 id
258 3937 300 3985 εει
314 3946 330 3984 a
344 3929 463 3985 tenebris
487 3929 655 3986 infidelitatis
669 3946 719 4002 per
733 3931 872 3987 cbristum
924 3949 1002 4004 «pro
1023 3933 1198 3989 similitudine
1219 3933 1323 4004 absque
1342 3939 1464 4003 peccato.
1490 3930 1628 3986 Adeamus
1652 3943 1721 4001 erga

69 4024 275 4074 consecrantem
290 4019 368 4074 vobis
388 4034 486 4091 aquam
504 4019 690 4086 remissionis,
707 4020 789 4076 nolite
803 4036 871 4076 exa·
925 4043 936 4073 ι
952 4037 1015 4079 oum
1033 4020 1130 4078 fiducia
1149 4021 1184 4077 ad
1208 4023 1335 4078 thronum
1357 4020 1453 4092 gratiae
1474 4019 1542 4089 ejus,
1567 4026 1596 4073 ut
1609 4016 1720 4073 miseri·

70 4106 287 4162 cerbareDeum.
297 4108 368 4163 Vere
375 4107 485 4178 quidem
492 4109 733 4174 exacerbaverunt,
744 4108 873 4183 quiaqui·
924 4132 935 4160 ι
953 4110 1076 4167 cordiam
1097 4125 1309 4182 consequamur,
1331 4116 1359 4165 et
1377 4108 1492 4181 gratiam
1506 4105 1678 4163 inveniamus
1692 4105 1721 4162 in

71 4194 267 4264 desiniemus
288 4199 333 4251 eat
349 4196 423 4250 Deus
438 4195 627 4269 quadrupicto
651 4198 748 4266 curie,
775 4213 871 4255 nonme
924 4221 935 4247 ιι
952 4198 1056 4254 auxilio
1071 4206 1236 4270 opportuno.
1256 4222 1267 4247 r

69 4282 131 4338 illis
140 4285 189 4354 qrei
196 4288 385 4355 peccauerunt
396 4284 433 4356 (et
442 4285 629 4356 non'impune)
640 4302 675 4341 ne
683 4285 871 4356 impunitatem
1241 4299 1401 4341 nrosrrto.

68 4364 232 4435 promittatis
246 4366 334 4435 robis,
348 4368 412 4440 quia
421 4369 559 4425 cadauera
570 4386 689 4442 quorum
699 4370 870 4440 peccantium
956 4376 991 4431 Et
1003 4375 1068 4447 quia
1082 4381 1195 4446 propter
1208 4373 1426 4431 incredulitatem
1440 4371 1545 4429 intrare
1559 4385 1614 4429 non
1628 4377 1721 4443 potue·

66 4458 216 4527 prostrato
225 4457 333 4510 suctim
348 4456 543 4514 desertotlllis
557 4458 649 4529 utique
660 4459 734 4514 Deus
746 4458 867 4514 infensus
881 4461 983 4526 Drunt
992 4463 1021 4520 in
1031 4463 1163 4536 requiem,
1176 4462 1259 4536 igitur
1271 4464 1424 4519 timeamus
1434 4477 1470 4518 me
1480 4463 1556 4533 forte
1565 4461 1672 4533 aliquia
1681 4475 1720 4517 se

68 4539 130 4596 fuit.
144 4541 264 4599 369
276 4544 376 4599 lterum
387 4545 423 4600 ad
432 4544 522 4600 idem:
537 4546 640 4613 Quibus
654 4548 871 4620 outemjurovit
920 4552 999 4608 nohis
1013 4553 1199 4610 existimetur
1208 4551 1357 4608 seeundum
1372 4550 1515 4607 veritatem
1522 4550 1616 4606 deesse
1624 4549 1660 4604 ab
1673 4547 1721 4605 illa

70 4630 145 4685 Dens
154 4647 212 4686 mora
226 4633 348 4688 introire
362 4635 394 4689 ira
402 4635 525 4706 requiem
534 4635 633 4706 ipsius,
643 4634 671 4690 id
684 4636 762 4691 estin
775 4636 871 4692 coeles·
919 4641 1023 4713 requie.
1041 4641 1094 4697 Sed
1117 4640 1256 4712 praemittit
1274 4638 1482 4711 possibilitatem
1498 4636 1653 4694 introeundi
1666 4651 1721 4692 no·

69 4726 125 4774 tem
135 4718 314 4789 iherusalem,
331 4720 377 4774 ubi
393 4729 435 4776 est
449 4737 514 4777 vera
529 4722 649 4793 requies,
666 4724 726 4779 misi
744 4724 805 4780 iliis
822 4725 870 4797 qui
919 4729 962 4784 bis
976 4745 1136 4786 concessam
1143 4729 1248 4786 dicens.
1260 4729 1425 4795 Timeamus,
1435 4727 1558 4799 inquam,
1570 4741 1606 4782 ne
1616 4725 1720 4781 relicte

69 4809 191 4877 summi
204 4808 396 4865 increduli-'el
404 4809 431 4863 in
443 4809 535 4865 verbis
541 4811 650 4866 Domini
660 4810 741 4867 fidem
756 4826 811 4867 non
825 4813 871 4867 ha·
918 4813 1720 4891 pollicitationemestfrequentipromissioneirrtrueumdi

72 4894 210 4951 buerunt?
225 4895 331 4964 Quibus
345 4913 396 4968 pro
411 4907 524 4968 peccato
539 4899 681 4970 prostratis
697 4899 765 4956 sicut
778 4900 870 4956 abstu·
918 4907 950 4962 in
965 4908 1090 4979 requiem
1105 4905 1346 4977 ejua,scilieetDei
1362 4922 1369 4960 :
1385 4905 1458 4960 unde
1473 4919 1524 4960 nos
1537 4901 1639 4957 habere
1653 4915 1720 4956 eon·

70 4981 103 5037 lit
121 4990 223 5038 terram
242 4985 482 5056 repromissionis;
500 4987 540 5042 sic
559 5003 650 5043 veram
673 4988 794 5061 requiem
809 5004 870 5061 quae
919 5001 972 5050 stat
991 4993 1148 5049 facultatem
1167 4993 1331 5061 introeundi,
1355 5009 1400 5061 ne,
1419 4993 1542 5064 inquam,
1559 4991 1610 5046 bac
1624 4989 1719 5047 relicta
1790 5051 1792 5054 ,

70 5069 279 5144 significabatur
297 5089 349 5144 per
372 5074 446 5130 illam
469 5083 571 5131 terram
590 5077 709 5134 :Videte
730 5077 821 5150 itaque
835 5094 870 5135 ne
919 5100 971 5155 per
984 5082 1203 5139 incredulitatem
1223 5081 1391 5138 existimetur
1404 5080 1505 5153 aliquis
1519 5087 1643 5137 nostrum
1666 5079 1719 5136 de·

70 5173 121 5215 vos
134 5159 269 5216 increduli
284 5161 369 5233 (quod
383 5164 476 5235 utique
491 5164 568 5236 estis)
581 5165 603 5220 si
619 5165 709 5237 legem
724 5167 803 5239 quasi
818 5183 870 5224 ne·
919 5187 981 5228 esse
997 5187 1013 5227 e
1026 5171 1131 5244 requie.
1146 5172 1220 5227 Bene
1229 5170 1291 5227 dico
1302 5169 1509 5241 pollicitatione,
1520 5169 1627 5226 etenim
1639 5169 1718 5226 nebu

71 5248 223 5304 cessariam
238 5249 302 5306 fidei
321 5250 452 5307 reducitis
467 5268 523 5308 uon
537 5254 681 5309 credentes
695 5270 777 5325 posse
789 5256 870 5325 justi-
920 5262 1090 5317 nuntiatum
1112 5263 1155 5317 est
1176 5259 1422 5333 (quemadmodum
1436 5262 1464 5314 et
1478 5259 1550 5325 iilia)
1571 5274 1622 5329 par
1634 5257 1718 5313 fidem

72 5333 157 5392 ficare
178 5338 266 5392 Deum
290 5354 339 5409 pro
365 5339 555 5397 incredulitate
575 5357 630 5397 non
648 5342 753 5398 intretis
771 5343 800 5398 in
826 5361 870 5401 re·
919 5365 1001 5421 posse
1025 5349 1128 5405 intrare
1153 5348 1181 5404 in
1205 5347 1337 5420 requiem.
1359 5346 1416 5402 lllis
1434 5346 1545 5418 quidem
1564 5345 1718 5401 nuntiatum

72 5424 174 5496 quiem.
194 5426 268 5481 Deus
290 5427 400 5498 quidem
418 5429 520 5498 juravit
541 5445 589 5486 eos
607 5447 661 5487 non
681 5431 829 5488 intraturos
842 5433 871 5488 in
920 5438 979 5505 luit,
1000 5438 1148 5495 redtamen
1167 5453 1225 5494 nom
1237 5436 1349 5509 profuit
1362 5436 1423 5492 iilia
1437 5450 1528 5492 sermo
1541 5432 1718 5489 nuntiationis

70 5513 193 5588 requiem
210 5529 217 5574 ;
229 5522 256 5571 ει
269 5515 339 5574 sicut
353 5517 470 5590 iurarit,
485 5517 625 5591 impletum
639 5520 765 5587 ridemus
780 5536 788 5578 :
803 5524 871 5596 quio
919 5527 1036 5584 auditus
1044 5533 1158 5595 tantum,
1173 5532 1201 5584 et
1210 5539 1269 5583 aera
1284 5524 1427 5584 admistus
1438 5523 1515 5596 fidei,
1531 5529 1561 5579 ιιι
1575 5522 1719 5583 crederent
