3742 5986
46 126 101 179 133
363 119 553 179 expostulo
573 119 610 176 IN
627 115 816 175 urtsrotts
835 112 951 170 PAULI.
974 139 1009 152 -
1030 110 1068 167 IN
1085 109 1195 167 EPIST.
1215 99 1228 166 1
1244 111 1293 168 AD
1313 109 1394 169 COR.
1652 111 1705 168 tat

52 268 65 301 ι
88 248 158 320 Sap.
174 262 215 317 rx,
233 251 265 302 ts
278 265 286 315 3
301 249 378 304 liora
394 262 435 315 nr,
451 247 507 318 at.)
526 270 537 295 τ
552 246 610 302 Nos
624 254 714 301 autem
741 258 853 300 sensum
861 245 889 304 Α
903 236 1030 309 baptismi
1041 244 1068 292 et
1085 236 1210 308 quaedam
1217 234 1279 305 alia,
1298 236 1347 292 sed
1361 251 1422 308 qua
1438 233 1664 303 absconditaest,
1681 242 1710 290 et

54 358 66 389 ι
89 336 349 393 Christihahemus.
373 359 384 384 n
905 325 1008 382 nemini
1021 325 1074 380 nisi
1096 325 1191 396 paucis
1205 341 1255 397 per
1280 324 1409 396 Spiritum
1425 331 1550 380 sanctum
1573 324 1703 390 revelata,

910 418 997 485 Quaen
1013 414 1174 486 sapientiam
1191 415 1263 469 Dens
1273 414 1489 486 pradestinavit
1507 416 1574 468 ente
1589 413 1704 482 secula,

906 503 934 559 id
950 512 991 560 est
1005 504 1079 558 Deus
1090 511 1124 559 ab
1137 511 1239 559 aeteruo
1251 502 1291 558 sic
1315 501 1432 557 suturam
1452 501 1655 573 preordinavit,
1670 502 1703 556 in

907 595 1027 665 pieriam
1037 595 1177 660 nostram,
1194 591 1221 647 id
1238 600 1279 647 est
1294 590 1553 656 omniumfidelium,
1564 599 1593 645 ut
1607 605 1703 646 omnes

95 689 159 745 Dixi
171 688 244 760 quod
263 696 405 744 vocatores
422 689 507 744 vestri
528 688 602 744 stulti
617 696 643 744 et
662 685 855 758 contemptibi-
907 683 1047 753 perhanc
1074 682 1224 738 habeamus
1247 690 1379 738 aeternam
1403 681 1528 753 gloriam.
1557 680 1604 737 Vel
1625 681 1663 734 ita
1676 679 1705 734 in

56 778 99 833 les
115 777 244 832 luerunt:
260 785 287 832 et
301 777 528 848 quemadmodum
543 777 592 843 illi,
614 777 707 848 sicepo
723 779 781 849 ipse
791 793 857 832 eune
906 771 1024 843 gloriam
1040 780 1171 839 nostram,
1187 772 1215 826 id
1229 780 1271 827 est
1286 771 1504 842 praedicatemm,
1517 769 1562 842 qui
1572 769 1705 824 ministra·

57 865 247 923 aenbsemad
259 882 340 932 aeae
350 869 466 937 fratres,
478 884 536 921 non
552 867 617 922 oeni
632 882 683 938 per·
698 866 857 921 sablimita-
907 876 968 913 mus
991 861 1062 916 hauc
1085 861 1255 932 sapientiam.
1273 860 1445 916 Conveniens
1472 859 1581 932 quidem
1598 857 1656 925 suit,
1676 865 1706 912 ut

58 961 117 1010 tem
129 956 279 1020 ser-monis,
295 954 384 1020 idest,
409 954 535 1009 laborans
550 953 696 1010 artificiose
716 953 790 1025 loqui
813 961 859 1009 :et
907 950 1014 1021 nosqui
1029 949 1214 1004 ministramus
1229 949 1299 1016 aliis,
1315 949 1452 1020 copiosius
1476 948 1536 1002 aliis
1550 947 1584 1002 de
1595 949 1646 1002 hac
1661 962 1706 1002 sa-

33 1061 36 1064 *
57 1044 96 1098 uti
110 1043 244 1116 gloriosis
256 1042 357 1109 verbis,
369 1058 430 1099 cum
446 1043 539 1115 utique
548 1051 660 1115 propter
674 1042 857 1115 insipientiam
907 1037 1007 1109 pientia
1018 1037 1232 1111 intelligeremus
1242 1057 1249 1106 3
1259 1038 1322 1110 quia
1331 1039 1504 1110 sapientiam
1514 1038 1707 1108 ncmoprinei-

56 1147 113 1186 non
130 1131 223 1185 dimisi
235 1149 243 1197 ;
253 1138 360 1187 autnon
369 1132 431 1187 veui
441 1149 490 1203 per
500 1132 691 1187 sublimitatem
699 1134 857 1205 sapientia,
906 1143 976 1198 pern
991 1127 1075 1199 liujus
1089 1129 1195 1194 secali,
1205 1127 1234 1181 id
1248 1134 1290 1182 est
1304 1127 1527 1198 philosophorum
1541 1125 1585 1182 vel
1607 1125 1706 1181 dena

59 1228 89 1274 nt
111 1235 163 1291 per
183 1218 350 1274 mundanam
375 1220 536 1291 sapientiam
563 1221 641 1276 vobis
664 1221 853 1293 predicarem.
909 1232 974 1270 num
988 1217 1125 1288 sepnerit.
1150 1217 1220 1273 Vere
1248 1216 1386 1287 principes
1414 1231 1468 1270 nun
1490 1223 1703 1287 coguoverunt:

59 1309 130 1363 Sunt
146 1308 219 1363 enirn
244 1308 354 1380 quidam
374 1309 419 1381 qui
444 1309 573 1365 sublimes
592 1310 702 1382 quidem
717 1326 859 1365 sermones
908 1321 977 1360 reem
991 1307 1018 1361 si
1031 1307 1235 1377 copperissent,
1248 1305 1625 1378 nanquemerucifiaissent,
1642 1305 1705 1358 dia·

54 1397 170 1463 habent,
188 1404 341 1451 nectamen
356 1405 457 1452 tantam
479 1393 641 1469 sapientiam
659 1399 735 1454 artis.
758 1400 859 1455 lterum
909 1392 964 1448 boli
979 1392 1088 1464 quihoc
1115 1401 1264 1464 posuerunt
1291 1393 1319 1447 in
1346 1408 1393 1449 cor
1413 1393 1499 1459 Judae,
1529 1401 1558 1447 ut
1585 1392 1705 1448 traderet

57 1484 172 1556 quidam
189 1484 277 1540 sciunt
286 1494 423 1557 precepta
443 1486 518 1556 artis,
542 1503 596 1542 non
620 1494 710 1543 tamen
729 1489 793 1542 satis
808 1488 859 1541 ha·
909 1497 981 1548 eum,
1000 1482 1042 1537 vel
1057 1481 1084 1535 in
1100 1482 1185 1537 corda
1206 1481 1371 1548 Judaeorum,
1387 1489 1417 1536 ut
1442 1480 1633 1554 crucifigerent
1656 1481 1705 1536 Je-

56 1573 156 1628 bentes
171 1571 279 1629 artificii
303 1574 456 1631 locutionis.
483 1575 553 1648 Ego,
576 1576 695 1648 iuquam,
719 1592 767 1647 per
777 1575 897 1666 subii-B
911 1587 981 1624 sum.
997 1571 1143 1642 Nunquam
1158 1569 1465 1642 utiquecmcisrxissent,
1481 1586 1560 1642 quem
1575 1570 1706 1640 perhanc

57 1662 184 1717 mitatem
195 1663 332 1717 sermonis
354 1671 401 1718 aut
419 1664 559 1735 sapientia
583 1681 639 1720 non
658 1664 720 1720 veni
741 1681 859 1720 annun·
911 1656 1114 1714 crucifixionem
1130 1658 1232 1714 scirent
1246 1675 1308 1714 esse
1322 1660 1473 1715 Dominam
1494 1660 1600 1731 plena.
1617 1659 1706 1715 Sico-

60 1753 140 1807 tians
154 1752 229 1807 vebis
244 1751 407 1807 Christum:
418 1761 445 1807 et
459 1753 511 1808 hoc
526 1769 575 1824 per
588 1752 780 1818 testimouium,
797 1752 861 1824 quia
911 1747 1081 1819 gnevissent,
1104 1763 1159 1803 non
1178 1746 1384 1803 crucifixissent.
1408 1748 1461 1803 Sed
1488 1763 1543 1803 nou
1564 1762 1705 1820 cognove-

341 583 346 590 ·
373 563 533 604 ttxrosmo.

61 1839 138 1911 quod
153 1839 188 1893 de
213 1839 320 1895 Christo
339 1840 474 1907 dicebam,
499 1841 540 1897 sic
563 1840 736 1897 testificatum
750 1841 778 1895 in
801 1857 862 1912 pro·
911 1844 982 1904 111111,
1008 1837 1077 1892 sicut
1100 1836 1231 1907 scriptum
1259 1837 1350 1892 estin
1381 1837 1460 1892 [saia.
1491 1838 1557 1904 Hoc,
1582 1837 1704 1909 inquam,

60 1927 153 1998 phetis
170 1927 361 1984 ostendebam.
372 1930 441 1984 Vere
451 1945 505 1985 non
513 1931 541 1984 in
552 1930 716 1985 sublimitate
727 1929 860 1985 sermonis
911 1925 1110 1996 scriptumest,
1129 1926 1199 1998 qued
1214 1927 1312 1983 orales
1322 1943 1380 1981 non
1395 1924 1550 1997 uiditltlsai.
1571 1940 1648 1992 uxtv,
1664 1928 1703 1996 1).

60 2024 109 2070 aut
125 2016 266 2086 sapientie
281 2016 429 2087 predicavi
450 2034 456 2072 :
474 2016 554 2074 92
575 2034 632 2074 non
647 2021 724 2075 enim
734 2018 862 2089 judacei
912 2014 977 2069 lllud
1007 2015 1080 2085 quod
1107 2014 1142 2070 dc
1166 2014 1256 2070 littera
1285 2014 1360 2069 Pauli
1375 2021 1539 2086 est,=,etnen
1564 2015 1641 2070 lsaiae
1668 2014 1708 2070 sic

61 2121 106 2159 me
122 2107 196 2160 scire
211 2106 320 2176 utiqmd
327 2107 400 2162 inter
413 2123 469 2173 vos,
481 2122 542 2162 cum
552 2107 645 2180 utique
659 2107 744 2162 multa
752 2107 859 2176 scirem,
912 2103 1027 2159 dicentis
1044 2121 1050 2157 :
1069 2104 1181 2173 Oculus,
1193 2103 1220 2158 id
1236 2111 1277 2158 est
1292 2103 1426 2159 sensualis
1435 2104 1527 2170 homo,
1544 2119 1598 2159 non
1613 2119 1662 2174 per
1676 2119 1707 2159 se

63 2194 123 2248 nisi
139 2192 284 2249 Christum
294 2195 398 2264 tesam,
415 2199 443 2251 et
454 2195 530 2252 banc
549 2197 701 2252 secundum
722 2196 862 2251 stultitiam
911 2191 998 2258 vidit;
1015 2195 1042 2248 et
1056 2193 1144 2258 uaris,
1161 2191 1188 2246 id
1202 2198 1244 2247 est
1268 2191 1339 2247 idem
1355 2192 1489 2248 sensualis
1511 2191 1653 2264 quodj'per
1676 2207 1706 2247 se

63 2281 191 2354 gentium
206 2289 232 2336 et
247 2280 430 2338 infirmitatem
441 2284 597 2339 Judaeorum
606 2285 788 2355 crucifixam.
800 2284 862 2339 Non
911 2280 1063 2354 intelligere
1079 2295 1134 2334 nou
1152 2281 1247 2352 potuit,
1264 2280 1361 2337 abalio
1376 2281 1491 2337 docente
1505 2298 1563 2337 non
1577 2281 1707 2348 audivit,·

61 2370 137 2424 enim
147 2370 256 2441 praetuli
269 2387 313 2433 rue
323 2371 384 2426 aliis
408 2372 632 2443 predicatoribus
655 2390 705 2445 pro
728 2372 863 2445 sapientia
912 2385 964 2425 nec
979 2369 1105 2424 etiamin
1118 2385 1175 2435 cer,
1188 2368 1215 2423 id
1230 2369 1313 2424 estin
1328 2369 1416 2441 ipsam
1430 2369 1562 2425 rationem
1578 2369 1704 2439 hominis,

62 2458 159 2513 mundi
170 2474 253 2530 quam
282 2460 450 2528 habueram;
466 2462 516 2518 sed
530 2464 655 2519 eamdem
670 2462 818 2528 stultitiam,
834 2462 863 2517 id
912 2457 939 2516 id
955 2464 996 2512 ast
1009 2457 1162 2512 humaniter
1188 2457 1326 2528 sapientis.
1343 2459 1471 2514 1111111111
1486 2458 1606 2530 1111111111
1624 2459 1706 2514 homo

61 2556 103 2602 est
119 2562 231 2603 crucem
255 2548 354 2604 Christi
369 2550 533 2620 praedicavi,
552 2551 781 2624 quemadmodum
803 2550 861 2605 illi:
912 2546 1084 2617 intelligeret,
1101 2554 1166 2602 tuuc
1193 2546 1289 2618 utique·
1312 2547 1385 2619 quod
1408 2562 1462 2603 non
1476 2546 1632 2621 intelligens
1655 2547 1708 2603 vile

62 2652 113 2707 per
136 2636 332 2692 sublimitatem
363 2639 498 2694 sermonis
513 2648 539 2695 et
554 2641 693 2713 sapientie
720 2656 775 2696 non
789 2639 861 2706 veni,
913 2635 1009 2701 credit,
1026 2635 1188 2691 ascenderet
1208 2635 1237 2689 iu
1252 2651 1294 2701 eo,
1306 2643 1332 2691 et
1346 2652 1477 2710 magnum
1492 2651 1554 2692 esse
1573 2636 1706 2692 crederet.

62 2739 114 2779 nec
129 2723 214 2779 etiam
236 2741 285 2796 per
306 2727 487 2782 reverentiam
521 2744 663 2800 personam
679 2729 728 2784 sed
755 2744 802 2800 epe
820 2725 865 2799 [ai
913 2724 987 2790 llaec,
1013 2723 1133 2795 inquam,
1165 2739 1216 2780 nec
1242 2723 1310 2779 vidit
1337 2724 1501 2780 necandivit
1529 2741 1599 2798 quae,
1612 2725 1639 2779 id
1667 2729 1709 2780 est

64 2812 143 2884 apud
153 2829 200 2869 ves
210 2815 242 2869 in
255 2815 435 2882 infirmitate,
450 2816 530 2873 idest
544 2817 664 2873 inmulta
679 2817 862 2884 tribulatione,
914 2816 1021 2886 quanta
1035 2821 1061 2867 et
1076 2812 1326 2886 quamdignalleas
1334 2815 1506 2887 preparavit
1523 2814 1566 2869 itis
1581 2815 1630 2886 qai
1643 2814 1709 2869 dili·

64 2909 91 2956 ει
105 2909 221 2972 prepter
234 2902 305 2958 hanc
326 2902 509 2960 infirmitatem
535 2905 574 2960 lui
589 2908 620 2962 in
650 2907 749 2963 timere
773 2905 823 2961 Dei
837 2914 864 2962 et
913 2904 985 2973 eunt
1000 2917 1075 2956 eum·
1092 2901 1141 2957 Vel
1155 2900 1222 2956 illud
1238 2902 1311 2974 quod
1339 2917 1439 2958 nomeu
1452 2918 1514 2958 esse
1541 2901 1646 2975 legatur
1656 2901 1705 2957 sic.

63 2993 189 3046 tremore
213 2991 346 3062 corporis.
374 2994 409 3048 Et
446 2994 508 3050 licet
531 2995 590 3051 haec
629 2995 720 3051 omnia
743 2962 898 3067 paterer,c
916 2990 1050 3060 Scriptum
1064 2997 1105 3046 est
1124 2990 1177 3058 hie,
1195 2990 1260 3062 quia
1274 2990 1338 3046 illud
1353 2992 1425 3064 quod
1440 2993 1537 3048 ocutus
1553 3008 1611 3048 aee
1624 2990 1706 3058 stetit,

64 3085 158 3132 tamen
172 3094 263 3135 sermo
282 3096 362 3137 mear
385 3097 466 3153 quem
494 3082 629 3139 habebam
650 3084 678 3138 in
692 3083 815 3155 privatis,
836 3087 865 3139 et
915 3086 941 3133 et
955 3085 1053 3134 caetera
1069 3096 1076 3134 :
1092 3079 1187 3134 estilla
1201 3096 1262 3152 qaae
1283 3081 1455 3152 praeparauit
1469 3082 1543 3138 Deus
1560 3078 1709 3149 diiipenti-

62 3166 232 3240 pradicatio
245 3169 346 3224 meain
361 3169 470 3240 publico
485 3170 578 3226 habita
591 3189 649 3228 nen
672 3175 730 3245 fait
758 3174 789 3228 in
805 3189 865 3246 per·
915 3167 1018 3223 111116·
1035 3167 1205 3223 111θὸ111111
1225 3168 1295 3224 1101111
1312 3169 1416 3225 relatio.

63 3255 247 3311 suasibilibus
259 3257 349 3313 verbis
364 3256 497 3314 humanae
518 3262 684 3333 sapientie,
705 3261 787 3316 idest
810 3276 866 3315 non
951 3254 1059 3311 Diceret
1067 3256 1165 3328 aliquis
1175 3271 1181 3310 τ
1192 3256 1220 3312 Si
1231 3256 1259 3311 in
1269 3272 1315 3312 cor
1324 3257 1441 3313 hominis
1449 3259 1501 3314 hoc
1511 3274 1567 3314 non
1574 3256 1706 3324 ascendit,

65 3349 173 3397 tautum
187 3344 279 3399 studui
292 3346 416 3416 apposite
430 3345 503 3419 loqui
517 3349 551 3402 ad
565 3349 785 3420 persuadendum
797 3367 805 3415 ς
816 3347 865 3405 sed
915 3343 1053 3414 quomedo
1068 3359 1134 3416 ergo
1148 3352 1176 3399 tu
1190 3345 1280 3400 nosti?
1293 3346 1335 3401 Ad
1345 3346 1397 3402 hoc
1412 3347 1530 3401 Paulus:
1546 3347 1635 3402 Nemo
1653 3345 1711 3417 qui·

66 3429 115 3486 tuit
128 3431 289 3502 pradicatio
302 3449 365 3489 mea
377 3435 410 3489 in
424 3438 582 3493 ostensione
597 3439 726 3509 spiritus,
743 3438 771 3492 id
786 3444 866 3493 estut
915 3431 1064 3501 demhujus
1072 3433 1163 3488 saeculi
1174 3433 1709 3506 10310111ἱ1111ζ111111ζ111111111111111111

66 3519 186 3591 Spiritus
200 3528 310 3576 sanctus
326 3524 551 3594 comprobaretur
565 3525 640 3597 loqui
653 3542 704 3598 per
717 3542 770 3581 me.
787 3528 822 3583 lit
837 3527 865 3580 iu
916 3522 1048 3587 exuhnus,
1065 3522 1201 3578 revetavit
1219 3523 1271 3578 hoc
1293 3523 1367 3578 Deus
1386 3540 1436 3596 per
1455 3524 1595 3595 Spiritum
1613 3538 1707 3579 saum.

64 3608 224 3663 ostensione
239 3610 366 3678 uirtutis,
382 3612 457 3667 idest
467 3613 657 3669 miraculorum
680 3614 730 3670 Dei
746 3632 753 3669 ε
767 3621 794 3670 et
803 3614 865 3670 ideo
916 3610 1031 3682 Spiritus
1047 3611 1118 3666 enim
1127 3611 1177 3666 Dei
1187 3611 1288 3683 docuit,
1298 3611 1652 3684 inquohumanasapientia
1662 3629 1710 3683 pe-

65 3696 93 3751 in
109 3696 209 3767 spiritu
220 3705 246 3752 et
257 3697 356 3754 virtute
367 3699 417 3755 Dei
427 3700 526 3768 solum,
538 3706 571 3758 at
585 3703 652 3773 fides
663 3707 767 3770 vestra,
783 3719 865 3775 quam
914 3698 987 3753 uitus
997 3697 1097 3755 delicit.
1107 3700 1277 3756 Credendum
1288 3708 1328 3757 est
1338 3700 1431 3772 utique
1439 3701 1512 3774 quod
1521 3718 1570 3772 per
1580 3701 1711 3773 Spiritum

65 3784 147 3840 robis
162 3784 320 3854 ministravi,
333 3804 391 3844 rten
406 3791 443 3844 sit
458 3789 490 3844 in
500 3792 642 3863 sapientia
653 3792 808 3858 heminam,
817 3792 866 3847 sed
917 3786 995 3844 93
1004 3804 1083 3843 suum
1090 3788 1249 3845 revelaverit
1256 3789 1335 3845 uobis
1345 3791 1418 3846 Deus
1430 3805 1436 3845 :
1448 3791 1519 3846 Nam
1529 3791 1653 3864 Spiritus
1660 3790 1710 3847 bet

64 3869 175 3929 constet
184 3876 217 3929 in
226 3875 331 3932 uirtute
346 3877 404 3933 liei.
420 3877 455 3932 lit
468 3878 531 3934 licet
544 3879 611 3934 nihil
631 3896 676 3937 me
687 3881 866 3951 judicaverim
916 3881 1063 3933 scrutatur
1078 3879 1183 3945 omnia,
1200 3894 1255 3934 nou
1278 3879 1350 3952 quod
1359 3879 1419 3950 ipse
1436 3879 1559 3950 ignotum
1583 3878 1710 3951 quidha-

66 3962 141 4019 seire
158 3962 232 4033 apud
242 3979 301 4031 ros,
318 3969 867 4042 tamennossapientiamloquimar,sed
916 3965 988 4032 beat,
1005 3981 1088 4037 quare
1103 3983 1165 4022 eum
1180 3968 1297 4023 serutari
1320 3975 1452 4040 oporteat,
1469 3968 1518 4024 sed
1539 3967 1602 4040 quia
1626 3967 1712 4039 aperit

66 4052 147 4107 inter
160 4054 310 4123 perfectos,
323 4053 400 4109 vobis
414 4064 505 4111 autem
520 4057 585 4128 quia
597 4057 750 4130 imperfecti
772 4058 864 4127 eratis,
915 4053 996 4108 nobis
1010 4055 1101 4110 omnia
1114 4072 1174 4126 quae
1198 4056 1316 4112 maximo
1344 4057 1475 4113 scrutinio
1507 4065 1569 4111 suut
1596 4057 1708 4112 investi·

65 4139 144 4211 loqui
159 4155 215 4195 non
224 4140 308 4211 potui.
320 4142 375 4197 Sed
384 4142 446 4200 licet
453 4161 508 4201 nou
522 4145 698 4217 loqueremur
706 4163 766 4202 eam
777 4147 864 4216 vobis,
917 4142 1018 4214 ganda.
1033 4143 1128 4214 Aperit
1143 4144 1225 4200 etiam
1234 4144 1312 4200 nobis
1332 4146 1476 4217 profunde
1500 4147 1559 4213 liei,
1575 4145 1603 4200 id
1617 4152 1657 4201 est
1671 4145 1712 4200 al-

68 4236 165 4283 tamen
178 4229 309 4285 haberem
323 4231 496 4303 sapientiam,
510 4251 561 4291 nec
584 4236 723 4292 cernuam
743 4237 792 4292 sed
806 4235 866 4308 spi·
916 4230 1023 4288 tieraet
1038 4232 1184 4289 occultiora
1206 4233 1332 4289 essentiae
1354 4234 1413 4303 Dei,
1429 4241 1457 4289 ut
1480 4234 1547 4290 illud
1573 4234 1710 4306 quomodo

66 4316 207 4384 ritualem,
224 4335 285 4390 quae
298 4317 381 4393 longe
390 4321 499 4393 dignior
512 4331 554 4378 est
563 4324 668 4380 carnali
681 4325 725 4380 cui
740 4319 1032 4381 edhaere-DTriuitas
1058 4321 1085 4375 in
1112 4321 1225 4388 unitate,
1254 4321 1344 4378 unitas
1357 4323 1385 4377 in
1417 4322 1546 4378 Trinitate
1575 4332 1707 4380 maneat:

67 4405 116 4461 tis.
139 4403 221 4474 Quod
236 4407 276 4463 sic
285 4408 337 4464 ait:
346 4410 523 4479 Sapientiam
538 4413 649 4485 quidem
664 4414 807 4480 habemus,
817 4414 867 4469 sed
918 4409 1013 4481 probat
1028 4410 1100 4481 quod
1115 4409 1182 4464 dixit
1196 4425 1213 4465 a
1227 4411 1326 4466 minori
1338 4418 1364 4466 et
1378 4427 1393 4466 a
1409 4411 1489 4467 simili
1499 4413 1535 4467 ita
1548 4413 1633 4469 :Vere
1648 4413 1712 4485 Spi-

68 4511 129 4552 non
144 4509 208 4550 cam
230 4512 291 4567 quae
310 4496 344 4552 sit
360 4498 445 4568 tejas
460 4502 566 4569 soecati,
596 4501 679 4557 idest
705 4501 865 4558 carnalium.
919 4498 987 4553 ritus
1000 4498 1050 4554 Dei
1065 4499 1292 4556 tantumscmtari
1315 4508 1405 4572 potest
1419 4517 1450 4557 ea
1474 4518 1534 4574 quae
1555 4510 1617 4558 sunt
1644 4501 1707 4557 Dei.

69 4582 165 4656 Neque
179 4583 261 4639 etiam
277 4600 336 4640 eam
351 4603 413 4658 quae
426 4587 461 4641 sit
473 4590 637 4662 prinoipem
652 4592 737 4663 bajas
758 4592 866 4658 secati,
918 4588 988 4642 Nam
1003 4589 1123 4660 spiritus
1138 4587 1260 4646 beminis
1270 4597 1373 4645 tanturn
1388 4591 1467 4646 nouit
1482 4608 1515 4647 ea
1529 4608 1590 4664 quor
1610 4592 1712 4663 inipso

69 4670 97 4725 id
112 4679 158 4727 est
167 4671 455 4744 velphilosophorum,
468 4677 511 4732 vel
521 4678 704 4751 malignorum
714 4680 866 4751 spirituum,
924 4678 1035 4734 bomine
1050 4681 1137 4745 sunt,·
1153 4685 1179 4733 et
1195 4678 1218 4732 si
1233 4679 1307 4733 solus
1334 4678 1446 4751 spiritus
1459 4678 1578 4735 hominis
1592 4680 1667 4736 novit
1680 4695 1715 4736 ea

70 4761 119 4832 qui
140 4760 329 4833 principantur
353 4763 509 4821 hominibus
534 4768 638 4836 mundi,
659 4770 707 4841 qai
730 4769 869 4840 principes
920 4781 981 4835 quae
995 4774 1055 4820 sunt
1070 4766 1128 4835 ejus
1138 4766 1265 4834 heminis,
1281 4783 1332 4838 per
1354 4767 1442 4823 simile
1463 4776 1490 4823 et
1503 4784 1519 4823 a
1531 4769 1629 4838 maiori
1644 4784 1713 4825 con-

71 4848 274 4916 dcstruentar,
285 4858 313 4906 et
326 4852 475 4908 secundum
503 4854 653 4911 doctrinam
665 4865 691 4912 et
719 4858 869 4914 seeundum
919 4863 980 4920 stat,
998 4855 1072 4925 quod
1086 4855 1200 4926 Spiritus
1213 4856 1263 4911 Dei
1277 4856 1350 4912 solus
1368 4864 1504 4913 semtetur
1518 4874 1549 4914 ea
1563 4874 1623 4930 quoe
1652 4866 1715 4915 sunt

71 4937 124 4994 hoc
140 4938 334 5011 quodpropter
348 4939 445 4996 falsam
455 4942 607 4999 doctrinam
634 4945 806 5001 damnantur.
817 4946 869 5002 Sa·
920 4942 980 4999 Dei.
990 4941 1069 5011 Quod
1081 4944 1120 4999 sic
1134 4944 1171 4999 ait
1187 4961 1193 4999 :
1210 4944 1336 5016 Spiritus,
1359 4945 1481 5018 inquam,
1502 4956 1714 5020 scrutaturpro-

71 5026 207 5097 pientiam
220 5027 299 5096 huius
314 5030 407 5085 saculi
421 5046 475 5086 uon
493 5032 638 5104 loquimur,
653 5035 701 5091 sed
729 5037 871 5107 loquimar
920 5031 1004 5087 lunda
1017 5032 1077 5087 Dei.
1094 5033 1164 5087 Nam
1174 5033 1234 5106 quis
1248 5034 1388 5090 hominum
1402 5034 1454 5092 scit
1468 5050 1502 5090 ea
1513 5037 1577 5109 'quae
1591 5037 1715 5093 suntho-

72 5115 251 5188 sapientiam
260 5116 320 5183 Dei,
327 5117 487 5175 existentem
500 5120 533 5176 in
541 5124 684 5194 mysterio.
706 5123 870 5194 Sapientiam
920 5120 1003 5175 minis
1015 5121 1135 5187 alterius,
1147 5121 1461 5195 nisilspiritusssejusdem
1475 5125 1593 5180 hominis
1608 5124 1655 5196 qui
1673 5131 1715 5180 est

72 5203 124 5259 Dei
139 5203 185 5260 hic
201 5212 280 5261 vocat
289 5205 354 5260 illud
363 5207 515 5275 consilium,
527 5226 582 5281 quo
591 5212 664 5266 Deus
673 5227 724 5282 per
743 5212 872 5269 incarna—
922 5211 1017 5282 inipso
1030 5210 1140 5267 tNemo
1150 5211 1717 5285 utique.thuandoquidemnemocoguo-

71 5292 174 5349 tionem
184 5292 245 5348 Filii
254 5293 400 5350 humanum
420 5312 508 5368 genus
532 5298 637 5355 salvare
660 5299 802 5372 disposuit.
827 5301 874 5357 Sa·
923 5301 972 5356 scit
982 5317 1042 5373 quae
1051 5308 1114 5356 sunt
1123 5300 1250 5367 hominis,
1262 5301 1315 5357 nisi
1325 5301 1436 5374 spiritus
1446 5301 1626 5372 ejusdem3ita
1635 5301 1719 5358 simili

71 5380 205 5452 pientiam
214 5382 284 5439 hanc
293 5381 562 5455 loquimurlatentem
571 5388 716 5460 mysteri03
726 5406 776 5447 neo
786 5391 833 5460 ita,
845 5397 875 5446 ut
923 5390 1037 5457 ratione,
1049 5397 1076 5446 et
1086 5406 1118 5446 ce
1128 5407 1189 5465 qna
1199 5391 1249 5446 Dei
1265 5396 1346 5459 sant,
1357 5407 1439 5448 nemo
1451 5391 1578 5464 cepnevit
1589 5391 1648 5447 nisi
1658 5391 1720 5464 Spi-

74 5470 232 5543 quicuuque
244 5472 350 5542 possint
365 5488 426 5531 eam
436 5474 662 5545 animadvertere,
673 5487 703 5535 ut
716 5479 874 5551 mysterium
927 5479 1121 5551 ritasDei‚qui
1134 5478 1357 5551 nobistrevelavit
1368 5479 1530 5553 sapientiam
1536 5477 1595 5535 Dei.
1603 5477 1722 5537 Dixerat
