3742 5986
115 189 168 246 203

363 185 392 241 S.
421 185 600 243 BRUNONIS
628 183 950 241 caarflustatvoattu
978 180 1222 239 INSTITUTORIS
1251 181 1327 237 OPP.
1357 181 1446 238 PARS
1474 181 1509 236 11.

1713 183 1769 239 aot

120 330 131 361 «
150 310 222 382 quod
239 326 298 364 sum
315 325 322 363 τ
338 317 365 365 ει
379 309 465 382 gratia
491 311 550 380 ejus
573 309 601 363 in
624 325 668 365 me
683 324 770 365 vacua
783 324 837 364 non
854 307 951 375 luit,A
967 328 979 357 «
996 314 1086 362 autem
1101 306 1280 362 terrestrium.
1296 305 1354 361 hlia
1370 305 1480 361 claritas
1494 304 1570 375 solis,
1585 304 1640 359 alia
1653 304 1768 360 claritas

119 418 130 449 «
147 398 196 453 sed
220 397 402 452 abundantius
418 397 472 451 illis
496 397 621 452 omnibus
636 397 768 453 laboravi.
784 397 846 452 Non
861 411 912 467 ego

117 507 128 538 «
146 493 246 552 autem,
264 486 312 541 sed
323 485 409 556 gratia
423 485 473 540 Dei
488 501 604 542 mecum.
621 485 683 540 Sive
698 484 770 540 enim
781 500 843 557 ego,
855 484 913 540 sive

120 573 197 644 «itti,
221 573 261 629 sic
282 573 500 644 praedicavimus,
521 582 549 628 et
574 573 613 629 sic
637 572 802 628 credidistis.
818 571 847 627 Si
860 587 911 627 au·

117 683 129 709 «
146 669 201 717 tem
215 659 339 716 Christus
353 661 525 732 predicatur,
551 661 623 732 quod
642 661 791 716 resurrexit
804 674 820 715 a
834 675 911 715 mor-

116 771 127 797 α
146 749 208 816 tuis,
224 749 360 821 quomodo
383 750 493 821 quidam
518 750 611 805 dicunt
633 748 663 803 in
682 748 762 804 vobis
785 748 911 820 quoniam

116 836 311 893 «resurrectio
324 844 495 892 mortuorum
520 852 576 892 non
600 843 650 904 est,
675 853 763 909 neque
787 836 911 892 Christus

117 925 304 982 «resurrexit.
348 925 376 981 si
402 932 492 981 autem
520 925 641 980 Christus
670 940 724 980 non
749 923 908 989 resurrexit,

116 1012 235 1069 «inanis
262 1021 303 1070 est
329 1013 487 1084 pradicatio
514 1021 619 1079 nostra,
641 1014 730 1068 inanis
745 1021 787 1068 est
802 1021 829 1068 et
842 1011 910 1067 fides

116 1124 127 1151 «
144 1108 243 1158 vestra.
273 1101 428 1157 invenimur
441 1108 532 1157 autem
546 1109 573 1157 et
588 1101 649 1156 salsi
673 1108 756 1156 testes
770 1100 830 1167 Dei,
843 1115 910 1172 quo-

116 1213 128 1238 «
145 1190 217 1245 niam
240 1189 422 1245 testimonium
446 1188 562 1244 diximus
576 1189 708 1244 adversus
722 1190 820 1257 Deum,
837 1188 909 1259 quod

117 1277 319 1334 «suscitaverit
338 1276 484 1343 Christum,
509 1293 590 1348 quem
614 1293 670 1332 non
695 1276 857 1344 suscitavit,
886 1275 910 1330 si

114 1387 126 1414 «
143 1365 244 1421 mortui
259 1380 313 1420 non
329 1372 486 1435 resurgunt.
503 1366 574 1420 Nam
590 1364 614 1419 si
628 1365 726 1420 mortui
740 1379 795 1419 non
814 1379 908 1419 resur·

114 1474 126 1505 «
143 1460 221 1526 gunt,
238 1469 328 1525 neque
343 1452 467 1507 Christus
481 1452 640 1508 resurrexit.
665 1451 733 1520 Quia
748 1452 771 1506 si
785 1451 908 1507 Christus

114 1563 125 1590 «
144 1556 198 1596 non
213 1540 371 1607 resurrexit,
389 1556 456 1595 vana
470 1548 513 1595 est
527 1538 595 1595 fides
609 1548 710 1596 vestra.
726 1539 822 1596 Adhuc
834 1539 907 1595 enim

964 418 975 442 ιι
993 395 1074 460 lunae,
1092 403 1118 449 et
1128 395 1182 450 alia
1189 394 1300 450 claritas
1312 394 1463 450 stellarum.
1475 393 1558 449 Stella
1568 393 1641 449 enim
1654 409 1671 448 a
1685 392 1768 448 stella

964 504 976 532 «
992 481 1082 538 differt
1096 483 1125 537 in
1138 482 1262 539 claritate
1280 498 1285 536 :
1303 482 1343 539 sie
1358 490 1384 538 et
1399 482 1566 538 resurrectio
1580 489 1764 537 mortuorum.

964 591 976 621 «
994 557 1151 626 Seminatur
1178 571 1206 625 in
1228 570 1409 642 corruptione,
1426 577 1521 642 surget
1535 570 1564 625 in
1578 569 1765 640 incorruptio-

963 675 1036 714 «ne.
1054 659 1207 715 seminatur
1224 659 1252 713 in
1276 659 1456 731 ignobilitate,
1487 667 1582 732 surget
1604 658 1633 712 in
1656 658 1761 731 gloria.

964 765 973 799 ι
993 746 1148 802 Seminatur
1161 747 1190 802 in
1205 745 1371 813 infirmitate,
1390 754 1485 820 surget
1507 747 1536 802 in
1552 747 1659 802 virtute.
1675 746 1766 802 Semi·

963 855 975 885 «
992 843 1074 889 natur
1092 834 1208 892 145
1225 850 1324 906 corpus
1338 835 1466 902 animale,
1482 842 1577 908 surget
1585 850 1688 906 corpus
1703 835 1764 904 spi-

962 921 1098 978 «rituale.
1119 923 1148 979 Si
1163 932 1205 978 est
1218 939 1316 994 corpus
1341 923 1470 993 animale,
1496 931 1538 978 est
1559 931 1587 978 et
1607 922 1763 994 spirituale,

963 1032 974 1063 «
992 1011 1062 1067 sicut
1080 1010 1211 1082 scriptum
1231 1020 1294 1067 est:
1316 1035 1327 1060 ι
1339 1012 1436 1068 Factus
1459 1011 1656 1083 primushomo
1671 1011 1762 1066 hdarn

962 1099 1017 1153 «in
1045 1099 1163 1154 animam
1187 1099 1324 1156 viventem
1347 1100 1458 1171 (Genea.
1473 1115 1503 1167 ιι,
1520 1101 1548 1170 ’1)
1567 1123 1578 1149 ι
1593 1099 1763 1156 novissimus

962 1187 1079 1242 «Adam
1103 1187 1132 1243 in
1154 1187 1277 1258 spiritum
1294 1187 1486 1244 vivificantem.
1509 1187 1563 1243 Sed
1590 1203 1647 1243 non
1680 1188 1761 1258 prius

962 1296 973 1327 «
992 1275 1066 1347 quod
1081 1275 1222 1346 spirituale
1237 1283 1288 1341 est,
1305 1276 1354 1332 sed
1369 1277 1442 1348 quod
1458 1275 1575 1331 animale
1590 1284 1642 1342 est,
1659 1276 1762 1333 deinde

961 1385 972 1411 ι(
991 1363 1064 1435 quod
1079 1364 1220 1434 spirituale
1235 1372 1285 1420 est.
1301 1364 1408 1423 Primus
1434 1365 1517 1420 homo
1532 1364 1567 1420 de
1581 1373 1655 1420 terra
1669 1373 1761 1421 terre·

961 1468 1063 1507 snus:
1093 1452 1229 1508 secundus
1244 1453 1326 1508 homo
1354 1452 1389 1507 de
1417 1453 1488 1509 coelo
1513 1452 1643 1508 eoelestis.
1661 1450 1759 1520 Qualis

960 1562 971 1588 «
989 1547 1123 1606 terrenus,
1140 1540 1209 1595 tales
1224 1547 1250 1596 ει
1280 1539 1382 1596 terreni
1399 1558 1407 1607 ;
1423 1550 1450 1596 et
1464 1540 1551 1613 qualis
1572 1541 1705 1609 coelestiS,
1720 1549 1761 1595 ta·

112 1652 124 1677 a
143 1629 210 1683 ustis
224 1628 252 1683 in
266 1629 386 1700 peccatis
401 1628 510 1684 vestris.
526 1629 601 1701 Ergo
622 1638 649 1684 et
675 1627 719 1700 qui
739 1628 944 1717 dormieruntB
960 1648 972 1678 «
988 1627 1029 1682 les
1045 1635 1071 1683 et
1086 1628 1222 1683 coelestes.
1239 1628 1324 1699 Igitur
1338 1628 1408 1685 sicut
1419 1629 1588 1700 portavimus
1607 1628 1759 1701 imaginem

113 1716 169 1771 «in
186 1716 304 1784 Christo,
331 1716 479 1787 perierunt.
506 1716 534 1771 Si
554 1715 582 1769 in
605 1717 657 1771 hac
676 1716 729 1772 vita
753 1723 857 1770 tantum
879 1715 908 1769 in
961 1715 1103 1783 «terreni,
1119 1724 1261 1787 portemus
1283 1724 1308 1772 et
1323 1715 1470 1789 imaginem
1487 1716 1617 1773 caelestis.
1634 1717 1694 1774 Hoc
1709 1733 1760 1773 au-

113 1828 124 1852 u
142 1804 250 1861 Christo
275 1811 416 1876 sperantes
444 1820 548 1871 sumus,
579 1804 791 1860 miserabiliores
814 1819 908 1858 sumus
960 1811 1043 1859 «tem
1058 1803 1130 1870 dico,
1146 1804 1252 1871 iratres,
1270 1803 1398 1876 quoniam
1407 1820 1473 1861 caro
1484 1813 1509 1861 et
1517 1804 1631 1876 sanguis
1642 1821 1757 1877 regnum

111 1893 267 1949 «omnibus
281 1892 444 1948 hominibus.
469 1893 547 1948 Nunc
570 1900 660 1947 autern
674 1892 798 1947 Christus
812 1907 907 1947 resur·
959 1891 1039 1947 «Dei
1053 1891 1196 1962 possidere
1210 1907 1267 1947 non
1293 1899 1417 1963 possunt,
1446 1909 1536 1965 neque
1555 1893 1697 1964 corruptio
1713 1893 1757 1947 in-

111 1981 242 2036 «rexita
268 1981 380 2036 mortuis
403 1980 529 2051 primitiae
552 1979 755 2046 dormientium,
781 1979 907 2051 quoniam
958 1979 1174 2051 «corruptelam
1197 1980 1357 2051 possidebit.
1391 1982 1464 2038 Ecce
1492 1981 1653 2053 mysterium
1678 1982 1758 2037 vobis

114 2087 125 2119 ι
140 2069 250 2141 quidem
264 2085 315 2140 per
329 2068 467 2124 hominem
481 2084 567 2134 mors,
594 2076 620 2123 et
633 2083 684 2138 per
708 2067 846 2124 hominem
860 2084 907 2123 re·
959 2088 971 2118 «
987 2068 1049 2124 dieo
1066 2083 1072 2121 :
1090 2067 1193 2123 Omnes
1208 2067 1319 2140 quidem
1331 2084 1521 2144 resurgemus,
1533 2069 1583 2125 sed
1592 2084 1649 2125 non
1659 2085 1757 2126 omnes

111 2157 273 2213 «surrectio
295 2165 473 2212 mortuomm.
496 2158 530 2211 Et
564 2154 632 2210 sieut
650 2156 679 2209 in
702 2155 788 2210 Adam
811 2170 907 2211 omnes
959 2155 1202 2211 «immutabimur.
1218 2156 1248 2211 ln
1272 2165 1421 2226 momento,
1437 2156 1466 2212 in
1480 2157 1534 2212 ictu
1558 2156 1643 2223 oculi,
1659 2157 1688 2212 in
1703 2172 1757 2212 no-

111 2243 301 2311 «moriuntur,
326 2245 364 2300 ita
384 2244 413 2298 in
433 2243 541 2299 Christo
569 2259 665 2299 omnes
688 2242 906 2300 vivificabuntur.
958 2265 970 2291 u
987 2242 1098 2299 vissima
1114 2243 1196 2298 tuba:
1213 2245 1379 2300 canetenim
1402 2245 1476 2311 tuba,
1501 2252 1527 2300 et
1545 2245 1645 2300 mortui
1660 2261 1756 2300 resur·

110 2333 331 2405 «Unusquisque
368 2340 459 2387 autem
485 2332 513 2386 ιιι
551 2346 600 2386 suo
628 2331 734 2399 ordine,
779 2331 907 2402 primitiae
958 2339 1052 2404 «gent
1079 2332 1241 2402 incorrupti,
1269 2340 1296 2388 et
1324 2348 1376 2388 nos
1403 2332 1618 2389 immutabimur.
1641 2333 1757 2404 Oportet

111 2444 122 2469 ι
139 2419 262 2476 Christus
279 2436 285 2474 :
302 2420 400 2476 deinde
416 2420 444 2474 bi
459 2420 504 2493 qui
520 2427 583 2475 sunt
597 2419 706 2485 Christi,
727 2419 773 2491 qui
802 2419 829 2473 iu
857 2420 905 2474 ad-

109 2529 121 2560 «
138 2516 220 2564 ventu
236 2509 294 2578 ejus
308 2508 493 2566 crediderunt.
510 2507 615 2564 Deinde
637 2505 709 2578 finis,
733 2521 795 2564 oum
818 2507 905 2563 tradi-

107 2622 118 2646 «
137 2596 206 2651 derit
219 2613 334 2670 regnum
347 2598 406 2652 Deo
421 2605 447 2652 et
462 2597 543 2662 Patri,
572 2612 633 2652 cum
649 2596 819 2652 evacuaverit
842 2611 905 2650 om-

107 2700 199 2740 «nem
227 2685 420 2756 principatum,
445 2693 472 2741 et
500 2691 673 2756 potestatem,
704 2692 731 2740 et
758 2684 899 2740 virtutem.

108 2795 120 2823 ι
137 2771 250 2843 Oportet
264 2782 354 2829 autem
368 2773 444 2828 illum
459 2789 588 2846 regnare,
609 2773 697 2829 donec
711 2780 795 2844 ponat
809 2788 904 2828 omnes

107 2882 119 2913 «
135 2861 260 2917 inimicos
275 2862 326 2916 sub
340 2861 456 2933 pedibus
485 2862 544 2930 ejus
560 2862 647 2930 (Prot.
664 2876 722 2927 err,
748 2862 785 2931 l).
801 2861 903 2916 Novis-

107 2971 120 3001 «
137 2949 205 3005 sime
219 2958 309 3005 autem
323 2949 433 3005 inimica
448 2949 601 3004 destruetur
615 2963 700 3004 mors.
717 2947 816 3003 Omnia
829 2948 901 3003 enim

957 2414 1058 2469 «enim
1086 2414 1263 2486 corruptibile
1285 2415 1338 2472 boe
1367 2415 1479 2472 induere
1506 2415 1754 2488 incorruptionem,

956 2521 971 2554 ι
985 2510 1011 2558 ει
1024 2502 1138 2558 mortale
1152 2504 1205 2560 hoo
1218 2503 1330 2559 induere
1352 2503 1592 2560 immortalitatem.
1618 2505 1688 2560 Cum
1702 2520 1754 2560 au·

957 2597 1041 2646 «tem
1062 2591 1177 2646 mortale
1202 2592 1253 2647 hoc
1272 2591 1391 2648 induerit
1414 2592 1656 2659 immortalitatem,
1688 2601 1754 2648 tunc

957 2702 969 2728 «
986 2677 1032 2734 fiet
1047 2694 1137 2734 senno
1151 2679 1197 2752 (ιυί
1212 2679 1331 2751 scriptus
1355 2687 1396 2736 est
1412 2698 1420 2736 ε
1439 2702 1450 2733 ι
1467 2681 1605 2752 Absorpta
1620 2689 1662 2736 εει
1676 2697 1754 2737 mors

956 2788 968 2819 «
985 2767 1014 2820 in
1026 2766 1139 2823 victoria
1149 2768 1222 2838 (Ore.
1238 2783 1300 2836 ιιιιι,
1319 2768 1373 2839 ιι).
1390 2790 1404 2822 ι
1420 2769 1472 2826 Ubi
1480 2777 1532 2835 est,
1542 2784 1626 2836 mors,
1638 2768 1753 2826 victoria

956 2875 968 2905 «
985 2862 1030 2909 tua
1041 2854 1055 2908 ι
1068 2855 1120 2912 Ubi
1135 2863 1187 2923 est,
1203 2871 1289 2922 mors,
1306 2855 1432 2912 stimulus
1446 2856 1532 2912 tuusi
1547 2856 1678 2913 Stimulus
1701 2874 1753 2936 au·

956 2966 969 2992 «
986 2951 1039 2998 tem
1054 2944 1148 2998 mortis
1162 2952 1303 3015 peccatum
1319 2952 1369 3013 εει,
1386 2944 1470 3000 virtus
1485 2960 1552 3001 vero
1566 2945 1670 3016 peccati
1689 2945 1748 3001 lex.

108 3060 120 3088 ι
138 3037 252 3107 subjecit
265 3037 316 3092 sub
330 3038 446 3108 pedibus
464 3038 523 3107 ejus
538 3037 626 3108 (Paul.
643 3052 701 3102 vm,
717 3036 755 3107 8).
770 3036 838 3091 Cum
853 3051 901 3091 au·
914 3004 938 3067 ⁰
954 3054 965 3079 ι
982 3032 1041 3087 Deo
1055 3041 1146 3087 autem
1161 3032 1272 3105 gratias,
1288 3033 1334 3105 (ιυί
1349 3033 1424 3088 dedit
1439 3033 1518 3088 nobis
1532 3033 1684 3103 victoriam,
1700 3050 1752 3105 per

108 3135 193 3182 «tem
221 3125 314 3182 dicat:
346 3123 444 3181 Omnia
473 3124 593 3194 subjecta
607 3125 714 3192 suntsi,
738 3123 797 3179 sine
820 3124 901 3181 dubio
953 3120 1128 3175 «Dominum
1142 3128 1264 3176 nostrum
1279 3121 1371 3176 lesum
1386 3121 1522 3176 Christum
1536 3122 1563 3192 (l
1573 3123 1655 3179 loon.
1667 3137 1698 3191 v,
1709 3122 1749 3194 t).

107 3222 238 3286 «praeter
258 3229 321 3269 eum
343 3214 389 3286 (ιυί
409 3213 525 3284 subjecit
547 3213 574 3268 ei
595 3212 695 3269 omnia.
721 3215 787 3268 Cum
810 3221 900 3268 autem
953 3208 1085 3280 «ltaque,
1100 3207 1198 3264 iratres
1222 3209 1276 3264 mei
1291 3209 1392 3275 dilecti,
1409 3208 1520 3264 stabiles
1542 3217 1630 3265 estote
1656 3216 1684 3265 et
1698 3210 1750 3264 im·

106 3322 118 3355 «
135 3301 216 3376 [Nam
231 3300 302 3364 cumi
317 3301 440 3371 subjecta
467 3300 567 3356 luerint
579 3301 618 3355 illi
632 3299 734 3367 omnia,
763 3308 828 3357 tune
841 3301 900 3371 ipse
953 3315 965 3346 ι
982 3296 1096 3351 mobiles
1112 3313 1118 3350 :
1135 3296 1304 3352 abundantes
1319 3296 1347 3351 in
1362 3297 1436 3352 omni
1450 3312 1534 3368 opere
1545 3296 1663 3363 Domini,
1675 3313 1750 3352 sem·

106 3390 207 3446 «lilius
221 3389 360 3460 subjectus
384 3390 435 3445 erit
461 3389 499 3444 illi
519 3389 565 3461 qui
591 3389 705 3459 subjecit
729 3389 780 3444 sibi
798 3389 899 3455 omnia,
953 3407 965 3432 ι
980 3400 1031 3455 ρει
1045 3384 1163 3441 scientes
1178 3384 1251 3457 quod
1277 3385 1357 3441 labor
1377 3393 1471 3442 vester
1491 3401 1547 3441 non
1562 3393 1603 3442 εει
1617 3384 1706 3441 inanis
1719 3385 1749 3440 in

105 3501 118 3531 ι
135 3487 165 3535 ut
179 3479 214 3534 ειι
226 3479 301 3534 Deus
314 3479 407 3534 omnia
421 3478 449 3533 in
474 3477 611 3533 omnibus.
636 3477 764 3549 Alioquin
779 3477 843 3549 quid
859 3476 901 3533 ia·
952 3494 964 3521 ι
981 3472 1109 3528 Domino.
1126 3497 1138 3522 ι

105 3568 214 3636 «cient,
231 3567 277 3639 qui
301 3567 472 3638 baptizantur
498 3581 548 3636 pro
576 3565 716 3621 mortuis?
745 3564 773 3621 Si
787 3565 900 3622 omnino

106 3656 234 3712 «mortui
260 3670 315 3710 non
344 3661 500 3727 resurgunt,
529 3661 557 3708 ut
584 3653 649 3724 quid
678 3660 705 3708 et
729 3652 900 3724 baptizantur

105 3764 117 3795 ι
134 3759 185 3815 pro
199 3742 275 3797 illisi
290 3743 324 3798 Ut
335 3741 401 3813 quid
415 3749 442 3796 et
456 3756 507 3796 nos
522 3740 710 3811 periclitamur
720 3741 795 3796 omni
808 3741 899 3797 horai

105 3853 116 3879 a
135 3829 262 3899 Quotidie
289 3829 392 3884 morior
419 3836 531 3899 propter
562 3836 680 3883 vestram
705 3829 820 3900 gloriam
839 3828 899 3902 [pro
985 3832 1130 3904 Postquam
1146 3832 1239 3889 docuit
1253 3849 1301 3889 eos
1315 3834 1350 3890 de
1365 3835 1509 3906 baptismo,
1535 3836 1700 3908 decerpere
1718 3847 1746 3895 et

103 3925 225 3973 «vestra
240 3914 350 3989 glorial,
366 3914 475 3983 fratres,
491 3931 571 3986 quam
588 3916 677 3971 babeo
692 3916 836 3972 ianristo
851 3917 898 3973 ιε·
949 3920 1083 3992 sanguine
1105 3921 1214 3976 Domini
1236 3930 1261 3977 ει
1289 3922 1324 3978 (ιε
1345 3922 1425 3978 donis
1449 3923 1565 3994 Spiritus
1586 3925 1684 3994 sancti,
1711 3927 1746 3982 ad

105 4029 116 4053 ι
134 4022 166 4061 su
181 4004 298 4060 Domino
311 4011 414 4059 nostro.
433 4003 460 4058 Si
475 4004 623 4059 secundum
639 4004 777 4060 hominem
792 4005 828 4059 ad
848 4005 898 4061 be·
949 4007 1072 4063 ultimum
1087 4008 1195 4064 instruit
1210 4025 1259 4065 εοε
1278 4010 1313 4065 (ιε
1338 4011 1538 4068 resurrectione
1564 4021 1744 4084 mortuorum,

104 4115 115 4145 «
134 4093 200 4148 stias
215 4092 336 4165 pugnavi
350 4091 461 4163 Ephesi,
477 4092 541 4164 quid
556 4092 622 4146 mibi
636 4093 749 4163 prodest
763 4093 787 4147 si
801 4093 899 4148 mortui
949 4111 1031 4167 quarn
1045 4096 1143 4167 partim
1165 4096 1323 4164 credebant,
1348 4099 1446 4169 partim
1470 4099 1615 4172 negabant.
1640 4102 1745 4158 Crede·

104 4198 189 4238 «non
203 4181 381 4254 resurgunt?
399 4180 595 4236 Manducemus
622 4188 649 4236 et
677 4181 812 4244 bibamus,
837 4196 898 4237 cras
948 4182 1014 4238 bant
1028 4184 1101 4240 enirn
1115 4185 1249 4240 Christum
1270 4201 1333 4241 vere
1347 4187 1498 4242 surrexisse
1512 4189 1658 4244 amortuis
1673 4208 1681 4257 ;
1698 4205 1746 4246 eos

103 4290 115 4321 «
132 4270 205 4325 enim
220 4269 369 4325 moriemur
382 4269 458 4341 (Sap.
475 4283 505 4336 ιι,
522 4271 555 4337 6;
571 4268 623 4325 lau.
643 4285 713 4336 xxrr,
735 4270 791 4341 13).
808 4268 898 4325 Νοιιιε
948 4271 1030 4326 ειιειιι
1044 4272 1131 4344 quiin
1146 4273 1293 4343 novissima
1314 4274 1379 4329 tuba
1395 4284 1579 4346 morerentur,
1595 4285 1623 4333 et
1635 4277 1746 4349 integra

105 4379 117 4410 «
135 4357 238 4413 seduci.
255 4357 438 4427 Corrumpunt
456 4372 548 4412 mores
562 4357 649 4413 honos
663 4357 800 4430 colloquia
813 4357 894 4412 mala.
910 4350 1029 4415 Dcarne
1043 4359 1132 4414 statim
1148 4360 1352 4431 reviviscerent,
1379 4362 1430 4417 hos
1443 4363 1513 4419 tales
1536 4364 1687 4420 credebant
1702 4381 1746 4421 re·

103 4445 268 4518 «Erigdate
291 4445 367 4513 iusti,
397 4452 424 4500 et
450 4445 534 4501 nolite
560 4460 678 4516 peccare
695 4462 701 4500 :
718 4445 897 4518 ignorantiam
948 4455 1128 4504 surrecturos.
1155 4448 1210 4504 Sed
1234 4464 1282 4505 eos
1304 4464 1420 4521 quorum
1442 4465 1560 4522 corpora
1581 4451 1609 4507 in
1636 4453 1743 4509 cineres

104 4534 205 4591 «anim
234 4533 285 4589 Dei
312 4533 422 4605 quidam
450 4533 559 4589 habent.
588 4533 631 4588 Ad
653 4532 835 4588 reverentiam
849 4548 898 4589 vo·
946 4535 1171 4602 dissolverentur,
1187 4536 1313 4593 dicebant
1326 4537 1402 4593 nulla
1421 4539 1527 4594 ratione
1547 4555 1631 4610 posse
1644 4557 1743 4597 resur-

103 4644 115 4675 «
133 4623 175 4678 bis
189 4623 296 4695 loquor.
313 4622 367 4677 Sed
382 4621 455 4677 dicet
469 4621 568 4693 aliquis
580 4639 586 4675 :
599 4618 743 4688 Quomodo
752 4627 898 4693 resurgent
946 4639 1022 4695 gere.
1038 4624 1214 4680 Naturalihus
1228 4640 1313 4696 supra
1339 4627 1451 4682 modurn
1470 4627 1642 4684 adherentes
1656 4646 1743 4701 argu·

103 4735 114 4760 ι
131 4710 254 4767 mortuil
268 4709 347 4779 Quali
371 4717 463 4765 autem
478 4724 594 4781 corpore
609 4707 737 4765 venient?
751 4707 895 4779 insipiens,
946 4711 1055 4766 mentis.
1071 4711 1170 4767 Littera
1182 4713 1224 4768 sic
1236 4713 1375 4785 juugitur:
1391 4716 1431 4770 De
1445 4714 1547 4788 linguis
1562 4723 1587 4771 ει
1600 4718 1743 4788 prophetia

103 4808 160 4855 «tu
175 4798 247 4871 quod
273 4798 390 4854 seminas
416 4813 472 4853 non
499 4795 659 4865 vivificatur,
677 4795 729 4850 nisi
743 4795 818 4866 prius
838 4812 897 4852 mo·
945 4798 986 4856 sic
1000 4815 1049 4856 vos
1063 4799 1159 4856 doceo.
1176 4803 1537 4860 lleresurrectioncoutem
1552 4810 1740 4876 mortuorum,

103 4887 227 4942 «riatur.
243 4888 276 4942 Et
292 4886 365 4958 quod
379 4885 509 4951 seminas,
535 4899 588 4939 non
617 4899 717 4954 corpus
735 4883 807 4955 quod
821 4882 896 4939 lutu-
944 4891 1045 4944 notum
1062 4889 1136 4959 focio
1158 4890 1241 4959 uobis,
1257 4893 1384 4962 fratres:
1399 4893 1509 4958 notum,
1525 4892 1646 4964 inquam,
1671 4892 1741 4950 facio

102 5003 114 5026 «
131 4991 191 5030 rum
214 4983 256 5031 est
281 4975 410 5040 seminas,
432 4973 482 5029 sed
506 4972 608 5027 nudum
632 4988 757 5042 granum,
783 4980 897 5044 utputa
944 4976 1137 5047 Euangelicm,
1167 4977 1195 5032 id
1218 4986 1269 5045 est,
1292 4979 1520 5035 resurrectionem
1544 4989 1739 5048 mortuorum3

105 5063 222 5130 «tritici,
250 5071 296 5119 aut
319 5063 435 5132 alicujus
464 5067 636 5116 caeterorum.
656 5061 730 5116 Deus
745 5067 835 5116 autem
849 5060 896 5116 dat
945 5063 1019 5135 quod
1034 5064 1149 5119 maxima
1176 5081 1239 5136 pars
1266 5074 1308 5121 est
1329 5083 1398 5122 meaa
1425 5067 1627 5138 praedicationis
1643 5088 1651 5135 ;
1667 5069 1739 5139 ouod

102 5174 114 5204 «
129 5152 169 5207 illi
197 5167 297 5223 eorpus
311 5152 383 5207 sicut
397 5149 462 5216 vult,
479 5156 506 5203 et
520 5147 666 5219 unicuique
680 5148 815 5204 seminum
830 5164 896 5220 pro·
944 5151 1123 5223 Evangelium
1138 5152 1172 5207 de
1186 5154 1387 5210 resurreetione
1403 5171 1455 5227 ego
1476 5156 1630 5228 predicavi
1654 5159 1739 5224 υοιίε,

102 5265 113 5290 ι
130 5241 220 5312 prium
234 5256 344 5311 corpus.
361 5240 425 5294 Non
438 5235 527 5292 omnis
541 5250 605 5292 caro
633 5236 727 5293 eadem
742 5252 806 5293 caro
823 5255 829 5292 :
846 5237 895 5294 sed
944 5255 979 5294 ne
993 5240 1147 5295 obtendatis
1169 5256 1219 5296 vos
1242 5242 1321 5313 quasi
1339 5242 1498 5313 ignoranter
1513 5260 1650 5315 peccare;
1667 5245 1740 5318 quod

101 5352 113 5378 «
131 5329 184 5386 alia
197 5328 348 5394 hominum,
363 5325 415 5380 alia
442 5339 581 5395 pecorum,
598 5324 652 5380 alia
672 5325 825 5393 volucmm‚
842 5325 895 5380 alia
944 5328 1032 5384 etiam
1056 5330 1260 5401 eucaristiam
1280 5337 1359 5402 turpe
1380 5346 1442 5387 esse
1465 5332 1547 5388 debet
1561 5333 1636 5405 quod
1653 5332 1741 5389 semel

101 5436 113 5469 «
131 5425 222 5473 autem
237 5414 363 5488 piscium.
378 5414 413 5469 Et
426 5426 542 5482 corpora
570 5412 700 5482 coelcstia,
726 5421 753 5470 et
776 5428 895 5486 corpora
943 5415 1014 5472 bene
1024 5416 1175 5473 credidistis
1187 5434 1194 5472 :
1206 5417 1303 5474 iterum
1312 5434 1426 5492 negare,
1437 5421 1469 5476 ies
1479 5437 1532 5493 quo
1542 5422 1740 5490 ctiomrtutiar

102 5520 115 5559 ι
133 5503 275 5561 terrestria
290 5518 297 5557 ε
310 5501 360 5559 sed
374 5500 427 5558 alia
436 5499 548 5574 quidem
562 5500 714 5559 caelestium
728 5501 827 5575 gloria,
842 5502 894 5559 alia
943 5503 997 5562 nisi
1009 5504 1083 5562 enim
1103 5505 1330 5564 resurrectionem
1353 5507 1482 5578 credatis,
1504 5507 1607 5567 frustm
1627 5509 1656 5567 in
1682 5509 1740 5568 fide

1272 3681 1429 3725 arrosmo.
