3750 5984
72 187 125 243 bii
391 188 582 248 meosrrlo
601 192 639 248 IN
656 192 848 252 cristatas
866 193 979 253 rauci.
994 225 1030 238 —
1043 196 1206 255 marist.
1226 199 1274 255 AD
1290 199 1393 259 iiiiliii.
1669 205 1722 262 ost

72 317 102 366 ut
129 310 231 378 sidera,
261 311 339 367 multi
367 313 474 370 steriles
498 324 525 371 et
560 315 719 373 infructuosi
749 318 777 374 ia
798 318 872 374 littus
886 319 966 384 Asui
981 319 1069 393 (Psoi.
1085 335 1162 393 xsrr,
1176 323 1215 393 7).
1230 325 1329 397 loseph
1345 325 1469 382 moriens
1491 327 1557 396 pide,
1572 327 1656 384 idest
1670 345 1720 400 per

72 397 141 471 [al.,
156 398 232 473 ritus]
246 400 389 473 gemilium
404 411 466 462 suas
475 403 643 477 praecipitati.
658 406 692 461 Et
702 423 799 463 omnes
811 409 870 479 isti,
923 407 1014 474 fidem,
1025 414 1199 467 memoratus
1223 412 1256 467 de
1274 413 1450 484 profectione
1472 414 1598 483 filioram
1621 416 1719 485 lsrael,

73 487 351 559 monomachias,
374 492 453 547 issac
482 500 510 547 et
531 494 624 562 Jacob,
646 495 777 565 defuncti
792 500 870 567 sunt,
922 496 1149 568 quodproiecturi
1160 507 1253 555 essent
1267 500 1301 555 de
1316 501 1441 574 AEgypto,
1455 503 1543 558 ethoc
1552 519 1719 571 memorans,

73 575 156 631 etiarn
190 592 253 634 cum
274 586 455 646 morerentur,
487 581 634 637 existentes
659 585 748 656 juata
775 585 870 654 tidem,
921 585 1070 642 mandavit
1083 587 1116 642 de
1130 589 1235 644 ossibus
1250 589 1318 658 sais,
1336 596 1365 643 ut
1379 589 1551 646 deterrentur
1574 592 1609 646 ad
1625 591 1719 663 sepul-

71 664 156 720 idest
178 667 321 722 credentes
344 684 374 724 se
397 677 558 740 accepturos
579 671 716 742 promissa
738 671 797 728 Dei.
814 673 871 727 De·
921 679 1008 727 turam
1035 674 1170 742 Abrahae,
1199 675 1339 732 confidens
1367 685 1394 734 et
1421 687 1625 736 resurrecturos
1657 695 1720 737 esse

69 753 165 823 iuncti,
181 755 302 827 inquam,
318 763 390 823 sunt,
406 774 464 813 non
476 760 601 831 acceptis
611 761 871 831 repromissionibus
921 775 982 816 curn
997 761 1102 818 Christo
1117 763 1178 820 iilos
1198 752 1298 836 quihus
1319 764 1392 822 laeta
1411 774 1468 822 erat
1489 768 1678 840 repromissio,
1695 768 1720 824 si

69 841 98 897 in
114 842 178 910 vita,
194 844 242 900 sed
255 846 428 917 aspicientes
446 863 492 903 eas
510 847 739 918 repromissiones
767 848 871 905 iutnras
921 862 1034 919 corpora
1064 865 1158 907 eorum
1185 851 1374 909 invenirentur
1400 853 1429 909 in
1457 861 1532 911 terre
1568 856 1718 928 repromis-

68 947 88 986 a
106 932 196 1004 lonae,
212 933 240 988 id
250 941 292 988 εει
304 932 332 988 in
347 932 443 990 diebus
453 935 562 1001 Christi,
575 939 604 991 et
618 936 789 1004 salutantes,
801 937 871 993 sicut
920 936 1015 991 sionis.
1665 936 1671 950 '

67 1027 160 1075 nautae
174 1020 303 1091 patriam,
320 1037 402 1094 quam
423 1024 535 1096 alonge
554 1023 677 1080 videntes
691 1025 802 1081 multum
821 1026 870 1082 de·
957 1024 1058 1097 llopses
1081 1029 1169 1083 natus
1189 1043 1242 1098 per
1264 1029 1360 1098 fidem,
1388 1029 1452 1101 quia
1475 1031 1649 1088 crediderunt
1664 1048 1716 1103 pa·

68 1106 201 1175 siderant,
217 1112 247 1165 et
265 1111 434 1179 confitentes
453 1111 487 1166 de
503 1127 533 1167 se
548 1113 614 1183 quia
627 1111 680 1183 ipsi
702 1117 770 1169 sont
786 1129 869 1186 super
918 1117 1011 1167 rentes
1025 1113 1096 1168 hunc
1120 1130 1251 1185 magnum
1275 1116 1405 1184 futurum,
1430 1118 1554 1175 videntes
1578 1119 1636 1188 ejus
1657 1119 1717 1176 ele·

68 1199 178 1252 terram
202 1199 355 1270 perecrini,
385 1215 494 1270 semper
508 1199 542 1255 ad
556 1199 609 1255 alia
633 1207 815 1267 transeuntes,
839 1205 868 1258 et
918 1199 1366 1270 gantiam,oocaitaiasesttribas
1376 1207 1716 1279 mensibusaparentibus

67 1282 202 1356 hospites,
214 1285 292 1341 idest
308 1286 417 1342 aliunde
433 1288 582 1344 venientes.
598 1288 663 1344 ideo
681 1295 708 1344 et
723 1288 764 1345 sic
778 1286 866 1345 confi·
919 1288 1040 1345 405
1050 1292 1153 1359 sotsac
1164 1291 1235 1363 quod
1245 1293 1379 1349 vidissent
1389 1295 1535 1365 infantem
1545 1297 1714 1367 elepantem,

66 1379 172 1440 tentes,
188 1374 236 1446 qai
250 1377 328 1430 enim
343 1376 443 1432 dicum
452 1375 520 1443 heo,
531 1375 646 1443 scilicet,
658 1393 688 1432 se
703 1377 866 1450 peregrinos
917 1381 1012 1433 etnon
1024 1378 1183 1435 timuerunt
1194 1379 1320 1437 edietum
1339 1383 1422 1451 repis,
1432 1382 1593 1453 quiomnem
1607 1400 1713 1439 mascu-

65 1477 130 1517 esse
149 1467 177 1518 et
198 1462 330 1533 hospites,
347 1463 391 1520 his
404 1464 498 1520 verbis
523 1465 690 1535 sipni,ieant
716 1480 747 1520 se
771 1480 865 1521 reram
915 1464 971 1520 lurn
985 1464 1014 1519 in
1028 1467 1121 1536 pueris
1136 1468 1316 1523 iiehraeorum
1329 1469 1448 1537 jusserat
1468 1469 1595 1525 interfici.
1611 1472 1714 1543 Moyses

64 1552 193 1621 patriam
203 1551 359 1623 inquirere.
915 1553 997 1608 etiam
1012 1554 1128 1625 orandis
1152 1557 1258 1626 sactum,
1274 1559 1387 1629 nepaoit
1402 1574 1432 1613 se
1446 1574 1504 1613 esse
1529 1558 1623 1626 filium
1644 1559 1713 1627 filie

101 1637 210 1694 Diceret
218 1638 316 1711 aliquis
333 1655 339 1694 :
356 1639 532 1712 iuquirebant
547 1639 673 1707 alienam,
690 1639 753 1712 quia
768 1640 865 1696 tortas·
914 1641 1074 1698 Pharaonis
1083 1643 1346 1715 perfidem,elipens
1356 1647 1446 1717 monis
1456 1644 1545 1717 affliai
1555 1659 1714 1717 compopu-

63 1725 104 1780 sis
118 1726 240 1782 adsuam
255 1728 370 1798 patriam
385 1728 485 1785 reverti
505 1745 560 1784 non
583 1736 721 1799 poterant.
741 1728 783 1782 hd
811 1727 863 1785 hoc
878 1693 1426 1803 Bhoeiqaamaaoerejaaanattacem
1438 1734 1712 1805 temporaiispecca·

63 1813 186 1870 Paulus:
207 1817 271 1872 iiaec
286 1817 421 1883 dicebant,
452 1820 480 1874 et
501 1819 526 1873 si
540 1817 652 1890 quidem
665 1817 865 1873 meminissent
915 1817 947 1882 ti,
959 1821 988 1873 et
1005 1818 1210 1890 improperium
1231 1818 1345 1885 Christi,
1358 1819 1469 1891 qnodin
1487 1836 1517 1875 εε
1526 1820 1645 1890 patiente
1660 1836 1711 1891 pro

62 1903 145 1959 iilius
159 1903 262 1975 patriae,
279 1905 312 1960 de
326 1921 381 1978 aaa
391 1907 536 1971 exierunt,
546 1905 668 1962 volentes
678 1905 743 1961 illuc
754 1903 861 1974 reverti,
913 1903 1022 1960 Christo
1029 1904 1406 1979 praefigurataeaaaamam
1421 1923 1480 1964 esse
1498 1907 1711 1980 diuitiasmcjo·

62 1992 161 2063 atique
177 1992 314 2049 habebant
330 1998 451 2067 tempus,
464 1993 491 2047 id
506 2000 547 2048 est
562 1993 798 2063 opportunitatem,
815 2009 862 2048 re·
912 2009 958 2048 res
967 1996 1045 2049 amai
1059 1993 1191 2050 thesauro
1206 1996 1412 2066 AEpyptiorurn.
1425 1995 1488 2051 ideo
1499 1995 1538 2050 sic
1551 1995 1710 2052 existimans

62 2081 203 2136 vertendi.
229 2081 284 2137 Sed
308 2099 395 2150 nane,
412 2090 557 2152 postquam
577 2081 648 2136 illius
662 2096 717 2136 non
730 2080 862 2136 memine-
912 2082 978 2152 qaia
992 2081 1146 2153 aspiciebat
1159 2082 1192 2137 in
1207 2086 1466 2138 remunerationem
1478 2082 1667 2150 loturam,n0n
1679 2084 1709 2139 in

62 2175 134 2237 rant,
151 2172 290 2241 appetunt
303 2171 448 2226 meliorem
459 2168 585 2240 patriam,
609 2169 637 2223 id
653 2178 695 2224 est
709 2170 859 2225 calestem.
911 2168 1035 2224 laborem
1054 2177 1218 2239 praesentem
1236 2170 1281 2226 vel
1296 2170 1503 2239 jucunditatem.
1528 2171 1636 2241 lloyses
1658 2187 1709 2243 per

60 2257 97 2312 Et
109 2256 172 2328 quia
187 2257 325 2313 coelestem
340 2264 477 2328 appetunt,
500 2258 560 2313 ideo
576 2257 648 2312 iteras
660 2274 718 2314 non
736 2260 860 2329 consun-
910 2256 995 2326 fidem
1015 2257 1132 2329 reliquit
1162 2260 1322 2330 AEppptum,
1348 2259 1468 2314 educens
1486 2258 1551 2313 inde
1579 2258 1709 2329 populum

61 2344 151 2414 ditur,
163 2344 191 2400 id
205 2352 247 2400 est
267 2361 321 2401 non
343 2345 479 2402 crubescit
493 2345 587 2402 vocari
600 2346 673 2402 Deus
695 2361 791 2401 eorum
806 2364 816 2400 :
831 2351 860 2399 ut
909 2344 1137 2411 iudaeorumnon
1147 2346 1255 2402 veritus
1263 2347 1475 2402 animositatem
1486 2348 1558 2417 repis
1568 2346 1709 2417 AEpyptio·

59 2431 169 2489 dicatur
189 2435 261 2489 Deus
285 2434 431 2501 Abraham,
448 2435 523 2489 isaac
543 2441 569 2488 et
582 2435 677 2490 Jacob.
694 2433 758 2488 ldeo
785 2433 860 2488 Deus
909 2449 985 2489 ram.
997 2433 1126 2488 ideonon
1137 2433 1237 2489 veritus
1252 2435 1318 2506 qaia
1334 2434 1474 2490 sustinuit
1492 2433 1672 2499 invisibilem,
1680 2433 1708 2488 id

59 2535 156 2576 eorum
165 2531 286 2587 vocatur,
298 2520 857 2594 quiaparnoitiliiscoelestemcivitatem.
910 2521 1626 2592 esterspepectavitlteum,quemviderenonpoterat,
1639 2525 1706 2576 tan·

59 2609 203 2666 Abrabam
222 2609 320 2665 iterum
333 2626 385 2682 per
400 2610 485 2679 fidem
498 2609 601 2665 obtulit
614 2610 702 2675 isaac,
718 2625 784 2664 eam
800 2610 860 2663 ten·
908 2625 992 2681 qaam
1003 2608 1180 2680 corporaliter
1189 2607 1591 2675 eumoidens,sdhibensiidem
1598 2624 1706 2665 sermo-

61 2701 184 2765 iuratum
193 2698 266 2754 Deus
280 2714 335 2753 non
344 2698 465 2752 tentabat
473 2697 621 2763 Abraham,
631 2695 710 2768 quasi
720 2695 766 2769 qui
777 2694 858 2751 fidem
908 2697 987 2751 nibus
997 2696 1058 2752 liei.
1070 2697 1146 2752 idem
1156 2698 1264 2768 Moyses
1280 2698 1430 2753 celebrarit
1445 2697 1554 2753 Pascha
1569 2698 1707 2769 effusione

59 2786 119 2855 ejus
132 2784 280 2859 ignoraret,
289 2787 337 2842 sed
343 2795 372 2841 ut
385 2786 444 2857 ipsc
458 2786 593 2841 Abraham
603 2792 629 2840 et
643 2784 857 2840 mundusvirtn-
907 2785 1181 2858 sanauinisagniper
1190 2784 1399 2854 fidem,ideo,ne
1410 2785 1593 2858 quivastabat
1602 2785 1707 2858 primo-

58 2882 178 2930 temsuae
186 2873 249 2930 fidei
261 2882 450 2948 cognosceret.
461 2875 504 2940 iit,
517 2890 552 2929 ne
566 2872 856 2945 putareturhbraham
906 2874 1003 2944 penita
1021 2873 1131 2944 AEgypti
1156 2876 1288 2945 tanperet
1311 2873 1430 2930 Jadoeos.
1456 2873 1551 2928 Fidem
1570 2872 1665 2928 habuit
1677 2872 1705 2928 in

58 2962 122 3019 ideo
143 2962 284 3019 immolare
300 2965 376 3019 isaac
385 2963 448 3035 quia
462 2962 490 3017 in
499 2963 554 3018 aiio
570 2961 625 3016 frlio
640 2961 795 3033 implendas
805 2977 856 3016 ex·
907 2960 1040 3032 sanguine
1051 2961 1130 3033 agni,
1143 2961 1215 3033 quod
1225 2960 1655 3032 pervirtutemagniinnocentiae
1665 2959 1705 3031 (id

58 3044 195 3123 spectaret
205 3051 401 3123 promissiones
417 3052 464 3106 ait.
476 3051 511 3107 Et
524 3050 581 3121 ipse
591 3050 785 3122 harenamque
794 3065 856 3105 sas·
872 3044 947 3106 (lest
961 3048 1061 3105 Christi
1075 3065 1156 3120 quem
1179 3047 1380 3121 praefigurabat)
1400 3056 1493 3120 posset
1519 3048 1628 3104 saivari.
1645 3046 1705 3103 Filii

58 3144 174 3212 ceperat
184 3141 412 3214 repromissiones
431 3140 467 3196 od
482 3155 564 3212 quem
579 3139 687 3194 dictum
704 3142 767 3193 esi:
785 3138 856 3206 Quia
907 3136 1048 3208 israeiper
1058 3137 1143 3205 fidem
1154 3139 1423 3194 transieruntmare
1433 3138 1556 3194 Rubrum
1568 3140 1705 3209 tanquam

57 3229 91 3285 in
102 3229 337 3287 lsaacooeabitur
352 3229 402 3285 tibi
422 3244 527 3297 semen,
547 3226 607 3298 ipse
627 3225 760 3281 offerebat
783 3225 856 3285 hunc
904 3241 955 3297 per
965 3225 1076 3281 aridam
1089 3228 1206 3281 terram.
1220 3225 1360 3296 Etnequis
1371 3223 1703 3290 dicathociuissecasurn,

55 3316 389 3391 unigenitumarbitrans
399 3318 465 3390 qaia
475 3317 548 3372 Deus
556 3318 656 3387 potens
664 3317 707 3370 est
716 3329 778 3369 curn
794 3329 856 3369 sus-

54 3406 175 3463 citarea
188 3408 318 3476 mortuis,
334 3413 361 3461 et
376 3421 424 3476 per
434 3421 496 3461 eum
511 3403 668 3460 suscitatum
679 3401 794 3458 Abrahae
803 3416 855 3458 ro-

56 3489 113 3547 cari
127 3506 230 3546 semen.
250 3490 324 3548 Unde
335 3488 397 3562 quia
409 3489 446 3544 ita
459 3487 584 3555 credidit,
609 3487 718 3558 accepit
741 3503 806 3542 eam
820 3484 855 3559 sr-

53 3577 130 3645 lium,
141 3577 202 3633 etin
212 3578 462 3650 multiplicationem
472 3576 593 3642 seminis,
606 3578 634 3631 et
642 3577 672 3631 in
679 3574 853 3646 parobolam,

54 3667 84 3723 id
98 3674 141 3723 est
155 3667 185 3722 in
198 3666 412 3739 ligurisChristi.
428 3665 507 3720 Aries
521 3663 603 3733 enim,
617 3663 662 3736 qui
672 3661 744 3720 inter
756 3677 854 3732 vepres

54 3755 184 3813 cornibus
198 3756 303 3812 haerens
317 3762 442 3826 repertus
456 3761 506 3820 est,
523 3761 549 3808 et
564 3754 648 3818 isaac,
667 3766 751 3806 unum
772 3749 853 3806 Chri-

54 3851 126 3899 stum
141 3845 228 3900 Deum
243 3851 270 3900 et
284 3843 423 3899 horninem
438 3840 637 3915 significabant.
654 3839 705 3895 l'er
722 3838 775 3894 hoc
797 3837 846 3910 igi-

55 3941 98 3988 tur
120 3933 193 4005 quod
220 3932 291 3988 aries
315 3932 424 4005 quidem
448 3937 489 3986 est
508 3928 671 3997 immolatus,
689 3927 766 3982 isaac
789 3942 854 3983 vero

53 4021 134 4077 morti
151 4022 316 4088 subtractus,
332 4019 514 4092 significatum
529 4025 570 4073 est
588 4015 736 4082 Christum,
755 4029 855 4071 secun·

53 4109 120 4165 dum
133 4125 254 4176 earnem,
269 4125 424 4181 passurum,
434 4106 585 4163 secundum
599 4102 766 4160 divinitatem
776 4118 850 4169 vero,

905 3312 977 3385 qaod
988 3312 1091 3368 scilicet
1101 3312 1296 3367 transiremare
1310 3313 1433 3385 AEppptii
1447 3311 1705 3384 experti,deoorati

905 3403 983 3456 sant.
1000 3401 1074 3456 ilari
1088 3401 1197 3457 iericho
1208 3416 1262 3472 per
1274 3399 1360 3470 pidem
1381 3402 1554 3458 corruerant
1578 3401 1705 3455 circuita

905 3494 1013 3560 septem
1028 3489 1149 3544 dieram.
1166 3489 1240 3544 Raab
1253 3488 1394 3544 meretrix
1409 3487 1557 3560 excipiens
1572 3487 1705 3558 explora·

906 3579 980 3633 tores
989 3576 1147 3631 Judaeorum
1161 3593 1225 3632 cam
1234 3592 1314 3648 paee,
1326 3591 1383 3632 non
1392 3576 1480 3648 periit
1492 3590 1556 3631 cam
1572 3574 1704 3630 ineredu-

906 3664 950 3732 lis,
962 3672 1075 3736 propter
1098 3663 1179 3719 tidem
1205 3680 1258 3735 qua
1272 3663 1384 3719 credidit
1399 3661 1473 3735 quod
1495 3662 1569 3717 Deus
1584 3660 1705 3718 traderet

904 3753 1002 3809 urbem
1016 3753 1044 3807 in
1060 3768 1155 3807 manus
1168 3752 1336 3808 iudaeorum.

940 3841 1023 3896 liulta
1046 3840 1081 3896 de
1095 3840 1175 3896 laude
1199 3838 1264 3897 fidei
1277 3839 1342 3906 dixi,
1359 3844 1387 3895 et
1401 3840 1467 3912 quid
1481 3839 1572 3895 adhue
1586 3836 1702 3909 amplius

903 3930 997 3986 dicam
1009 3933 1021 3985 t
1035 3936 1145 4000 tempus
1160 3929 1238 3985 enirn
1247 3928 1282 3997 (si
1290 3943 1424 3999 exsequar
1434 3927 1526 3982 omnia
1535 3927 1570 3982 de
1581 3925 1645 3997 lide)
1655 3927 1703 3982 de·

902 4017 990 4087 ficiet,
1007 4016 1033 4072 id
1049 4024 1090 4072 cst
1100 4016 1211 4072 deseret
1219 4031 1263 4071 me
1277 4019 1462 4072 enarrantem
1476 4015 1509 4071 de
1525 4014 1642 4080 Gedrosi,
1654 4013 1702 4085 qui

902 4105 989 4160 velius
1003 4104 1031 4159 in
1046 4120 1108 4160 area
1131 4103 1239 4174 posuit;
1254 4104 1289 4158 de
1309 4105 1408 4170 Barac,
1425 4103 1472 4174 qui
1493 4101 1547 4158 fide
1570 4100 1702 4173 populum

54 4197 151 4253 mortis
173 4196 321 4254 discrimen
343 4212 398 4252 non
418 4210 480 4251 esse
503 4209 657 4249 sensurum.
682 4190 760 4247 Aries
780 4189 852 4245 enirn
902 4191 1045 4259 liberarit;
1061 4193 1096 4247 dc
1113 4193 1241 4258 Samson,
1256 4191 1303 4262 qui
1316 4207 1366 4262 per
1380 4189 1463 4246 fidem
1477 4189 1560 4244 multa
1574 4196 1701 4260 operatus

52 4285 227 4354 immolatus,
256 4301 368 4343 carnem
401 4282 500 4339 Christi
533 4279 746 4346 immolandam
775 4279 852 4333 isaac
902 4289 960 4348 est;
975 4280 1011 4336 de
1031 4279 1138 4352 Iephte,
1156 4279 1202 4351 qui
1216 4279 1271 4334 dux
1292 4278 1386 4350 populi
1409 4277 1535 4333 liberavit
1558 4275 1699 4349 populum,

54 4391 122 4431 rero
136 4375 298 4442 subtractus,
312 4373 481 4430 divinitatem
503 4369 603 4427 Christi
625 4383 681 4423 non
699 4366 852 4422 laedendam
864 4394 891 4456 D
901 4366 965 4425 licet
980 4367 1062 4423 stulto
1076 4374 1139 4423 voto
1158 4366 1242 4422 filiam
1256 4365 1455 4433 immolarent;
1471 4366 1507 4422 de
1521 4365 1563 4420 his
1585 4371 1701 4437 quatuor

52 4479 104 4536 per
116 4464 272 4534 passionem
296 4459 487 4534 praeiiguravit.
510 4460 589 4515 isaac
607 4457 690 4512 etiarn
707 4454 853 4512 benedixit
900 4455 929 4511 in
942 4455 1012 4512 libro
1025 4453 1151 4511 iudicum
1167 4454 1273 4525 plenius
1286 4453 1442 4521 insonitum
1457 4452 1492 4509 de
1508 4453 1593 4509 David
1607 4451 1699 4519 ctiam,

52 4553 136 4609 iacob
151 4555 179 4608 et
192 4553 275 4619 Esau,
291 4550 384 4605 hahita
398 4548 450 4605 side
461 4547 529 4604 etde
537 4545 601 4611 iliis,
613 4543 750 4617 quomodo
764 4541 853 4610 maior
902 4543 949 4616 qui
961 4543 1047 4599 muita
1061 4559 1111 4614 per
1125 4542 1208 4598 iidem
1231 4541 1304 4612 iecit,
1320 4549 1347 4598 et
1368 4542 1403 4597 dc
1424 4542 1565 4610 Samuele,
1589 4543 1618 4596 et
1639 4538 1701 4595 aliis

51 4640 168 4698 serviret
183 4639 291 4708 minori,
308 4647 335 4693 ει
353 4638 387 4693 de
404 4635 511 4702 fotuns,
528 4649 642 4707 qnorum
662 4640 754 4703 typum
770 4644 851 4704 gere·
899 4631 1111 4704 propheticam
1125 4633 1255 4688 uicerunt
1268 4630 1452 4702 repna,idcst
1462 4643 1699 4701 regessuperare-

51 4730 127 4797 bant,
144 4729 255 4797 scilicet,
272 4727 409 4800 quomodo
432 4721 632 4796 primogenitus
650 4719 778 4775 iudaicus
798 4733 851 4790 po·
901 4727 965 4776 runt
977 4736 1029 4792 per
1041 4720 1190 4792 fidem,qui
1204 4719 1286 4776 etiarn
1297 4720 1406 4792 operati
1416 4722 1486 4775 sunt
1490 4717 1639 4789 justitiam
1648 4730 1700 4786 per

51 4817 133 4890 polus
155 4815 335 4889 primogenita
364 4830 414 4870 sua
433 4812 545 4883 (ειιΙιιιιιι
568 4808 672 4866 scilicet
684 4807 747 4877 Dei)
768 4806 850 4862 dese·
901 4807 1003 4877 fidem;
1018 4809 1114 4880 adepti
1126 4812 1195 4864 sant
1204 4809 1388 4881 repromissas
1398 4806 1587 4863 beatitudines
1598 4819 1649 4874 per
1663 4800 1698 4856 fr-

51 4913 135 4976 reret,
160 4914 187 4961 et
215 4905 313 4971 minor,
340 4902 449 4975 gentilis
477 4899 529 4955 sibi
553 4894 701 4970 usurparit.
720 4895 802 4975 Jacob
823 4892 852 4948 ia
901 4897 979 4963 dem;
992 4897 1196 4953 obturaverant
1205 4913 1255 4953 cra
1266 4897 1379 4952 leonum
1388 4892 1572 4966 peridomne
1582 4889 1696 4959 Daniel;

49 4994 168 5067 AEgypto
177 4995 311 5059 moriens,
327 5008 377 5063 per
395 4989 478 5046 fidem
487 4984 768 5057 benediaitsinpalos
778 4983 852 5052 filio·
901 4985 1109 5042 exstinxerunt
1126 4985 1265 5056 impetam
1280 4983 1366 5053 ipnis,
1375 4990 1405 5037 ιιι
1416 4989 1473 5037 tres
1481 4980 1558 5052 pueri
1569 4998 1577 5047 3
1589 4978 1697 5052 effuan-

50 5100 117 5140 ram
126 5082 235 5155 ioseph,
252 5081 357 5138 scilicet
371 5080 526 5134 lianassem
545 5083 573 5131 et
586 5073 726 5145 Ephraim,
742 5076 771 5129 et
785 5071 849 5128 ado
898 5077 970 5130 rant
988 5074 1079 5129 aciem
1093 5070 1192 5144 piadii,
1204 5079 1233 5125 ut
1246 5070 1331 5126 iudas
1345 5069 1530 5135 liachahaeus;
1545 5068 1696 5125 convalue-
1741 5083 1744 5087 ·

49 5172 126 5229 ravit
142 5171 292 5242 sastipiam
312 5169 396 5240 sirpo
410 5169 470 5236 ejus
494 5165 606 5234 loseph,
617 5162 664 5235 qui
683 5161 818 5228 secundus
832 5176 849 5215 a
898 5165 969 5218 runt
985 5160 1018 5216 de
1033 5160 1212 5228 infirmitate,
1227 5165 1256 5213 ut
1270 5157 1422 5223 Ezechias;
1438 5159 1528 5228 sortes
1542 5158 1614 5227 sueti
1628 5159 1699 5213 sant

46 5274 115 5330 rege
129 5258 238 5331 AEgypti
245 5264 384 5328 sceptrum
391 5253 549 5328 gerebat,in
561 5250 670 5324 signum
685 5265 741 5305 ειιιε
755 5248 848 5322 digni·
898 5250 930 5305 in
945 5249 1016 5306 bello
1031 5247 1205 5318 complures;
1220 5249 1385 5303 everterant
1399 5249 1496 5302 eastra
1519 5248 1694 5312 exterorum,

48 5346 121 5415 tatis,
135 5346 259 5403 adoravit
268 5344 406 5419 fastigium
420 5343 515 5414 virgae,
531 5340 615 5396 idest
633 5338 779 5404 Christum,
797 5353 848 5408 per
897 5335 952 5392 iliis
965 5334 1085 5408 iugatis;
1101 5334 1235 5390 mulieres
1256 5337 1428 5406 acceperunt
1444 5337 1570 5389 mortuos
1584 5347 1648 5387 suos
1663 5330 1696 5387 de

48 5436 151 5507 ioseph
165 5433 321 5508 figuratam,
332 5429 609 5504 cuivirgaaequitatis
623 5427 702 5499 virga
712 5432 754 5483 est
770 5424 848 5497 regni
897 5425 1104 5484 resurrectione
1113 5421 1263 5492 venientes,
1269 5429 1298 5478 ut
1305 5421 1388 5478 vidua
1395 5421 1544 5493 Sareptena
1550 5417 1696 5491 periiiism
1763 5471 1766 5476 .

120 5532 243 5588 Parnon.
261 5530 353 5588 CLiil.
1582 5519 1615 5572 ¹⁸
