3742 5986
111 148 160 200 alt
378 145 409 201 S.
441 142 618 200 BRUNONIS
646 127 970 199 caurfluslrm’ouult
997 127 1239 187 INSTITUTORIS
1254 128 1331 188 OPP.
1345 132 1435 193 PARS
1449 131 1484 186 ΙΙ.
1701 137 1754 192 312

111 284 187 334 sam3
209 267 259 324 sed
274 282 323 323 vos
341 283 396 322 non
416 267 634 340 corrumpemini.
646 268 699 339 Epo
715 268 786 323 enim
802 267 945 336 confidoA
961 267 1036 334 estis,
1053 267 1204 324 secundum
1228 265 1348 336 spiritum
1369 263 1550 320 ambulabitis.
1574 263 1664 320 Etiam
1687 262 1760 318 aliud

111 357 145 412 in
160 356 244 422 uobis,
260 363 286 410 et
296 356 349 411 boc
362 357 394 411 in
411 356 538 421 Domino,
554 356 583 411 id
597 363 638 410 est
651 372 701 426 per
716 362 909 426 cooperantem
960 354 1061 411 bonum
1073 354 1137 410 inde
1148 354 1282 426 provenit,
1294 353 1357 425 quia
1367 353 1506 408 desideria
1517 355 1623 420 cornis,
1640 361 1667 406 et
1676 352 1701 406 si
1710 367 1759 421 per

112 444 191 500 vobis
205 444 321 514 gratiam
335 443 395 508 Dei,
412 443 483 517 qnod
497 443 571 499 nibil
587 443 667 499 eliud
689 445 807 515 sapietis
829 458 909 514 quam
958 443 1191 515 impugnationem
1207 441 1340 506 sentiatis,
1351 455 1409 495 non
1419 446 1580 495 tamenactu
1593 440 1756 512 perficietis.

112 532 185 604 quod
200 546 298 586 sanum
311 539 362 598 est,
379 539 405 586 et
421 546 474 603 ego
487 546 536 586 vos
565 531 655 586 docui.
682 532 737 585 Vos
760 546 815 585 non
836 528 909 584 aliud
960 530 1013 585 Sed
1037 529 1100 586 lieet
1124 545 1180 584 non
1203 527 1359 599 perficiatis.
1385 536 1474 582 tamen
1493 543 1559 583 coro
1582 527 1758 598 concupiscit

112 619 241 690 sapietis;
257 618 305 674 scd
319 617 365 673 ille
380 621 427 691 qui
442 619 593 675 conturbet
607 635 663 686 vos,
679 618 706 672 id
717 626 758 673 εει
771 618 817 690 qui
831 618 908 689 puri·
959 619 1092 674 aduersus
1107 619 1262 689 spiritam,-
1277 615 1357 672 etsie
1381 615 1613 687 impugnationem
1634 614 1753 670 sentitis.

109 714 194 762 tatem
208 705 272 762 fidei
287 715 384 762 vestras
407 705 569 761 admistione
592 704 759 760 infidelitatis
774 705 909 760 turbidam
959 706 1009 761 Vel
1033 704 1155 759 dicamus
1178 704 1275 758 itemm
1291 704 1382 758 :Bene
1410 702 1472 758 dico
1496 701 1632 759 desideria
1655 702 1757 767 earnis,

109 793 184 860 lacit,
199 793 245 850 ille
258 794 383 866 portabit
394 794 549 865 judicium,
566 793 593 848 id
610 800 651 847 est
675 793 818 847 sustinebit
833 793 909 847 dam·

111 881 269 948 nationem;
285 881 390 937 etiamsi
405 882 439 935 ειι
460 882 564 947 Petrus,
584 888 629 936 aut
643 881 757 952 angelus
771 880 806 936 de
822 881 904 937 coelo.

112 970 193 1027 blodo
208 969 356 1040 respondet
371 969 405 1024 ad
420 968 486 1023 illud
496 969 568 1040 quod
578 968 752 1039 imponebant
765 968 818 1039 ipsi
832 984 910 1039 pseu·

112 1058 157 1122 do,
173 1057 275 1112 scilicet
290 1057 364 1128 quod
384 1057 461 1128 prius
484 1056 593 1128 quidem
615 1057 772 1111 destruebat
790 1056 909 1112 circum-

959 808 1021 848 nam
1036 808 1101 848 caro
1116 792 1283 862 concupiscit
1293 791 1423 846 adversus
1433 790 1567 861 spiritum,
1583 795 1612 846 et
1625 791 1757 862 spiritus,

959 880 986 935 id
1001 888 1042 936 est
1056 880 1123 935 ratio
1143 879 1310 950 concupiscit
1331 894 1364 933 ea
1388 894 1449 949 quae
1463 885 1526 933 sunt
1548 878 1682 934 adversus
1698 893 1760 933 cen-

959 984 1035 1023 nens.
1053 969 1124 1023 Vere
1139 982 1204 1023 caro
1218 974 1246 1022 ει
1266 966 1375 1037 spiritus
1397 966 1466 1021 alter
1489 965 1623 1022 adversus
1642 965 1757 1020 alterum

959 1055 1135 1126 concupiscit.
1151 1057 1213 1112 liure
1235 1055 1321 1120 enim,
1337 1054 1365 1108 id
1380 1062 1421 1110 εει
1439 1069 1503 1110 εειο
1517 1061 1544 1108 ει
1567 1053 1689 1125 spiritus,
1706 1054 1757 1109 od-

113 1144 263 1211 cisionem3
297 1145 365 1212 sed,
401 1144 483 1200 modo
515 1144 710 1215 Hierosolymis
741 1152 909 1200 correctusa
958 1148 1111 1199 versentur
1126 1145 1187 1209 sibi,
1203 1158 1258 1198 non
1273 1158 1338 1199 caro
1353 1142 1437 1208 carni,
1454 1141 1626 1212 necspiritus
1642 1140 1756 1213 spiritui,

112 1235 192 1289 Petro
207 1240 234 1288 ει
248 1233 283 1288 ab
297 1232 367 1302 aliis,
382 1232 547 1303 predicabat
565 1232 810 1288 circumcisionem.
829 1231 909 1300 Quod
959 1232 1008 1286 sed
1023 1232 1153 1293 ιιιυιεειιι,
1176 1231 1203 1285 id
1218 1238 1260 1285 est
1275 1246 1341 1287 caro
1351 1230 1378 1285 in
1388 1229 1524 1301 spiritum,
1536 1229 1648 1300 spiritus
1661 1230 1690 1283 in
1700 1244 1758 1285 ear·

111 1320 208 1376 falsum
224 1337 286 1376 esse
300 1320 462 1391 comprobat
481 1320 577 1375 dicens
594 1336 599 1375 :
617 1319 659 1374 ltli
673 1335 722 1375 vos
736 1319 907 1388 conturbant,
957 1334 1031 1374 nem.
1049 1319 1244 1384 adversantur,
1264 1317 1301 1372 ita
1315 1322 1350 1372 ιιι
1365 1334 1423 1374 non
1447 1318 1563 1388 societis
1585 1318 1682 1373 monio
1705 1318 1759 1373 illu
1791 1362 1799 1373 .

109 1409 159 1464 sed
173 1424 226 1480 ego
242 1423 296 1463 non
311 1408 442 1463 conturbo
457 1422 515 1462 vos.
535 1408 565 1464 Si
579 1411 684 1473 cutem,
702 1406 812 1473 ιιειιεε,
829 1407 908 1463 sicuti
959 1422 1129 1479 quocunque
1140 1406 1236 1472 uoltis,
1249 1421 1298 1460 seu
1307 1405 1442 1471 carnales,
1454 1421 1503 1459 seu
1513 1405 1658 1476 spiritales.
1670 1405 1758 1460 Nemo

108 1495 147 1550 illi
158 1495 307 1567 imponunt,
319 1494 411 1551 adbuc
420 1496 805 1567 proedicoeircumcisionem,
818 1494 909 1551 adhuc
959 1495 1030 1549 enim
1045 1494 1114 1548 adeo
1127 1495 1224 1561 justus,
1251 1493 1366 1564 quinon
1390 1493 1424 1547 ad
1445 1493 1532 1549 ricem
1555 1492 1646 1548 cadat.
1670 1493 1758 1547 Nemo

109 1583 182 1648 ideo,
198 1583 270 1653 quia,
288 1583 351 1636 dum
367 1590 426 1636 erat
440 1582 560 1649 Judaeus,
585 1581 751 1651 praedicabat
773 1598 834 1637 eam
850 1598 857 1637 ε
874 1582 946 1669 siB
960 1581 1030 1637 adeo
1045 1582 1132 1635 malus
1147 1581 1258 1652 quinos
1276 1581 1312 1636 ab
1326 1581 1416 1652 aliquo
1431 1581 1503 1652 quod
1523 1595 1587 1637 curo
1605 1580 1712 1644 suadet,
1729 1595 1759 1634 se

110 1670 231 1740 inquam,
249 1670 288 1726 sic
302 1669 422 1740 predico
437 1670 536 1735 adbuc,
562 1669 661 1724 sicuta
681 1668 813 1740 principio
836 1686 910 1741 prae-
961 1669 1106 1740 aliquando
1121 1669 1255 1724 cohibeat.
1272 1669 1345 1723 Dixit
1369 1668 1442 1740 quod
1465 1669 1487 1723 si
1511 1668 1637 1733 vivimus,
1660 1668 1756 1738 spiritu

111 1757 254 1813 dicationis
264 1757 352 1828 patior
362 1757 613 1827 perseeutionemc
632 1758 741 1812 Judaeis.
759 1756 826 1825 Quia
841 1758 911 1813 sicut
959 1757 1101 1811 ambulare
1123 1771 1279 1828 possumus.
1305 1755 1373 1824 Quia
1400 1756 1423 1810 si
1459 1756 1583 1827 spiritum
1604 1755 1755 1827 sequimur,

110 1845 252 1916 imponunt
266 1845 289 1899 si
304 1845 423 1914 praedico
448 1845 693 1910 circumcisionem,
710 1861 773 1917 crgo
788 1862 909 1902 euoeno-

112 1936 173 1989 tum
188 1936 229 1988 cst
241 1933 411 1988 scandalum
426 1934 530 1989 crocia.
549 1933 636 1988 ludaei
650 1933 722 1988 enim
738 1933 909 1988 scandaliza·

110 2019 208 2074 bantur
223 2019 251 2074 in
266 2020 318 2076 boc
333 2021 407 2091 quod
421 2036 471 2090 per
485 2021 570 2074 solam
595 2036 705 2077 crucem
728 2021 909 2092 praedicabam

107 2106 250 2178 justificari
264 2108 411 2162 hominem.
433 2107 513 2175 Quod
528 2108 550 2163 si
564 2108 639 2164 cruci
662 2107 826 2164 admisceam
852 2108 905 2164 eir·

110 2195 314 2261 cumcisionem‚
332 2203 357 2250 ει
372 2211 406 2250 ex
421 2203 537 2266 utroque
551 2195 640 2251 dicam
649 2195 799 2264 justificari,
810 2196 909 2267 placati

110 2282 251 2337 suntmihi
272 2282 368 2338 Judaei.
393 2283 454 2354 Ego
475 2299 531 2338 non
555 2299 604 2340 ros
629 2285 771 2350 conturbo,
797 2284 845 2339 sed
869 2285 908 2339 illi

109 2370 269 2427 conturbant
284 2385 346 2425 vos.
365 2372 398 2425 Et
409 2372 523 2427 utinum
533 2387 586 2426 non
599 2371 687 2428 solum
696 2372 824 2443 pellicula
839 2388 908 2443 prae·

109 2457 185 2529 putii,
202 2458 250 2513 sed
262 2460 379 2530 penitus
389 2459 596 2515 abscindantur
610 2459 648 2513 illi
664 2461 713 2532 oni
735 2476 781 2516 vos
795 2465 908 2517 contur-

109 2546 187 2601 bant.
199 2546 262 2601 Non
270 2546 397 2619 intelligit
409 2546 507 2602 Paulus
519 2547 703 2603 membromm
714 2548 906 2612 abscisionem,

108 2633 158 2688 sed
182 2633 251 2688 sicut
279 2633 380 2689 abscisi
404 2634 521 2689 testiculi
544 2649 600 2689 uon
633 2643 776 2707 generunt,
803 2637 842 2691 sic
864 2635 908 2690 isti

107 2721 312 2786 abscindantur,
329 2737 364 2776 ne
379 2721 528 2793 quemlibet
541 2738 675 2793 generare
689 2723 795 2793 possint
822 2723 850 2776 in
860 2739 907 2778 ει-

959 1844 1095 1900 desideria
1111 1845 1200 1901 camis
1214 1860 1269 1901 non
1293 1843 1457 1915 perficimus,
1482 1844 1543 1917 quia
1565 1859 1630 1899 caro
1653 1851 1759 1914 pugnat

958 1931 1091 1987 adversus
1108 1932 1241 2002 spiritum.
1258 1932 1299 1987 De
1318 1948 1372 2001 qua
1392 1946 1484 2003 pugna
1500 1931 1592 1986 curnis
1606 1938 1633 1986 ει
1648 1931 1758 2002 spiritus

958 2021 1040 2075 modo
1055 2020 1111 2076 vult
1125 2020 1281 2088 dijudicare,
1292 2020 1386 2075 diceus
1402 2037 1409 2074 :
1425 2020 1495 2075 Caro
1508 2027 1605 2076 contra
1612 2019 1736 2091 spiritum
1748 2038 1756 2086 ;

958 2109 1069 2179 spiritus
1082 2115 1186 2180 pugnat
1196 2115 1292 2163 contra
1306 2123 1428 2163 carnem.
1441 2107 1512 2175 Quin
1523 2109 1549 2163 si
1563 2123 1610 2164 vos
1617 2108 1757 2163 ducimini

957 2197 1072 2268 spiritu,
1088 2196 1115 2250 id
1131 2203 1173 2250 est
1187 2195 1299 2261 ratione,
1312 2196 1376 2266 jam
1388 2209 1448 2250 non
1462 2198 1531 2251 estis
1545 2196 1595 2252 sub
1615 2198 1684 2267 tege.
1702 2196 1755 2251 Lex

958 2282 1133 2354 enimposita
1148 2290 1232 2338 estut
1251 2292 1412 2354 peccatores
1435 2283 1571 2349 cohibeat,
1596 2284 1644 2339 sed
1669 2284 1693 2338 si
1709 2300 1756 2338 εε-

957 2372 1075 2427 cundum
1097 2368 1221 2441 'spiritum
1243 2371 1331 2444 agitis,
1352 2372 1408 2440 jam
1432 2386 1486 2426 non
1507 2372 1637 2441 peccatis,
1660 2378 1689 2427 ει
1711 2371 1758 2443 qui

956 2475 1011 2514 non
1025 2467 1131 2530 peccat,
1148 2459 1274 2514 liberast
1288 2474 1303 2512 a
1319 2459 1390 2530 lege.
1404 2458 1455 2526 Qui
1471 2459 1565 2529 spiritu
1575 2459 1692 2527 ducitur,
1702 2475 1757 2514 non

957 2555 999 2603 est
1013 2547 1064 2601 sub
1083 2547 1164 2619 lege;
1187 2547 1233 2617 qui
1249 2554 1340 2601 nutem
1363 2562 1462 2614 carne,
1485 2546 1509 2600 is
1532 2546 1683 2617 captivatur
1706 2547 1757 2601 snb

956 2634 1029 2706 lege.
1046 2633 1127 2701 Quod
1142 2635 1348 2706 aequipollenter
1362 2634 1398 2688 ait
1413 2650 1419 2689 :
1437 2633 1530 2706 Opera
1544 2634 1654 2705 spiritus
1668 2635 1770 2712 nemi·-

956 2738 1019 2777 nem
1035 2722 1164 2795 redigunt
1179 2722 1229 2777 sub
1243 2723 1322 2795 lege;
1339 2722 1387 2777 sed
1402 2738 1487 2794 opero
1501 2724 1598 2778 cernis
1619 2721 1665 2777 illa
1687 2727 1756 2778 sant

108 2823 172 2864 rore
186 2824 246 2863 suo.
262 2808 429 2864 conturbant
452 2809 545 2880 utique
568 2825 625 2876 vos,
651 2811 715 2864 dum
739 2811 767 2866 in
791 2811 907 2866 servitu·
956 2811 1124 2881 manifesto,
1142 2824 1197 2865 non
1211 2817 1318 2880 oportet
1341 2810 1526 2880 improperare
1547 2824 1590 2865 ea.
1606 2810 1757 2880 Turpitudo

107 2903 163 2952 tem
177 2895 247 2967 legis
261 2897 387 2968 redigere
403 2897 506 2951 volunt.
524 2898 595 2954 Nom
609 2913 664 2963 uos,
680 2900 799 2969 scotres,
816 2900 908 2953 uocati
958 2897 1030 2952 enim
1045 2912 1138 2952 eorum
1153 2897 1279 2952 omnibus
1294 2906 1336 2952 εει
1346 2905 1411 2953 nota
1422 2906 1449 2953 et
1463 2897 1616 2968 captivitas.
1627 2899 1693 2954 ldeo
1702 2914 1757 2954 uon

108 2987 178 3040 estis
187 2985 219 3040 in
230 2984 392 3040 libertatem
407 2984 467 3039 Dei.
485 2986 542 3040 Hoc
557 2984 744 3040 tantummodo
758 2986 858 3055 videte,
871 3002 906 3041 ne
956 2993 1034 3042 curat
1054 2986 1183 3040 detestari
1206 2985 1296 3040 camis
1320 3001 1412 3056 opera,
1436 2985 1500 3057 quia
1523 2986 1582 3041 sola
1595 3001 1689 3042 comm
1705 3003 1757 3042 no-

109 3071 817 3139 libertctemvestramdctisinoeeesionemcornis,
830 3073 907 3129 idest
955 3074 1028 3128 mina
1042 3073 1106 3128 satis
1127 3073 1268 3145 assignant
1289 3073 1448 3129 loeditatem.
1471 3072 1560 3144 Opera
1583 3074 1674 3130 carnis
1695 3075 1757 3131 dico

107 3174 142 3215 ne
156 3168 270 3231 propter
293 3159 445 3214 libertatem
469 3160 595 3216 licentius
618 3175 668 3216 vos
685 3176 768 3232 posse
791 3177 906 3232 peccare
956 3161 1756 3236 quoesonthaee,scilicetsornleotiaimmunditiu‚impu-

107 3247 235 3304 credatis.
251 3248 309 3303 Nec
323 3248 376 3303 hoe
390 3246 506 3315 faciatis,
518 3249 567 3304 sed
577 3251 716 3305 seruitute
726 3251 848 3306 inuicem
855 3267 906 3322 per
955 3249 1064 3316 dicitis,
1082 3250 1210 3305 luxurie.
1229 3249 1444 3305 Fornicationem
1468 3256 1547 3306 vocat
1562 3266 1624 3306 cum
1644 3250 1756 3307 meretri

105 3335 277 3392 eboritotem
290 3337 420 3409 spiritus,
436 3337 463 3391 id
477 3343 526 3406 εει,
544 3352 593 3408 ρει
619 3337 765 3408 spiritalem
780 3336 905 3394 dilectio·
955 3337 1042 3402 cibus,
1058 3337 1101 3391 vel
1115 3337 1268 3409 conjugatis
1283 3336 1387 3407 pollui;
1414 3337 1624 3407 immunditiam,
1639 3339 1756 3410 turpitu-

105 3438 168 3480 nem
189 3431 315 3496 agentes.
955 3424 1047 3480 dinem
1071 3425 1143 3478 illam
1168 3441 1228 3496 quas
1251 3424 1280 3479 fu
1304 3432 1403 3495 praeter
1423 3433 1557 3480 naturam.
1581 3426 1710 3482 Elatiam
1731 3427 1757 3482 in

141 3514 262 3583 Accepta
275 3511 421 3569 occasione
436 3511 494 3568 vult
516 3513 672 3581 ostendere,
689 3514 730 3570 eis
750 3513 906 3569 facilitatem
955 3512 1066 3568 incestis
1080 3513 1192 3581 osculis,
1208 3519 1235 3567 ει
1249 3512 1276 3566 in
1291 3513 1450 3569 tractatione
1473 3513 1584 3583 polluta.
1609 3515 1756 3585 impudici·

104 3600 260 3672 novaelegis
268 3617 330 3673 quae
339 3601 430 3657 inuno
440 3602 708 3672 sermoneimpletur,
716 3603 800 3659 ethae
808 3604 906 3657 iterum
955 3600 1020 3654 tiam
1034 3608 1113 3656 vocat
1128 3599 1219 3667 etiam,
1236 3600 1259 3654 si
1274 3615 1329 3656 non
1344 3601 1379 3655 sit
1400 3599 1556 3665 fumiculus,
1572 3600 1616 3657 vel
1637 3601 1755 3658 immun·

104 3688 247 3745 occasione
261 3689 372 3759 corripit
387 3705 435 3744 eos
450 3706 465 3743 a
478 3690 656 3756 detractione,
672 3690 767 3746 dicens
779 3707 786 3745 :
799 3690 905 3746 Servite
955 3688 1017 3754 dus,
1034 3689 1082 3742 sed
1097 3688 1124 3742 in
1140 3687 1232 3742 verbis
1247 3695 1274 3742 ει
1289 3687 1390 3756 ιιειιιιιι,
1407 3695 1433 3742 ει
1448 3689 1597 3745 ιιιοιειιοιιε
1613 3691 1755 3746 membm·

104 3776 222 3832 invicem
236 3793 285 3848 per
299 3776 468 3832 charitatem.
491 3778 563 3834 Nom
586 3780 677 3834 omnis
698 3779 746 3833 lex
765 3779 904 3849 impletur
955 3793 1016 3831 rum
1039 3792 1094 3831 non
1118 3776 1151 3830 sit
1174 3776 1273 3846 pudice
1305 3784 1482 3847 temperatus.
1507 3777 1651 3833 Luxuriam
1677 3786 1756 3835 vocat

110 3862 230 3920 226
247 3865 278 3919 in
292 3879 350 3919 nno
369 3879 512 3928 sermone,
533 3865 561 3918 in
584 3865 638 3921 hoc
659 3864 762 3920 scilicet
779 3881 785 3918 :
802 3866 905 3937 Diiipcs
954 3864 1166 3935 superfluitatem
1185 3865 1285 3929 carnis,
1313 3864 1412 3919 sivein
1437 3865 1513 3937 gula.
1539 3865 1596 3922 sive
1619 3866 1647 3921 in
1672 3867 1752 3922 coitu.

104 3951 269 4023 proximum
286 3954 367 4005 tuum
378 3952 455 4007 sieut
468 3954 601 4023 teipsum,
618 3952 688 4006 sicut
702 3952 731 4006 in
745 3952 860 4023 epistola
870 3953 904 4008 ad
955 3951 1022 4020 Quae
1035 3951 1142 4007 luxuria
1157 3953 1240 4008 etiam
1256 3953 1348 4008 haberi
1362 3960 1452 4023 potest
1467 3953 1495 4008 in
1517 3969 1603 4012 uxore
1618 3953 1641 4009 si
1656 3970 1754 4027 super·

104 4037 242 4094 Romanos
258 4038 433 4109 exposuimus
449 4041 537 4110 (Rom.
557 4039 609 4110 ιιι).
625 4040 680 4095 Lex
695 4041 818 4111 praecipit
833 4041 904 4096 dile·
954 4040 1008 4096 tlue
1030 4056 1063 4095 ea
1086 4048 1186 4096 utatur.

105 4125 232 4192 ctionem,
244 4127 350 4199 quodsi
361 4133 522 4198 spernentes
533 4127 902 4201 legaminoiccmmordetis,
990 4127 1078 4199 Opem
1095 4127 1184 4183 carnis
1203 4128 1283 4183 etiam
1299 4136 1361 4183 sunt
1373 4131 1496 4185 ιειυιιιιι
1511 4129 1662 4200 idolorum,
1674 4147 1755 4187 vene·

105 4214 276 4271 detrahendo
290 4215 461 4284 alteralteri,
491 4231 543 4272 nec
569 4216 657 4271 solum
684 4217 824 4283 mordetis,
854 4218 904 4273 sed
955 4216 1031 4286 ficio,
1047 4216 1219 4283 inimioitioe,
1231 4216 1259 4270 id
1274 4224 1315 4270 εει
1331 4215 1413 4289 longa
1427 4217 1499 4283 odia,
1516 4219 1713 4275 contentiones
1728 4219 1755 4274 ιιι

105 4302 186 4359 ειιειιι
201 4303 357 4372 comeditis,
373 4303 400 4357 id
416 4311 458 4359 εει
472 4303 542 4359 bona
557 4304 673 4375 proximi
701 4321 750 4375 per
774 4305 905 4360 invidiam
918 4301 1059 4370 Dverbis,
1074 4305 1281 4369 (emulationes,
1298 4305 1370 4375 quod
1382 4304 1496 4376 quilibet
1510 4305 1636 4361 invidens
1650 4305 1756 4362 laborat

103 4390 212 4463 penitus
226 4390 372 4447 devoratis.
391 4392 483 4449 Videte
493 4407 531 4448 ne
540 4395 759 4461 consumemini,
776 4393 803 4447 id
818 4401 859 4449 εει
869 4409 903 4449 ne
954 4407 1085 4462 usurpare
1109 4391 1160 4446 sibi
1182 4392 1281 4446 bonum
1311 4392 1434 4447 alterius.
1461 4394 1529 4449 Sunt
1552 4393 1633 4449 etiam
1651 4395 1712 4462 ιιιε,
1727 4394 1756 4449 id

104 4477 274 4534 devoremini
283 4480 414 4546 invicem,
426 4480 547 4545 idesttu,
557 4480 903 4552 quiadetrahisproximo;
954 4488 995 4534 est
1023 4479 1120 4534 subitae
1150 4480 1347 4536 commotiones
1370 4480 1462 4534 animi.
1488 4481 1522 4535 Et
1552 4481 1586 4536 de
1609 4481 1649 4537 ira
1670 4484 1753 4548 ιιιε,

104 4565 160 4635 ιιιε,
177 4565 240 4637 quia
263 4565 380 4621 detrabit
401 4566 458 4621 tibi.
485 4569 664 4640 Posteaquam
689 4569 756 4623 satis
778 4569 904 4639 probavit
954 4566 1065 4637 quando
1074 4582 1120 4621 res
1131 4566 1222 4637 agitur
1230 4567 1339 4640 pugnis.
1361 4568 1427 4623 Sunt
1446 4568 1542 4623 iterum
1555 4570 1753 4638 dissensiones,

103 4653 194 4727 legem
209 4669 264 4709 non
278 4668 340 4709 esse
355 4654 510 4721 leuandam,
538 4655 632 4726 incipit
654 4671 726 4712 nune
748 4657 903 4726 approbare
954 4670 1015 4725 quae
1029 4670 1103 4724 saepe
1116 4652 1182 4709 liunt
1196 4655 1223 4708 in
1238 4655 1373 4711 Ecclesia.
1397 4656 1465 4711 Sunt
1479 4657 1560 4711 etiam
1585 4662 1677 4722 secor,
1702 4674 1753 4729 pro

102 4732 185 4816 iidem
199 4752 225 4797 ει
248 4741 373 4814 gratiam.
399 4742 499 4799 Littera
523 4744 563 4800 sic
583 4744 727 4816 iungitur:
752 4744 847 4800 Videte
869 4760 904 4801 ne
954 4757 1008 4813 quo
1022 4741 1050 4795 in
1064 4741 1159 4797 Graeco
1173 4742 1290 4797 habetur
1299 4744 1428 4798 hareses.
1445 4745 1514 4800 Sunt
1529 4745 1612 4799 etiam
1626 4746 1752 4811 incidire,

102 4830 299 4886 consumamini
323 4830 471 4887 secundum
513 4832 667 4887 suasionem
696 4832 794 4901 camis,
828 4849 903 4888 mor·
953 4829 981 4883 id
996 4837 1037 4884 est
1050 4830 1138 4884 malus
1151 4829 1221 4884 livor
1233 4830 1335 4897 animi;
1353 4831 1399 4902 qui
1414 4831 1476 4887 licet
1498 4849 1528 4887 se
1546 4848 1602 4887 non
1626 4848 1756 4890 consecu-

102 4918 194 4974 dendo
209 4926 236 4974 ει
250 4918 418 4976 comedendo
434 4935 483 4974 vos
498 4919 634 4986 invicem;
659 4920 707 4976 sed
722 4920 782 4977 dieo
807 4921 903 4976 vobis:
954 4926 1044 4972 turum
1060 4918 1128 4973 sciat
1143 4934 1198 4973 rem
1213 4918 1340 4988 proximi,
1356 4918 1458 4974 invidet
1472 4928 1565 4974 tumen
1578 4920 1619 4987 ei,
1636 4937 1755 4993 eumque

103 5005 251 5062 Ambulute
263 5008 378 5078 spiritu,
390 5006 418 5061 id
429 5015 470 5062 est
480 5006 603 5078 perficite
624 5007 694 5064 bene
705 5008 845 5080 operando
860 5025 903 5065 se·
954 5021 1013 5060 eam
1028 5005 1129 5060 habere
1143 5005 1239 5061 nollet.
1257 5008 1356 5061 lterum
1372 5006 1534 5074 homicidio,
1551 5009 1710 5074 ειιιιειαιει,
1724 5008 1753 5064 id

103 5092 223 5152 cundum
241 5095 315 5165 quod
340 5095 465 5150 bortatur
488 5111 537 5150 vos
561 5095 681 5166 spiritus,
706 5095 733 5149 id
758 5103 799 5151 est
822 5096 901 5153 ratio.
953 5098 996 5148 est
1016 5102 1153 5147 consueta
1176 5109 1255 5164 supra
1278 5094 1389 5149 modum
1409 5095 1572 5165 potationes.
1596 5103 1623 5151 ει
1643 5113 1753 5154 conres-

103 5180 252 5240 amentata
267 5181 329 5238 dico
340 5181 447 5252 spiritu,
464 5190 490 5237 ει
501 5183 553 5238 hoc
563 5183 595 5238 in
607 5183 725 5249 Christo,
739 5182 765 5238 id
775 5192 816 5239 εει
830 5184 903 5255 quod
952 5181 1076 5235 sationes
1087 5181 1231 5237 etsimiiio
1243 5181 1354 5254 bisqnoe
1362 5181 1443 5237 modo
1452 5184 1573 5255 praedico
1582 5185 1666 5250 vodis,
1678 5186 1756 5242 sicot

102 5276 208 5326 tantum
222 5268 284 5324 licet
298 5267 390 5325 lacere
405 5286 454 5342 per
468 5270 604 5325 Christum
620 5288 628 5337 ;
644 5277 671 5325 ει
692 5286 747 5325 uon
769 5270 852 5336 aliud,
875 5278 904 5327 ut
953 5269 1021 5323 olim
1039 5268 1172 5340 predixi,
1200 5283 1261 5324 cum
1289 5269 1366 5325 vobis
1388 5269 1507 5341 primum
1531 5271 1698 5341 praedicavi,
1724 5281 1753 5328 ut

104 5358 165 5433 quis
190 5357 340 5416 secundum
372 5359 507 5416 rationem
539 5365 674 5433 operetur.
698 5357 727 5412 Si
745 5357 773 5412 in
794 5358 902 5416 Christo
953 5355 1073 5414 caveatis
1100 5355 1222 5423 abillis,
1267 5359 1401 5431 quoniam
1434 5361 1482 5433 qui
1506 5360 1576 5415 tutio
1599 5366 1701 5432 cpont,
1726 5360 1755 5418 hi
