3742 5986
56 231 110 285 tos
383 222 574 283 uxroslrto
594 223 631 281 ΙΝ
649 215 842 279 EPISTOLAS
860 213 972 277 rtutt.
993 251 1028 264 -
1046 221 1084 280 IN
1101 219 1211 280 EPIST.
1231 218 1279 278 Ab
1297 219 1383 280 nou.
1651 221 1703 279 too

57 355 110 411 too
125 353 246 426 (micas,
261 369 393 425 corporet
403 368 487 425 sopor
497 355 592 423 capot,
604 349 630 404 id
639 357 680 406 est
690 365 771 420 super
780 363 859 402 meu·
868 344 897 404 Δ
911 364 971 419 quae
986 349 1113 421 praedicta
1128 358 1200 419 sunt,
1212 348 1331 406 vicissim
1347 348 1398 403 sibi
1412 347 1513 404 debent
1521 347 1632 403 subditi.
1652 347 1706 404 Sed

58 448 115 497 tem
131 443 188 511 eius
203 444 337 499 corbones
351 442 434 514 iocis,
447 441 473 495 id
485 448 526 497 est
535 440 578 497 vel
589 439 724 495 servorem
735 435 858 492 dilectio·
910 439 1038 509 quiddam
1053 439 1148 508 maius,
1166 438 1277 505 scilicet,
1304 438 1499 507 subjectionem
1514 437 1614 493 debent
1627 437 1707 509 prin-

59 531 104 586 nis
130 550 138 585 ι
163 531 227 604 quia
250 530 411 585 admirando
426 529 583 602 patientiam
607 537 688 593 tuam,
715 527 809 598 diligat
832 531 859 580 et
909 527 1039 598 cipibus:
1057 527 1704 599 etideoomnisooimosabditoritpotcstoti·

59 619 183 675 imitetur
205 620 307 675 bonum
332 627 416 674 tuum.
441 618 490 675 Vel
515 619 647 674 corbones
664 617 749 688 ionia
773 615 801 670 id
818 622 859 669 cst
909 616 958 672 bos
973 615 1193 683 sublimioribus,
1210 617 1237 672 id
1253 624 1295 672 est
1309 616 1459 672 secundum
1475 615 1640 672 voluntatem
1655 615 1705 672 Dei

57 708 174 782 ignitam
185 707 370 780 poenitentiam
387 724 394 763 ε
410 707 576 780 quiavidens
586 705 765 763 constantiam
773 711 857 766 tuam,
910 705 1071 761 sublimatis.
1086 705 1151 761 Ideo
1166 722 1216 778 per
1234 705 1435 778 animamque
1449 721 1512 777 pars
1522 712 1563 760 est
1576 704 1703 772 hominis,

57 797 191 853 ardenter
213 796 354 869 poenitebit
376 804 405 851 ut
419 796 469 851 tibi
484 795 632 851 assimilari
650 801 801 859 mereatum
818 799 859 846 ut·
909 800 995 848 totum
1009 794 1147 850 hominem
1171 795 1331 868 assignavit,
1354 803 1382 849 ut
1405 794 1530 849 ostendat
1546 810 1602 848 non
1616 795 1704 850 solum

58 903 112 960 que
129 894 346 959 supermontem
364 886 466 942 inimici
489 884 643 955 hujusmodi
666 884 800 941 carbones
815 880 859 936 in·
910 898 1032 954 corpore,
1059 883 1107 938 sed
1127 892 1153 939 et
1177 884 1258 939 etiam
1289 883 1426 939 voluntate
1449 883 1623 938 serviendum
1645 900 1707 940 esse

55 991 150 1048 geras,
167 976 228 1034 ooli
242 992 293 1046 per
306 973 502 1046 impatientiam
522 982 594 1029 tuam
609 974 687 1030 vinci
700 991 718 1028 o
733 972 808 1028 molo
824 970 859 1025 il·
910 971 1089 1043 principibus.
1103 972 1180 1029 w
1191 974 1259 1029 Vere
1274 973 1363 1028 omnis
1376 973 1459 1028 homo
1469 972 1551 1028 debet
1567 972 1646 1027 subdi
1660 989 1707 1044 po

57 1064 121 1131 lius,
143 1065 191 1120 red
208 1066 288 1121 aiace
310 1065 421 1120 molam
442 1063 544 1120 inimici
569 1062 724 1136 superando
747 1060 860 1116 illudio
911 1060 1064 1116 testatibus.
1081 1062 1151 1116 Nam
1165 1067 1280 1119 nonest
1301 1061 1393 1134 aliqua
1414 1065 1549 1133 potestas,
1566 1062 1638 1117 bona
1658 1077 1707 1117 seu

59 1154 130 1211 bono
145 1151 326 1210 indeficientis
339 1152 485 1226 patientiae.
910 1149 992 1218 mala,
1008 1150 1065 1206 nisi
1079 1169 1097 1206 o
1111 1152 1174 1219 Deo,
1190 1166 1241 1206 nec
1256 1151 1296 1207 sic
1311 1166 1327 1207 a
1342 1152 1409 1219 Deo,
1426 1158 1454 1205 ut
1469 1151 1522 1206 hoc
1536 1152 1632 1207 nolens
1647 1168 1709 1224 per·

910 1238 998 1295 mittat
1016 1254 1022 1293 :
1039 1238 1103 1312 quia
1116 1255 1287 1313 quecunque
1301 1245 1380 1305 suot,
1395 1240 1705 1308 allecordiootosaot,

359 1296 472 1352 CAPUT
490 1295 566 1351 Xffl·
910 1325 938 1382 id
954 1335 995 1383 εει
1009 1327 1197 1383 ordinabiliter
1211 1327 1352 1399 disposita,
1364 1328 1537 1385 noniortuito
1547 1345 1613 1386 casu
1624 1346 1707 1386 men·

98 1443 109 1467 v
130 1417 228 1475 Omnis
250 1418 340 1474 anima
361 1418 541 1489 potestatibus
565 1415 769 1473 sublimioribus
792 1414 860 1470 sub·
911 1415 955 1469 tia.
973 1415 1200 1487 Quandoquidem
1216 1423 1242 1471 et
1255 1424 1377 1487 potestas
1392 1425 1417 1473 et
1432 1418 1525 1474 omnia
1538 1435 1554 1474 a
1568 1419 1626 1474 Deo
1646 1426 1708 1474 sunt

61 1532 73 1556 ι
92 1508 150 1564 dita
166 1507 210 1562 sit.
235 1508 297 1563 Non
318 1514 359 1562 est
383 1507 455 1563 enim
471 1514 591 1579 potestas
606 1506 658 1560 nisi
673 1521 689 1560 a
703 1506 761 1560 Deo
777 1505 855 1575 (Sap.
910 1504 1042 1570 ordinata,
1053 1505 1203 1578 itaqoeqai
1210 1507 1470 1580 resistitpotestoti,
1481 1509 1589 1563 resistit
1597 1506 1708 1565 ordino

62 1618 76 1651 ι
90 1613 133 1666 ιι,
150 1596 189 1666 l).
205 1595 271 1666 Quas
287 1604 377 1652 autem
390 1604 462 1662 sunt,
479 1612 495 1650 a
512 1596 570 1650 Deo
578 1595 710 1650 ordinatae
721 1601 791 1648 sunt.
804 1593 860 1647 Ita·
913 1594 985 1649 tiooi
998 1594 1059 1659 Dei,
1075 1593 1103 1648 id
1115 1602 1157 1649 est
1171 1594 1228 1650 Deo
1239 1602 1398 1666 potestatem
1409 1597 1479 1652 hanc
1492 1596 1638 1652 ordinanti.
1649 1596 1708 1654 Neo

61 1709 73 1734 a
91 1701 149 1757 que
165 1685 209 1757 qui
225 1684 325 1740 resistit
347 1685 482 1756 potestati,
498 1683 549 1740 Dei
563 1682 727 1739 ordinationi
742 1680 855 1737 resistit.
871 1681 951 1762 Baio
966 1682 1094 1738 resistere
1109 1681 1169 1739 leve
1184 1683 1294 1754 putetis,
1310 1685 1374 1756 quia
1389 1686 1437 1757 qavi
1447 1684 1645 1749 sicrcsirtaat,
1657 1702 1708 1757 per

61 1797 73 1822 ε
94 1772 150 1842 Qui
165 1781 256 1828 autem
279 1773 418 1840 resistunt,
443 1772 495 1844 ipsi
520 1771 572 1826 sibi
591 1771 793 1827 damnationem
811 1785 860 1826 ac·
912 1770 1067 1839 hujusmodi
1085 1770 1212 1827 resistere
1229 1774 1383 1846 acquirunt
1399 1774 1454 1846 ipsi
1469 1774 1522 1830 sibi
1545 1774 1708 1832 damnatio·

63 1885 74 1913 ι
93 1862 216 1934 quirunt.
233 1863 301 1917 Nam
316 1862 455 1934 principes
470 1877 524 1917 non
539 1869 602 1916 sunt
617 1861 706 1916 timori
721 1859 784 1916 boni
799 1875 862 1931 ope·
911 1875 986 1926 aem,
1003 1859 1030 1914 id
1045 1866 1086 1914 cst
1099 1859 1159 1916 haec
1174 1858 1233 1916 sola
1246 1876 1328 1916 causa
1342 1859 1441 1918 sufficit
1453 1862 1487 1916 ad
1506 1861 1709 1918 damnationem

63 1975 74 1997 ι
92 1951 143 2020 ris,
158 1951 209 2007 sed
227 1951 303 2006 mali.
323 1952 369 2007 Vis
387 1959 478 2006 autern
493 1966 548 2006 uon
562 1950 661 2006 timere
676 1948 862 2021 potestatem?
912 1962 1017 2003 eorum.
1040 1948 1102 2003 Non
1125 1956 1167 2004 est
1182 1948 1274 2020 utique
1296 1948 1475 2005 resistendum
1488 1950 1614 2025 principi.
1636 1952 1708 2008 Nom

61 2061 73 2091 a
91 2041 200 2095 Bonum
224 2038 275 2109 iac,
292 2047 318 2095 et
340 2040 454 2095 habebis
476 2038 585 2095 laudem
600 2055 636 2094 ex
650 2038 706 2094 illa.
723 2038 773 2093 Dei
789 2037 862 2094 euim
909 2036 1199 2108 principerooosuot
1211 2038 1307 2093 timori
1317 2038 1627 2110 bonioperis,idestqui
1638 2039 1708 2096 bene

61 2128 219 2184 «minister
245 2136 286 2183 est
313 2128 362 2183 tibi
388 2129 417 2183 in
444 2129 558 2184 bonum.
586 2128 614 2183 Si
642 2136 733 2184 autem
760 2127 862 2182 malum
912 2132 1042 2194 operatur
1071 2141 1125 2181 nou
1160 2132 1201 2180 est
1217 2142 1301 2198 quare
1325 2126 1419 2182 timeat
1437 2126 1588 2199 principem
1615 2128 1709 2200 :quia

60 2241 71 2265 ι
89 2215 188 2290 [male]
211 2216 318 2287 leceris,
343 2216 417 2272 time.
440 2217 502 2272 Non
526 2217 598 2273 enim
618 2216 677 2272 siae
701 2232 785 2272 causa
799 2216 862 2290 gla-
912 2213 1017 2268 etiamsi
1032 2229 1081 2284 pro
1097 2214 1169 2269 bono
1184 2230 1266 2286 opere
1281 2214 1395 2270 infestus
1412 2224 1453 2271 est
1466 2216 1708 2289 ei,'eumqueper-

59 2306 167 2360 «dium
192 2313 291 2377 portat.
316 2305 366 2361 Dei
390 2305 462 2361 enim
490 2306 614 2361 minister
636 2314 686 2374 est,
712 2305 812 2362 vindex
834 2304 863 2359 in
912 2302 1042 2374 sequitur,
1067 2310 1150 2375 auget
1169 2302 1293 2358 virtutem
1319 2304 1377 2373 ejus
1401 2311 1428 2360 et
1458 2304 1594 2362 meritum.
1619 2305 1709 2374 Quare

61 2417 73 2445 ι
90 2395 161 2448 iram
177 2393 203 2450 ei
218 2394 264 2466 qui
279 2393 352 2450 male
366 2394 433 2468 agit.
451 2394 569 2466 ideoque
584 2395 747 2451 necessitate
762 2393 863 2449 subditi
912 2390 983 2446 bene
1003 2391 1127 2462 operanti
1148 2407 1202 2447 non
1222 2399 1264 2448 est
1286 2391 1386 2460 timori,
1411 2394 1459 2449 red
1479 2402 1521 2449 εει
1534 2394 1623 2451 timori
1637 2396 1709 2451 moli

61 2491 196 2549 «estote,
222 2499 277 2538 non
301 2483 387 2539 solum
413 2492 524 2555 propter
538 2484 616 2549 iram,
637 2483 685 2540 sed
700 2483 781 2539 etiam
795 2499 862 2555 pro·
912 2479 1013 2550 operis,
1030 2480 1058 2534 id
1075 2488 1116 2535 est
1140 2481 1186 2552 qui
1209 2480 1279 2536 male
1295 2489 1431 2552 operatur,
1447 2481 1494 2538 ille
1507 2483 1600 2556 utique
1613 2484 1709 2541 timere

61 2594 73 2621 ι
92 2579 157 2644 pter
171 2571 377 2628 conscientiam.
396 2571 461 2628 ldeo
476 2572 548 2627 enim
563 2580 590 2628 et
603 2571 704 2627 tributa
718 2572 861 2643 praestatis.
905 2575 1001 2640 'potest
1015 2568 1177 2640 principem.
1195 2569 1273 2626 Nunc
1284 2586 1316 2625 ex
1327 2570 1477 2641 praemissis
1488 2572 1632 2629 consilium
1646 2574 1707 2630 col·

60 2684 72 2709 a
92 2660 213 2715 Ministri
228 2660 299 2716 enim
321 2660 371 2716 Dei
394 2668 467 2728 sunt,
482 2660 509 2715 in
524 2662 576 2717 hoc
590 2661 680 2733 ipsum
695 2661 858 2717 servientes.
911 2656 1000 2729 ligans
1015 2657 1051 2711 ait
1067 2672 1073 2711 τ
1090 2658 1220 2729 Princeps
1236 2674 1290 2714 non
1305 2667 1347 2715 est
1360 2660 1498 2716 timendus
1517 2661 1596 2717 bonis
1613 2662 1709 2735 :quod

62 2771 73 2799 ι
91 2749 211 2805 Reddite
231 2766 296 2823 ergo
310 2749 437 2805 omnibus
451 2750 552 2805 debita.
569 2749 618 2805 Cui
634 2750 762 2806 tributum
778 2750 863 2805 tribu·
912 2746 936 2800 si
947 2754 974 2802 tu
985 2746 1108 2802 similiter
1117 2749 1159 2803 vis
1168 2762 1225 2803 nort
1236 2749 1336 2805 timere
1345 2753 1526 2822 potestatem,
1535 2754 1582 2823 sac
1592 2752 1705 2821 bonam,

63 2846 175 2904 «tum,
200 2837 244 2894 cui
267 2838 386 2911 vectigal
410 2838 537 2911 vectigal,
563 2839 605 2894 oui
632 2838 757 2895 timorem
785 2838 864 2894 timo·
912 2839 941 2891 ct
954 2834 1054 2890 bonum
1068 2834 1525 2896 iacienslvobcbisloudcmoaitlo
1541 2855 1709 2913 quecunque

61 2950 74 2976 ι
91 2943 164 2994 rem,
198 2927 242 2983 cui
265 2928 396 2984 honorem
419 2928 551 2984 honorem
578 2929 688 2999 (llottb.
713 2943 785 2996 ιιιιιι,
805 2927 863 2998 at.)
913 2924 956 2990 sit,
975 2924 1045 2979 bona
1058 2924 1102 2980 vel
1116 2925 1189 2980 mala
1204 2943 1211 2979 :
1228 2926 1290 2998 quia
1305 2926 1328 2981 si
1342 2927 1475 2999 bonaest,
1488 2928 1522 2984 de
1533 2928 1709 2985 bonolauda-

64 3015 206 3071 «Nemini
242 3015 389 3088 quidquam
426 3016 574 3087 debeatis,
607 3016 660 3072 nisi
690 3024 719 3072 ut
747 3016 864 3073 invicem
913 3012 951 3066 bit
967 3020 1002 3078 te,
1020 3013 1043 3068 si
1058 3028 1124 3069 vero
1138 3015 1219 3082 mala,
1231 3023 1444 3088 persequeturte
1455 3017 1525 3073 bene
1536 3025 1706 3089 operantem,

65 3104 231 3176 ·diligatis.
271 3104 324 3173 Qui
352 3105 425 3160 enim
453 3105 541 3178 diligit
569 3105 745 3177 proximum,
772 3105 862 3176 legem
914 3109 940 3157 et
955 3117 988 3156 ex
1003 3100 1100 3158 virtute
1115 3103 1253 3173 patientiae
1266 3104 1430 3161 laudaberis.
1447 3107 1518 3162 Vere
1533 3106 1642 3161 laudem
1655 3107 1707 3162 ha-

64 3216 75 3239 ·
94 3192 230 3264 implevit.
245 3192 317 3248 Nam
328 3209 384 3248 non
399 3193 575 3250 adulterabis.
592 3193 654 3250 Nou
667 3195 786 3251 occides.
802 3195 863 3250 Non
914 3189 991 3244 bobis
1007 3206 1040 3245 ειι
1055 3206 1098 3246 ea.
1116 3191 1186 3246 Nom
1194 3191 1238 3247 hic
1247 3192 1318 3249 idem
1329 3194 1457 3265 princeps
1466 3196 1657 3252 otiaistorlloi
1666 3200 1710 3252 ert

64 3301 76 3329 ι
94 3280 244 3336 furaberis.
277 3282 338 3337 Non
363 3280 462 3338 salsum
486 3282 669 3338 testimonium
692 3283 777 3339 dices.
803 3283 864 3338 Non
915 3279 1013 3335 liiiio
1032 3280 1143 3346 bonam,
1157 3280 1184 3334 id
1202 3288 1244 3336 est
1265 3282 1300 3337 ad
1317 3283 1458 3339 utilitatem
1469 3284 1492 3338 si
1503 3285 1573 3340 bene
1590 3284 1708 3352 ieceris3

54 3392 77 3441 γι
95 3369 276 3441 concupisces
300 3371 394 3442 (Dect.
420 3387 448 3438 v,
474 3373 529 3442 t8),
550 3379 576 3427 ει
591 3371 613 3426 si
629 3372 703 3444 quod
724 3379 766 3427 est
790 3371 865 3426 aliud
914 3366 963 3423 scd
972 3368 998 3422 si
1014 3369 1089 3423 molo
1103 3369 1215 3438 scocris,
1229 3370 1297 3426 timo
1307 3386 1382 3426 cam.
1402 3372 1549 3428 Timendus
1565 3374 1710 3446 utiqueest

63 3480 74 3502 ι
92 3457 255 3513 mandatum
271 3457 298 3513 in
313 3459 365 3515 hoc
379 3460 463 3515 verbo
477 3459 643 3514 instauratur
659 3478 665 3514 :
682 3460 786 3532 Diliges
800 3475 865 3532 pro·

62 3566 74 3596 ι
92 3547 198 3601 ximum
221 3555 296 3602 tuum
311 3547 382 3604 sicut
404 3548 521 3619 teipsum
546 3550 647 3618 (levit.
663 3564 725 3616 ιιιιι,
743 3551 797 3619 18).
814 3548 864 3603 Di-

63 3659 74 3684 ·
92 3634 178 3700 lectio
191 3635 308 3705 proximi
330 3636 430 3691 malum
444 3652 499 3693 non
514 3645 642 3709 operatur
663 3638 773 3710 (llaltlv.
790 3653 862 3704 ιιιιιι,

63 3747 75 3770 ι
94 3725 152 3794 39).
171 3723 313 3780 Plenitudo
328 3741 394 3798 ergo
403 3725 474 3798 legis
484 3734 525 3782 est
535 3726 654 3782 dilectio.
670 3727 765 3782 Ethoc
780 3726 866 3782 scien-

63 3835 74 3860 ·
93 3820 137 3867 tes
153 3820 272 3884 tempus,
287 3813 352 3885 quia
375 3814 442 3869 hora
456 3822 498 3869 est
509 3815 567 3883 jam
581 3830 632 3870 nos
646 3814 681 3870 de
695 3831 792 3871 somno
806 3831 865 3870 sur·

63 3923 74 3953 a
93 3917 173 3972 gere.
196 3902 275 3958 Nunc
289 3902 362 3956 enim
376 3902 487 3974 propior
510 3911 552 3958 est
575 3911 668 3959 nostra
684 3903 766 3970 salus,
784 3919 865 3976 quam

65 4014 75 4036 ·
94 4006 160 4045 cum
175 3989 350 4046 credidimus.
376 3992 437 4046 Nox
455 3992 606 4063 precessit,
632 3992 692 4048 dies
710 4002 800 4049 autem
814 4009 864 4064 ap-

63 4103 75 4123 «
93 4078 299 4150 propinquavit.
316 4079 483 4149 abjiciamus
502 4096 568 4154 ergo
584 4097 668 4152 opera
682 4083 863 4153 tenebrarum,

69 4188 81 4218 ι
98 4174 128 4224 ει
140 4165 288 4222 induamur
301 4183 377 4224 arma
392 4168 471 4236 lucis,
488 4168 527 4225 sic
543 4177 571 4224 ut
581 4169 608 4224 in
619 4170 664 4225 die
677 4172 791 4228 honeste
805 4187 866 4226 am·

67 4251 239 4306 abulemus.
267 4252 379 4307 Nouia
401 4254 643 4310 comessationibus
669 4262 695 4311 ει
723 4255 865 4311 ebrietati-

914 3454 1117 3522 malefacienti,
1135 3472 1199 3511 nam
1214 3456 1258 3513 hic
1269 3458 1354 3527 judex
1368 3477 1426 3517 ooo
1436 3463 1498 3517 rinc
1513 3478 1599 3519 cauto
1611 3466 1709 3533 portat

914 3542 1052 3615 plodicm.
1077 3544 1148 3599 Vere
1166 3560 1220 3600 non
1244 3545 1303 3601 sine
1323 3562 1423 3614 causa;
1439 3564 1502 3604 nam
1529 3549 1572 3604 hic
1585 3550 1709 3606 minister

915 3631 965 3687 Dei
980 3639 1041 3687 est:
1058 3633 1164 3688 vindoc
1179 3634 1215 3699 cl,
1231 3633 1259 3689 id
1274 3642 1315 3690 est
1329 3636 1365 3691 ad
1379 3636 1507 3692 damnum
1523 3639 1639 3710 ejusqui
1652 3656 1713 3696 mo·

917 3721 977 3776 tum
991 3722 1053 3791 aqit
1068 3738 1075 3776 :
1091 3720 1192 3778 vindex
1206 3723 1251 3779 dio
1272 3726 1304 3779 io
1318 3725 1401 3792 iram,
1418 3725 1446 3780 id
1465 3727 1549 3782 estin
1564 3728 1712 3784 vindictam

916 3808 966 3864 Dei
981 3808 1134 3865 faciendam
1151 3828 1158 3865 :
1173 3811 1217 3867 vel
1231 3811 1330 3867 vindex
1343 3813 1371 3867 in
1383 3811 1461 3878 iram,
1474 3813 1502 3870 id
1516 3815 1595 3871 estin
1605 3816 1714 3890 signum

916 3896 1010 3953 lutura
1030 3898 1150 3969 ultionis,
1172 3916 1253 3972 quam
1270 3901 1490 3959 animadvertunt
1508 3920 1558 3976 per
1572 3912 1714 3977 tempora-

916 3983 969 4040 lem
984 3985 1113 4043 ultionem
1129 4005 1209 4060 quarn
1223 3989 1324 4045 vident.
1342 3989 1569 4063 Quandoquidem
1578 3993 1621 4049 hic
1634 3994 1714 4066 prin·

916 4089 982 4146 caps
995 4075 1119 4131 minister
1128 4077 1178 4133 Dei
1189 4085 1239 4144 est,
1253 4079 1313 4135 idco
1324 4084 1412 4138 estote
1422 4080 1528 4138 subditi
1537 4082 1638 4149 animo,
1650 4083 1715 4141 huic

916 4166 1090 4231 necessitati,
1100 4165 1128 4220 id
1138 4173 1180 4220 est
1187 4167 1314 4238 principi,
1324 4168 1367 4225 cui
1379 4169 1468 4224 velitis
1481 4170 1573 4226 nolitis
1584 4171 1715 4241 subjicie-

916 4252 992 4320 mini,
1008 4261 1037 4307 ιιι
1060 4253 1128 4308 illud
1141 4253 1235 4326 cupias
1249 4256 1429 4330 quodcunque
1443 4274 1558 4316 necesse
1573 4268 1624 4316 est.
1641 4261 1713 4317 Sub-

66 4362 77 4388 ·
97 4340 161 4408 bus,
178 4355 233 4396 non
256 4339 284 4394 in
299 4341 434 4396 cubilibus
449 4350 476 4398 et
489 4342 673 4416 impudicitiis,
688 4359 742 4400 aon
758 4345 785 4399 in
800 4360 866 4401 oon·
917 4336 973 4406 dlii,
990 4336 1111 4408 initum,
1128 4342 1714 4418 0⁵1⁰&ltonSOlumlerl’Wii‘lmPlinci·

65 4449 78 4479 ,
96 4428 219 4483 temone
233 4436 259 4484 e,
271 4429 442 4487 aemupffljone
457 4430 536 4503 (Luc,
552 4447 613 4501 m,
631 4434 694 4504 34„
710 4434 759 4489 sed
772 4432 865 4489 indui.
879 4415 1715 4502 Dpisvitandam,sedetiampropteroooscieatiamvestram

68 4540 80 4563 a
99 4516 168 4571 mini
195 4516 318 4591 [induite]
346 4519 492 4575 Dominum
518 4522 612 4576 lesum
644 4521 790 4577 christum.
832 4523 867 4577 Ει
915 4514 943 4569 in
956 4513 1073 4585 puritate
1096 4517 1328 4584 conservandam,
1344 4519 1408 4591 quia
1422 4520 1475 4576 nisi
1489 4522 1578 4578 animo
1591 4524 1714 4594 subjice·

69 4629 79 4651 ·
99 4604 192 4661 carnis
206 4621 297 4662 curam
307 4623 341 4662 ne
356 4607 474 4664 faceritis
484 4608 512 4664 in
523 4608 665 4666 desideriis
679 4611 754 4682 (Gal.
771 4626 799 4680 v,
812 4613 864 4680 163
915 4602 1011 4658 remini
1026 4603 1150 4675 principi,
1165 4605 1269 4676 polluta
1279 4615 1352 4663 esset
1365 4609 1532 4666 conscientia
1544 4620 1646 4677 vestra,
1663 4613 1713 4670 ob·

69 4717 81 4740 ι
101 4694 206 4750 ll’etr.
222 4709 252 4764 ιι,
270 4696 324 4766 lt).
343 4719 354 4744 ι
914 4690 993 4746 vians
1007 4691 1106 4747 divinae
1120 4692 1296 4750 ordinationi.
1312 4696 1423 4753 Debotis
1433 4698 1527 4770 utique
1537 4700 1639 4755 subditi
1652 4718 1714 4759 esse

383 4836 533 4878 nmmo
914 4779 1049 4851 priucipi;
1065 4797 1134 4837 nom
1154 4782 1225 4852 idco,
1240 4783 1269 4837 id
1284 4792 1325 4839 est
1349 4784 1378 4839 in
1401 4787 1509 4858 siguum
1523 4789 1603 4858 hujus
1618 4790 1714 4861 subje-

537 4862 543 4877 '
915 4868 1022 4936 ctionis,
1036 4872 1182 4942 praestatis
1197 4887 1247 4927 vos
1263 4874 1380 4940 tributo,
1391 4882 1419 4930 ει
1428 4884 1526 4932 caetera
1540 4877 1641 4934 debita.
1658 4881 1715 4937 Vos

104 4944 253 5015 Postquam
266 4943 358 5001 docuit
373 4947 510 5017 quomodo
524 4946 645 5004 vicissim
658 4945 728 5004 inter
741 4963 770 5003 se
784 4964 866 5022 agen·
915 4956 977 5012 dico
990 4945 1019 5010 in
1035 4957 1087 5013 hoc
1103 4957 1192 5029 ipsum
1205 4960 1279 5032 quod
1294 4962 1401 5018 tributo
1408 4966 1564 5036 proestotis,
1575 4970 1715 5038 potestati·

67 5032 133 5086 dum
149 5039 190 5086 est
206 5031 330 5102 subditis,
346 5034 427 5090 docet
445 5035 507 5091 illos
522 5035 648 5108 quiddam
663 5036 751 5106 majus
765 5037 865 5094 debere
914 5044 966 5100 bus
985 5045 1136 5103 servientes
1161 5049 1219 5104 Deo
1237 5066 1243 5103 :
1258 5067 1326 5106 nam
1348 5051 1402 5122 ipsi
1424 5053 1562 5126 principes
1583 5060 1715 5116 ministri

68 5119 191 5190 prelatis
209 5135 216 5173 τ
232 5120 314 5176 eriam
335 5121 500 5189 infidelibus.
519 5125 594 5181 salva
608 5132 698 5181 umen
712 5125 871 5196 integritate.
915 5138 983 5189 sant
997 5136 1058 5200 oei,
1076 5135 1103 5190 id
1117 5143 1159 5191 est
1172 5136 1327 5194 ministrant
1340 5141 1399 5197 beo
1412 5158 1463 5213 per
1476 5152 1588 5216 accepta
1602 5146 1711 5216 inbuta,

67 5206 143 5263 fidei.
160 5207 245 5263 Erant
260 5209 331 5265 enim
348 5212 394 5284 qui
408 5213 552 5270 crederent
566 5230 596 5268 se
607 5212 733 5269 fidelibus
747 5213 865 5270 dominis
915 5239 976 5294 quae
990 5222 1054 5277 dant
1068 5224 1108 5278 eis
1122 5223 1193 5280 vires
1204 5233 1229 5280 et
1238 5234 1403 5296 potestatem
1413 5233 1546 5300 operandi
1557 5234 1629 5305 quod
1640 5235 1714 5290 Deus

66 5296 135 5350 nihil
148 5297 207 5366 jam
221 5297 332 5366 debere,
349 5300 411 5372 quia
426 5300 524 5357 iratres
548 5317 642 5357 eorum
667 5311 743 5358 erant
757 5303 784 5357 in
800 5302 863 5359 lide.
914 5310 1043 5383 disponit.
1059 5312 1109 5368 Vel
1124 5312 1176 5381 ita,
1193 5329 1242 5369 vos
1256 5317 1392 5386 prestatis
1406 5319 1504 5376 tributa
1519 5329 1545 5377 et
1560 5321 1630 5376 bene
1643 5321 1714 5377 laci-

66 5383 228 5441 lnlidelibus
247 5394 337 5442 autem
351 5389 469 5445 dominis
492 5390 600 5462 penitus
622 5406 730 5447 omnem
746 5392 864 5448 servitu·
915 5399 959 5455 tis.
975 5399 1045 5455 Nam
1059 5401 1086 5455 hi
1100 5401 1238 5473 principes
1249 5414 1311 5461 sunt
1321 5406 1437 5463 ministri
1451 5409 1502 5467 Dei
1510 5411 1674 5475 cervicatos,
1686 5410 1717 5469 id

66 5481 120 5529 tem
146 5474 305 5545 negabant;
321 5477 469 5533 absurdum
486 5478 642 5548 iudicantes
665 5489 695 5536 ut
715 5481 761 5553 qui
775 5481 864 5537 fidelis
915 5495 957 5543 est
971 5504 1040 5561 quos
1056 5489 1129 5545 Deus
1152 5491 1290 5549 constituit
1308 5495 1412 5552 servire
1428 5497 1480 5554 sibi
1494 5500 1526 5557 ia
1541 5497 1591 5557 boo
1606 5501 1716 5572 ipsam,

65 5570 139 5619 esset
154 5560 258 5618 infideli
272 5564 460 5636 subjiceretur.
478 5567 578 5624 littera
592 5568 762 5643 aicjuagitur
778 5585 784 5625 :
800 5570 865 5628 llaeo
915 5575 942 5631 ia
957 5576 1064 5634 tributis
1088 5594 1177 5650 quaea
1192 5578 1272 5636 vobis
1297 5582 1442 5656 accipiant.
1463 5587 1532 5646 Cum
1553 5589 1627 5646 enim
1641 5588 1723 5647 Deus

172 5686 298 5769 Parnon.
317 5688 410 5748 cllll.
1621 5713 1643 5764 ιι
