3742 5986
121 139 174 194 tlt
387 138 419 194 S.
446 136 624 196 Batthortts
643 132 968 195 cauraustartotttttt
986 131 1228 189 trtsttttttottts
1248 131 1324 189 OPP.
1345 132 1444 192 rattS.
1464 135 1500 191 tt.
1720 137 1775 192 tto

126 276 195 317 vero
214 278 293 318 suum
321 261 500 320 sacerdotium
528 262 700 334 praecesserit
726 261 824 334 legale,
854 268 881 316 et
895 258 961 322 inA
977 279 989 306 ι
1007 272 1054 312 sus
1095 256 1288 330 crucifigentes
1324 258 1501 330 sibimetipsis
1532 258 1630 316 Filium
1658 259 1722 330 Dei,
1753 267 1781 317 et

127 358 259 405 aternum
275 350 309 405 sit
323 366 544 422 permansurum.
567 351 687 406 Primum
702 348 924 422 eos(secundum
977 345 1126 401 «ostentui
1154 346 1296 402 habentes.
1328 348 1411 403 Terra
1426 347 1498 403 enim
1520 364 1594 420 saepe
1621 349 1780 406 venientem

25 475 30 485 -
126 446 233 510 partem
248 439 349 510 tamem
365 455 460 510 aspera
470 439 623 495 invectione
633 439 803 512 aggreditur,
813 445 840 494 ct
854 453 923 494 eon·
976 450 1129 506 «superse
1144 434 1241 490 bibens
1270 435 1387 492 imbrem
1402 443 1429 492 ει
1443 437 1604 509 germinans
1618 436 1780 510 [generans]

125 526 267 582 venientes
281 526 397 599 primum
412 543 460 583 eos
477 527 597 600 corrigit,
614 535 643 582 ut
658 527 775 584 correcti
797 525 921 582 devotio·
975 546 987 571 ι
1003 524 1115 579 herbam
1133 532 1312 596 opportunam
1341 524 1424 580 illisa
1449 523 1547 599 ‘quihus
1562 525 1664 583 colitur
1677 526 1779 597 accipit

125 631 172 671 ros
195 614 249 670 sint
271 615 305 671 ad
333 615 509 681 audiendum,
527 623 553 671 et
576 615 720 687 proniores
743 615 777 670 ad
804 614 921 671 creden·
975 612 1222 668 «benedictionem
1241 614 1346 680 aDeo;
1363 612 1506 686 proterens
1530 622 1621 669 autem
1637 614 1734 685 spinas
1748 628 1780 670 ae

124 703 197 770 dum,
214 702 309 760 dicens
325 719 332 759 ε
349 705 386 760 De
402 719 465 777 qno,
481 703 564 759 idest
586 705 723 775 quomodo
744 702 867 759 Christus
888 702 923 758 sit
975 724 986 748 ιι
1004 701 1127 767 tribulos,
1144 701 1263 773 reproba
1277 709 1338 771 est,
1356 711 1383 758 et
1404 702 1560 758 maledictio
1575 703 1712 775 proxima,
1727 718 1779 759 cu-

122 791 245 863 pontiiex
276 792 427 849 secundum
455 791 580 848 ordinem
603 791 805 848 Melchisedech
839 798 922 847 restat
975 789 1045 859 «jus
1074 790 1275 847 consummatio
1302 790 1331 844 in
1355 791 1584 846 combustionem.
1607 789 1778 847 Condidimus

122 879 203 936 nobis
218 897 309 936 sermo
324 881 449 952 mendis,
466 880 495 935 id
518 888 559 936 est
572 880 657 935 multa
672 880 919 952 comprehendens,
974 898 985 928 ι
1003 884 1092 933 autem
1106 878 1140 933 de
1154 878 1233 934 vobis
1257 878 1427 935 dilectissimi
1453 879 1566 935 meliora
1588 887 1620 935 et
1643 879 1779 936 viciniora

123 972 153 1024 et
171 969 441 1042 ininterpretabilis,
454 968 482 1024 id
497 976 538 1024 est
553 969 599 1040 qui
612 968 695 1024 modo
711 984 767 1024 non
780 968 867 1041 possit
883 968 922 1022 in·
973 966 1093 1033 «saluti,
1110 967 1219 1022 tametsi
1248 967 1455 1040 italoquimur.
1479 968 1541 1022 Non
1569 968 1645 1023 enim
1659 967 1777 1037 injustus

122 1056 272 1128 terpretari,
288 1072 340 1113 nec
359 1073 444 1127 ame,
460 1056 523 1130 quia
539 1072 594 1112 nou
609 1057 697 1113 habeo
716 1071 854 1129 congruos
869 1073 920 1111 au·
973 1077 983 1102 ι
1002 1056 1077 1109 Deus
1091 1062 1120 1109 ut
1143 1054 1320 1112 obliviscatur
1347 1056 1440 1127 operis
1467 1055 1552 1111 vestri
1567 1063 1594 1111 et
1607 1055 1775 1125 dilectionis,

121 1146 233 1216 ditores,
250 1161 301 1202 nec
328 1146 407 1202 robis
435 1145 664 1217 interpretabilis,
677 1145 739 1217 quia
753 1162 852 1217 capere
865 1160 920 1201 non
974 1164 986 1196 ι
1004 1159 1084 1215 quam
1101 1143 1260 1199 ostendistis
1272 1144 1301 1199 iu
1322 1145 1433 1201 nomine
1462 1144 1559 1216 ipsius,
1575 1144 1776 1216 quiministra-

123 1234 248 1306 potestis.
266 1235 296 1290 ln
307 1233 520 1305 interpretabilis
533 1233 597 1291 dico
611 1235 647 1290 od
661 1235 821 1300 dicendum,
840 1234 868 1289 id
879 1242 920 1290 est
972 1255 983 1280 ιι
1001 1233 1049 1287 stis
1064 1233 1165 1290 sanctis
1180 1241 1207 1288 et
1219 1233 1392 1289 ministratis.
1421 1234 1552 1305 Cupimus
1565 1241 1654 1290 autem
1670 1251 1774 1290 unum-

120 1322 156 1378 ad
171 1323 362 1394 exponendum
387 1322 477 1391 vobis,
494 1323 628 1396 quonium
642 1339 691 1379 vos
705 1324 778 1394 sceti
788 1323 854 1379 estis
869 1323 921 1378 im·
972 1344 983 1370 ι
1001 1338 1139 1393 quemque
1154 1330 1275 1378 restrum
1300 1323 1427 1378 eamdem
1442 1330 1582 1378 ostentare
1609 1321 1776 1379 sollicitudi-

122 1411 235 1468 becilles
250 1411 480 1478 cicadiendurn,
497 1411 525 1467 id
540 1420 582 1467 εει
596 1411 632 1467 ad
641 1411 858 1483 intelligendum.
871 1410 920 1467 Vel
971 1432 983 1458 ιι
1001 1425 1073 1476 nem,
1094 1410 1128 1465 ad
1143 1410 1326 1481 expletionem
1337 1409 1396 1481 spei
1410 1426 1498 1482 usque
1513 1411 1540 1464 iu
1564 1408 1659 1480 tinem,
1674 1419 1775 1466 utnon

121 1493 214 1556 sermo
228 1499 279 1555 iste
300 1500 413 1570 grandis
437 1507 478 1555 est
502 1507 529 1555 et
552 1499 779 1571 interpretabilis,
798 1498 918 1556 3⁷6
972 1514 1103 1571 «segnes
1117 1497 1287 1566 efficiamini,
1305 1515 1400 1555 verum
1414 1499 1566 1554 imitatores
1591 1515 1690 1555 eorum
1728 1497 1775 1571 qui

120 1588 183 1661 quia
194 1587 278 1642 mults
292 1595 464 1644 sacramenta
479 1588 524 1645 hic
537 1588 720 1667 continentur,
737 1605 798 1660 quae
813 1596 919 1660 oportet
933 1609 982 1675 Βι
1000 1584 1053 1642 fide
1068 1594 1094 1642 et
1108 1587 1237 1658 patientia
1252 1586 1451 1643 haereditabunt
1459 1587 1669 1658 promissiones.
1679 1587 1774 1644 Abra·

121 1675 231 1748 exponi.
263 1675 381 1731 Grandis
408 1676 470 1732 ideo
495 1676 557 1734 dico
570 1677 697 1747 quoniam
712 1693 761 1733 ros
775 1675 919 1733 iactiestis
972 1676 1043 1730 nhae
1057 1692 1175 1747 namque
1189 1676 1351 1747 promittens
1373 1677 1456 1746 Deus,
1482 1675 1609 1748 quoniam
1633 1677 1775 1733 nemiuem

120 1763 271 1821 imbecilles
282 1765 316 1820 ad
326 1763 502 1820 audiendum.
517 1766 586 1821 Vere
601 1765 762 1833 imbecilles,
774 1782 842 1821 nom
852 1782 918 1822 cum
970 1763 1092 1818 uhabuit
1121 1779 1172 1835 per
1196 1781 1277 1836 quem
1308 1764 1414 1834 juraret
1441 1763 1584 1834 majorem,
1597 1764 1702 1834 juravit
1725 1780 1776 1836 per

118 1851 256 1909 deberetis
271 1869 331 1910 csse
351 1854 481 1926 mocirtri
503 1858 620 1926 propter
635 1858 759 1927 tempos,
781 1853 917 1925 prolixum
971 1872 982 1902 ι
1000 1851 1195 1923 semetipsum,
1211 1853 1307 1909 dicens
1324 1871 1330 1907 :
1347 1852 1407 1908 Nisi
1421 1847 1588 1909 benedicens
1609 1852 1775 1909 benedicam

119 1942 194 2015 quod
220 1940 354 1996 habuistis
381 1942 416 1996 ad
440 1941 618 2009 discendum3
635 1958 684 1998 vos
707 1942 780 1997 enim
807 1941 917 2013 inipso
970 1949 1035 2006 ιιε,
1066 1948 1093 1996 ει
1114 1941 1297 2012 multiplicans
1324 1940 1509 2012 multiplicabo
1531 1948 1567 1996 ιε.
1584 1941 1620 1996 Ει
1643 1941 1686 1997 sic
1710 1940 1773 1996 lon·

116 2028 194 2085 initio
209 2029 411 2101 pradicationis
440 2029 566 2087 conversi
589 2030 665 2086 estis.
692 2031 768 2096 Cum,
795 2029 915 2103 inquam,
970 2029 1145 2102 «ganimiter
1168 2029 1270 2095 terens,
1297 2029 1412 2101 adeptus
1440 2038 1482 2085 εει
1516 2028 1771 2101 repromissionem.

118 2114 257 2172 deberetis
273 2133 335 2173 esse
349 2116 484 2190 magistri,
500 2133 572 2174 nunc
594 2135 710 2174 rursum
737 2117 870 2190 indicetis
884 2122 918 2173 nt
970 2137 981 2168 a
999 2117 1130 2173 Homines
1146 2117 1218 2173 enim
1240 2134 1290 2190 per
1305 2118 1437 2187 majorem
1457 2117 1499 2173 sui
1519 2118 1621 2187 jurant,
1639 2126 1666 2174 ει
1680 2119 1772 2174 omnis

118 2220 166 2260 vos
176 2205 335 2261 doceamini
345 2222 406 2278 quta
416 2207 475 2260 sint
486 2206 916 2262 clementceeordiisermonnm
969 2226 980 2257 ι
998 2206 1192 2261 controversia
1216 2222 1310 2262 eorum
1326 2204 1389 2261 finis
1404 2207 1439 2262 ad
1467 2205 1716 2272 confirmationem,
1730 2215 1773 2262 est

117 2294 177 2349 Dei.
188 2293 220 2347 ln
234 2293 406 2349 sermonibus
418 2293 468 2348 Dei
492 2293 570 2348 multi
598 2294 700 2367 gradm
718 2293 913 2364 continentur:
969 2294 1187 2363 «juramentum.
1218 2295 1249 2349 In
1277 2310 1331 2366 quo
1360 2294 1542 2350 abundantius
1569 2294 1667 2352 volens
1695 2295 1771 2351 Deus

117 2381 235 2453 primum
258 2381 375 2453 simplex
390 2381 549 2453 instructio,
573 2382 673 2439 dehinc
700 2382 789 2438 media
811 2382 848 2437 ad
871 2382 914 2437 ul·
969 2383 1141 2438 «ostendere
1154 2382 1360 2454 pollicitationis
1375 2399 1432 2439 suae
1446 2383 1600 2439 haeredibus
1618 2383 1770 2439 immobili-

117 2469 213 2525 timum
227 2469 357 2542 pertecta.
369 2470 520 2526 Exordium
533 2479 623 2527 autem
647 2479 735 2539 vocat,
764 2479 793 2526 ut
805 2470 916 2543 quando
968 2477 1077 2526 «tatem
1106 2470 1214 2527 consilii
1242 2471 1295 2538 sui,
1335 2471 1497 2542 interposuit
1516 2471 1722 2542 jusjurandum,
1741 2479 1770 2528 ut

115 2557 212 2630 aliquis
241 2558 355 2614 docetur
379 2559 493 2615 credere
517 2558 742 2628 incarnationem,
758 2559 915 2631 passionem
968 2576 1047 2631 uper
1074 2560 1143 2616 duas
1168 2576 1213 2615 ros
1233 2559 1387 2616 immobiles
1412 2560 1510 2632 quibus
1528 2559 1699 2631 impossibile
1727 2568 1768 2616 εει

116 2646 228 2715 Christi,
245 2655 272 2702 et
285 2646 438 2716 hujusmodi
467 2646 637 2718 simplicibus
662 2656 828 2720 opportuna.
846 2648 914 2704 Ele·
967 2647 1105 2703 «mentiri
1118 2649 1226 2715 Deum,
1243 2646 1423 2704 fortissimum
1450 2646 1576 2704 solatium
1603 2647 1766 2715 habeamus,

114 2743 207 2792 menta
227 2742 319 2791 autern
346 2734 450 2790 exordii
474 2744 559 2803 sunt,
585 2744 615 2792 ut
642 2736 762 2792 seriatim
787 2753 914 2793 enarrare
967 2736 1042 2808 «qui
1056 2735 1230 2808 confugimus
1259 2736 1293 2791 ad
1318 2736 1466 2792 tenendam
1493 2735 1663 2808 propositam
1677 2752 1765 2809 spem,

116 2823 257 2880 materiam
285 2823 444 2895 passionis,
472 2823 516 2880 vel
538 2823 641 2896 aliquid
670 2824 839 2894 huiusmodi.
858 2827 914 2881 Vos
968 2845 978 2871 ιι
997 2839 1080 2896 quam
1094 2825 1164 2882 sicut
1178 2826 1327 2881 anchoram
1351 2825 1484 2880 habemus
1508 2824 1606 2880 anirnae
1626 2832 1715 2882 tutam
1735 2841 1765 2880 aa

115 2911 197 2970 etiam
212 2911 276 2969 iacti
290 2912 356 2968 estis
372 2912 440 2968 tales
453 2914 552 2985 quibus
566 2930 634 2986 opus
657 2913 695 2969 sit
721 2915 809 2980 tacte,
826 2913 854 2968 id
872 2921 914 2969 est
968 2936 980 2963 ι
997 2912 1114 2982 firmam,
1131 2923 1157 2970 et
1174 2915 1346 2972 incedentem
1360 2930 1446 2985 usque
1460 2914 1495 2969 ad
1508 2912 1640 2969 interiora
1653 2912 1765 2971 velami-

112 3001 213 3075 puerili
241 3000 435 3068 insinuatione,
454 3008 480 3057 ει
504 3001 542 3057 ita
564 3001 635 3058 lacte
652 3002 726 3074 quod
749 3018 806 3058 non
824 3001 913 3058 solido
966 3002 1046 3069 «nis,
1067 3003 1114 3058 ubi
1128 3019 1282 3074 praecursor
1305 3018 1357 3073 pro
1372 3002 1455 3058 nobis
1476 3001 1597 3059 introivit
1610 3003 1701 3069 tosus,
1718 3017 1765 3058 se-

113 3092 181 3161 ctio,
198 3090 225 3145 id
240 3098 282 3147 εει
296 3088 419 3161 perfecta
443 3088 578 3146 doctrina.
608 3092 677 3146 Vere
692 3090 728 3145 ita
743 3089 824 3157 lacte,
841 3091 914 3163 quod
966 3091 1112 3147 «cundum
1136 3091 1261 3148 ordinem
1276 3089 1478 3148 Melchisedech
1498 3088 1621 3162 pontifex
1636 3089 1765 3148 tactusin

114 3195 170 3235 non
193 3194 263 3250 opus
278 3179 312 3233 sit
332 3178 420 3233 solido
433 3177 506 3234 cibo.
522 3180 594 3235 Nam
616 3181 709 3236 omnis
723 3179 769 3235 ille
784 3180 832 3252 qui
847 3197 913 3252 pcr-
965 3200 976 3226 ιι
994 3186 1138 3235 aeternum.
1161 3204 1172 3231 ε

113 3268 201 3340 ticeps
215 3270 258 3323 est
274 3267 366 3335 tostis,
384 3266 412 3321 id
430 3274 472 3322 est
486 3265 531 3323 cui
543 3267 695 3323 necessaria
711 3275 752 3323 est
765 3267 912 3324 insinuatio

111 3354 234 3429 puerilis,
252 3354 295 3411 hic
308 3354 369 3410 talis
383 3371 487 3428 expers
501 3357 639 3412 sermonis
667 3359 709 3413 est
728 3357 862 3427 jnrttttoe,
884 3355 913 3411 id
1713 3408 1719 3415 .

114 3451 156 3500 est
169 3443 301 3500 doctrinae
311 3442 456 3513 justorum,
474 3443 503 3499 id
517 3450 558 3500 est
568 3443 772 3515 perfectorum
788 3444 850 3500 idco
861 3460 912 3500 ex·
1000 3453 1076 3510 35
1085 3453 1118 3510 ιτ
1127 3452 1175 3510 Eis
1187 3453 1292 3509 duriter
1301 3454 1458 3525 increpatis,
1468 3453 1766 3510 iremmhlmffimrin.

113 3549 187 3605 pers,
204 3533 271 3606 quio
293 3534 431 3605 pernotus
450 3537 492 3588 est
509 3548 602 3588 sensu.
618 3534 673 3588 Vos
692 3541 782 3588 autem
796 3531 912 3604 perfecti
962 3543 1083 3599 serendo
1097 3558 1138 3610 se,
1155 3542 1260 3599 dicens,
1274 3543 1459 3615 Quapropter,
1471 3543 1499 3599 id
1513 3550 1565 3611 esa,
1576 3543 1764 3615 quiapropter

113 3620 228 3692 moitis,
244 3619 371 3676 sensibus
386 3635 451 3676 vero
479 3619 565 3692 rueri-
595 3620 774 3677 Parvulorum
798 3629 840 3676 est
856 3620 909 3687 tac,
960 3640 1069 3703 tempus
1084 3631 1209 3705 magistri
1224 3647 1286 3687 esse
1301 3631 1450 3698 deberetis,
1467 3639 1493 3688 et
1513 3631 1578 3704 quia
1592 3631 1758 3689 exercitatus

112 3710 161 3767 ted
177 3711 370 3783 perfectorum
384 3712 427 3764 est
437 3708 543 3764 solidus
558 3708 647 3776 cibus,
659 3708 686 3764 id
701 3709 836 3765 esisolidtt
846 3708 912 3764 doc-
961 3737 1060 3777 sensus
1072 3719 1101 3775 in
1115 3720 1178 3792 lege
1193 3720 1302 3775 Domini
1311 3736 1361 3776 vop
1377 3728 1482 3792 oporte!
1498 3719 1609 3785 hahere,
1621 3719 1685 3776 ideo
1699 3735 1761 3788 1103,

109 3797 182 3853 trina
194 3815 202 3864 t
216 3795 408 3869 Pisfoewfflffl·
435 3796 463 3851 id
479 3803 521 3852 θῦῑ
545 3812 641 3852 e⁰f¹¹¹1¹
669 3796 716 3868 (lui
730 3797 832 3852 habent
852 3813 912 3852 sen·
959 3809 1186 3866 intermittentes
1206 3824 1366 3867 termonem
1389 3808 1581 3865 inchoationis
1598 3807 1716 3877 Christi,
1736 3807 1763 3864 id

108 3901 167 3955 sus,
182 3884 211 3939 id
225 3892 268 3940 est
281 3883 438 3940 intellectus
452 3900 517 3941 suos
530 3900 582 3956 pro
596 3885 810 3952 consuetudine,
827 3885 910 3941 idest
960 3905 1002 3953 ρει
1014 3897 1149 3953 elementa
1165 3897 1277 3963 exordii,
1295 3897 1395 3970 quibus
1412 3895 1512 3969 aliquis
1521 3896 1632 3953 inchoat
1647 3895 1678 3951 in
1691 3911 1761 3969 0⁰8·

110 3988 161 4047 pro
174 3971 334 4028 assiduitate
358 3971 441 4028 studii
464 3973 637 4029 exercitatos
652 3974 688 4030 cd
710 3970 909 4030 discretionem
959 3985 1062 4042 uitione
1104 3984 1212 4053 christi,
1235 3986 1316 4054 hanc,
1342 3983 1470 4056 inquam,
1502 3984 1645 4056 pueritiam
1676 3984 1760 4042 dese-

109 4062 176 4120 boni
190 4064 218 4118 dl
228 4061 310 4130 mali,
326 4067 356 4116 ut
370 4060 472 4116 bollum
487 4060 647 4117 dlsoernel'e
661 4061 747 4118 sciant
757 4077 774 4117 8
786 4062 870 4129 malo,
883 4069 909 4117 ei
958 4081 1061 4140 pentes,
1073 4076 1203 4144 feramur
1212 4073 1249 4129 ad
1268 4076 1490 4147 perfectionem,
1509 4079 1538 4129 ut
1555 4072 1675 4130 seimus
1689 4088 1760 4146 quo.

109 4150 193 4208 etiarn
207 4149 242 4207 de
258 4149 347 4218 bimis.
365 4165 426 4221 <11¹ae
448 4149 536 4224 mflffiss
565 4149 618 4205 Sint
632 4151 703 4207 b⁰¹¹³
731 4167 792 4224 (ιῑῑω
807 4150 906 4218 minus,
957 4163 1041 4218 modu
1050 4161 1078 4216 in
1088 4160 1222 4233 principio
1232 4169 1289 4217 erat
1297 4162 1427 4230 Verbum,
1439 4169 1466 4218 et
1477 4162 1551 4217 Deus
1561 4168 1619 4218 erat
1629 4161 1759 4231 Verbum,

109 4239 199 4298 ⁸0in
212 4240 387 4309 discemere;
403 4246 430 4296 0⁸
444 4239 478 4294 de
492 4237 581 4309 milis,
598 4239 736 4296 simililer·
957 4259 1011 4309 etc.
1024 4251 1164 4318 Feramur,
1180 4249 1301 4323 inquam,
1312 4251 1347 4306 ad
1355 4249 1561 4323 perlectionem,
1572 4265 1632 4306 non
1641 4266 1760 4307 rursum

922 4326 950 4388 D
954 4340 1097 4412 jacientes
1106 4338 1764 4412 tundamentunpaenitentioeotroperibnsmcr·

411 4399 524 4457 CAPUT
552 4401 601 4458 vl·
960 4429 1028 4492 tuis.
1055 4436 1109 4485 etc.
1139 4427 1230 4499 Opem
1257 4436 1367 4484 mortua
1389 4427 1533 4497 vocatvel
1555 4433 1681 4499 ρεεεειε,
1697 4443 1758 4500 qua

145 4539 156 4566 a
176 4515 348 4588 Quapropter
362 4512 573 4571 intermittentes
601 4514 783 4572 inchoationis
806 4514 907 4572 Christi
957 4514 1137 4583 mortificant,
1155 4517 1200 4572 rel
1214 4516 1305 4588 priora
1319 4516 1401 4587 bona,
1416 4524 1528 4588 propter
1550 4523 1696 4588 peccatum
1711 4532 1759 4572 su·

111 4628 122 4656 ι
139 4620 305 4671 sermonem,
322 4603 357 4659 sd
370 4603 568 4675 perfectionem
582 4603 710 4676 feramur,
728 4621 783 4661 non
796 4621 908 4661 rursum
957 4603 1122 4678 perveniens
1136 4603 1308 4662 mortificata.
1327 4605 1474 4662 Poenitere,
1489 4611 1582 4660 autem
1601 4603 1637 4661 ab
1664 4604 1760 4676 operi·

110 4694 260 4766 sjacentes
287 4692 494 4749 tundamentum
525 4692 692 4766 poenitentiae
715 4693 751 4749 ab
777 4693 907 4766 operibus
957 4693 1008 4749 bus
1019 4692 1135 4750 mortuis
1150 4701 1191 4750 est
1214 4693 1429 4759 tundamentum,
1455 4693 1521 4766 quia
1544 4691 1597 4748 nisi
1618 4691 1665 4750 hic
1688 4691 1759 4765 lapis

109 4783 260 4849 «mortuis,
277 4789 304 4838 et
326 4780 391 4838 fidei
417 4782 452 4837 ad
471 4782 569 4850 Deum,
584 4781 775 4854 baptismatum
803 4783 907 4840 doctri·
957 4783 1077 4854 primum
1100 4789 1228 4854 ponatur,
1245 4782 1312 4838 nihil
1339 4780 1537 4849 aedificsbitur5
1551 4779 1760 4852 tundamentum

110 4888 191 4939 «ηε,
213 4870 395 4943 impositionis
415 4885 523 4944 quoque
552 4885 690 4939 manuum,
706 4887 739 4928 aa
762 4887 907 4928 resurrec-
956 4871 1044 4928 ctiam
1063 4871 1140 4941 fidei,
1164 4887 1225 4944 quae
1243 4870 1279 4926 sit
1301 4872 1337 4928 od
1350 4872 1457 4939 Deum·
1471 4869 1518 4942 qui
1545 4869 1620 4925 enim
1647 4868 1758 4926 aliunde

42 4984 49 4998 ·
108 4955 219 5012 «tionis
232 4963 412 5024 mortuorum,
430 4961 457 5010 et
467 4953 563 5024 judicii
578 4955 683 5011 aeterni.
706 4957 739 5012 Et
754 4956 806 5012 hoc
819 4955 906 5013 iaoie-
957 4959 1055 5032 quaerit
1076 4957 1308 5029 justificationem,
1323 4959 1368 5015 rel
1381 4974 1438 5015 non
1464 4973 1562 5015 omnes
1585 4964 1679 5029 partes
1694 4955 1758 5014 fidei

108 5069 120 5094 ι
136 5059 207 5113 mus,
223 5042 247 5099 si
261 5043 372 5117 quidem
394 5041 551 5116 permiserit
575 5044 660 5100 Deus.
679 5044 849 5116 impossibile
863 5052 906 5101 est
956 5047 1053 5115 credit,
1069 5046 1114 5104 hic
1128 5046 1210 5103 fidem
1225 5063 1282 5103 non
1296 5047 1519 5103 habetadDeum
1531 5065 1538 5114 ;
1549 5045 1756 5103 fundamentum

108 5132 271 5188 «enimeos
286 5131 333 5204 qui
360 5131 446 5188 semel
461 5139 523 5187 sunt
546 5130 699 5199 illuminati,
728 5141 906 5204 gustaverunt
956 5135 1037 5192 etiam
1052 5135 1189 5193 doctrine
1212 5137 1426 5210 baptismatum.
1446 5134 1591 5190 Pluraliter
1613 5133 1678 5190 ideo
1691 5132 1757 5191 dicit

108 5220 219 5277 «etiam
244 5220 346 5276 donum
367 5219 497 5287 ooeleste,
527 5226 553 5275 et
581 5219 726 5292 participes
748 5220 812 5278 facti
844 5229 906 5278 sunt
956 5223 1159 5296 baptismatum,
1176 5224 1239 5297 quia
1254 5232 1296 5280 est
1311 5224 1462 5296 baptismus
1483 5222 1512 5278 in
1539 5236 1627 5294 aqua3
1655 5221 1757 5279 dicitur

107 5309 253 5383 «Spiritus
282 5307 381 5377 sancti,
402 5315 579 5382 gustaverunt
607 5307 784 5364 nibilominus
803 5309 905 5366 bonum
955 5312 1037 5371 etiam
1046 5312 1374 5386 baptismusinlacrymis
1383 5309 1652 5385 poenitentioe;tertio
1662 5310 1755 5379 modo,

109 5387 188 5456 «net
202 5397 328 5465 verbum,
343 5393 512 5468 stantesque
539 5395 632 5454 saeculi
656 5397 773 5465 venturi,
791 5405 818 5455 et
838 5414 904 5472 pro-
953 5400 982 5458 in
1011 5399 1143 5459 effusione
1161 5401 1301 5476 sanguinis
1326 5417 1376 5474 pro
1396 5400 1518 5458 Christo.
1537 5398 1756 5456 tundamentum

98 5506 121 5553 ,ι
138 5485 209 5559 lapsi
222 5493 294 5557 sunt,
310 5501 406 5545 rursus
429 5484 605 5546 renovariad
621 5484 818 5560 poenitentiam,
843 5503 904 5547 rur-
954 5490 1043 5549 eticm
1087 5491 1281 5566 impositionis
1315 5505 1476 5559 nonaum:
1498 5487 1553 5546 nisi
1587 5486 1662 5547 enim
1693 5485 1754 5561 quis

1293 3335 1452 3377 expostam.
