3742 5986
169 189 222 240 dli
448 188 480 243 S.
498 187 677 245 auuuottts
696 185 1019 246 CARTHUSIANORUM
1036 185 1279 244 INSTl'lU'l'OllIS
1297 185 1375 242 OPP.
1395 185 1483 243 Pults
1501 185 1535 241 11.
1768 187 1818 241 32⁰

170 309 206 364 sit
220 309 298 366 vobis
311 326 502 381 perseverans,
525 311 570 383 qui
586 327 640 366 non
661 312 836 382 peccavistis;
855 312 897 366 his
922 310 966 383 qui
977 311 1006 374 Α
1019 309 1263 377 immortalitatem,
1280 311 1329 366 sed
1341 317 1371 365 ut
1384 317 1471 366 totum
1485 309 1597 366 referret
1608 309 1704 383 gratiae
1718 308 1771 365 Dei
1785 310 1816 365 in

172 397 269 453 saltem
285 398 313 452 in
328 398 479 454 venialibus
501 399 571 470 lapsi
591 407 661 468 sunt,
679 400 713 454 sit
727 400 813 472 gratia
841 399 969 454 secundae
1018 399 1209 470 adoptionem,
1221 399 1249 453 id
1259 407 1300 454 est
1310 399 1337 453 in
1346 398 1577 469 incorruptionem
1586 397 1704 453 liliorum
1713 413 1749 452 ex
1759 397 1817 452 sola

174 486 356 540 remissionis.
373 486 413 541 Sit
435 487 517 541 etiam
532 487 610 542 vobis
622 489 778 559 poaeoBco
799 490 881 542 Putre
901 502 968 542 nos·
1018 486 1163 556 adoptione
1187 486 1237 541 Dei
1251 486 1331 541 nobis
1353 501 1521 542 concessam.
1551 485 1734 555 Adoptionem
1756 482 1817 541 dico

176 576 230 638 tro,
248 577 276 628 et
290 575 408 629 Domino
421 575 488 630 lesu
504 574 623 640 Christo,
640 574 709 630 sicut
725 591 797 645 sepa
817 575 969 644 expositum
1018 572 1173 628 habendam
1186 590 1238 644 per
1251 575 1343 629 Iesum
1363 573 1517 629 Christum.
1536 573 1594 627 Nos
1609 572 1672 628 dico
1686 579 1818 630 venturos

174 666 225 715 cst.
237 661 273 716 Ut
285 662 409 717 ostendat
424 677 504 718 omne
520 662 681 718 heneficium
697 679 758 718 esse
773 678 807 718 ex
821 662 970 719 misericor·
1018 659 1156 730 inipsum,
1168 669 1196 715 ut
1208 661 1354 732 sicutipse,
1367 661 1440 717 sicet
1455 676 1505 716 nos
1516 658 1685 716 immortales
1695 658 1817 716 232

171 747 296 813 duhel,
313 749 341 803 in
355 749 450 820 primis
460 750 494 804 de
509 749 650 805 beneficiis
661 751 782 805 suisDeo
793 750 893 823 gratias
901 750 968 822 agit,
1020 756 1046 803 et
1065 748 1256 820 impassibiles.
1274 749 1490 805 Praedestincuit
1503 749 1564 805 dico
1579 748 1738 805 seeundum
1749 763 1817 819 pro·

175 834 270 890 dicens
287 851 293 890 :
311 837 477 893 Benedictus
491 839 529 893 sit
545 839 618 894 Bous
632 842 660 893 ot
678 841 762 893 Pater
784 838 895 894 Domini
904 854 970 893 nos·
1018 837 1143 909 positum
1154 837 1311 892 voluntatis
1320 853 1387 902 suoe,
1398 837 1425 891 id
1436 842 1478 891 est
1489 835 1818 893 secundumroluntatem

178 924 218 978 tri
231 925 297 979 lesu
314 923 428 990 Christi,
470 925 515 996 qui
530 925 551 979 si
573 926 652 980 Pater
668 934 707 981 est
722 925 835 994 Christi,
847 941 897 980 nos
919 941 969 979 au·
1020 939 1096 978 stram
1111 924 1291 994 propositam.
1310 925 1491 994 Propositam,
1508 923 1593 979 idest
1611 923 1650 979 sic
1665 923 1700 977 ab
1714 929 1817 978 aetemo

176 1017 229 1065 tem
245 1009 299 1065 lide
313 1009 359 1064 filii
369 1011 484 1078 Christi3
499 1013 538 1068 sic
550 1029 599 1083 per
624 1012 761 1067 Christum
783 1013 866 1079 Pater
891 1012 970 1067 nobis
1020 1012 1250 1081 praeordinatam3
1267 1012 1310 1067 vel
1325 1011 1506 1083 propositam,
1520 1012 1548 1067 id
1558 1010 1819 1067 estoblatamomni·

177 1105 227 1153 est.
244 1098 398 1154 Benedictio
413 1108 507 1154 nostra
523 1101 551 1154 in
566 1102 634 1166 Deo,
651 1101 717 1154 nihil
742 1100 869 1155 aliurtest
888 1116 969 1172 quam
1021 1099 1071 1153 bus
1099 1099 1246 1165 salvandis,
1261 1101 1314 1154 nisi
1332 1099 1411 1170 culpa
1436 1115 1531 1155 eorum
1559 1098 1724 1171 impedierit.
1741 1100 1816 1153 Prte-

176 1184 318 1240 laudareet
328 1186 504 1257 magnificare
513 1188 628 1260 gloriam
639 1188 706 1256 ejus.
718 1188 970 1243 Benedictioautem
1019 1188 1184 1255 destinauit,
1202 1188 1321 1259 inquam.
1338 1204 1370 1244 ex
1401 1187 1459 1242 sola
1482 1188 1618 1243 volentate
1644 1187 1678 1242 in
1703 1186 1816 1243 laudem

177 1273 227 1327 Dei
234 1273 492 1338 innubis,exaltetio
500 1276 585 1330 nostri
604 1284 644 1331 est
664 1284 690 1330 et
709 1283 856 1345 provectus
872 1283 971 1331 nostrae
1020 1276 1126 1346 glorior,
1138 1276 1238 1346 pretim
1251 1293 1330 1342 suoe,·
1346 1275 1372 1329 id
1388 1283 1429 1330 est
1444 1275 1479 1329 ad
1494 1276 1547 1332 hoc
1561 1280 1591 1330 ut
1609 1273 1738 1330 laudetur
1751 1290 1817 1345 gra-

177 1361 284 1415 salutis.
298 1361 348 1416 llic
370 1378 442 1417 nunc
457 1363 615 1434 exsequitur
633 1364 701 1417 duas
717 1362 864 1418 electiones
878 1364 928 1419 Dei
944 1363 972 1418 in
1020 1363 1055 1417 tia
1071 1379 1128 1431 sua,
1144 1362 1171 1417 iu
1195 1377 1248 1433 qua
1271 1363 1357 1436 gratia
1386 1363 1526 1434 multiplex
1555 1371 1596 1417 est
1625 1361 1727 1434 gloria.
1753 1361 1821 1417 Sunt

175 1448 265 1502 nobis.
281 1449 410 1513 Primam,
427 1466 481 1521 qua
495 1467 545 1505 nos
563 1451 599 1506 ab
613 1450 970 1506 aetemotalesluturosele·
1021 1450 1093 1505 enim
1118 1450 1242 1522 quaedam
1264 1451 1360 1522 gratiae
1374 1450 1437 1519 Dei,
1458 1458 1488 1504 ut
1502 1450 1553 1505 ista
1579 1448 1819 1534 temporalisque

177 1535 235 1608 git;
255 1535 391 1591 alteram
384 1545 555 1608 intempore
567 1539 675 1609 quando
690 1538 767 1593 nobis
782 1538 971 1608 Spiritumco-
1020 1537 1065 1608 pie
1079 1538 1225 1603 ministram
1242 1538 1269 1592 in
1283 1538 1381 1609 quibus
1395 1553 1449 1593 non
1465 1545 1506 1593 cst
1520 1536 1709 1610 gloriandum,
1727 1535 1797 1590 sed'
1790 1552 1817 1590 ιιι

178 1632 336 1693 operantem
351 1624 430 1679 nobis
445 1626 659 1682 misericorditer
673 1625 780 1691 inludit,
797 1634 822 1681 ιι
833 1627 1007 1714 utriusqneB
1021 1625 1226 1696 incorruptione
1237 1625 1376 1697 multiplex
1386 1633 1428 1681 est
1438 1625 1536 1697 gloria.
1548 1625 1643 1679 Ethoc
1655 1623 1759 1678 dixisse
1768 1623 1819 1678 de-

178 1710 320 1766 electionis
345 1713 540 1784 completiones
564 1698 696 1786 adjungit.
727 1714 846 1768 Primum
865 1729 971 1785 ponens
1021 1714 1177 1781 buscemae,
1194 1715 1255 1785 quia
1269 1714 1386 1784 primum
1400 1713 1494 1784 incipit
1507 1712 1687 1769 communiter
1700 1727 1717 1767 a
1731 1712 1819 1767 hene·

178 1813 238 1852 eam
254 1815 315 1870 quar
330 1808 452 1871 tempore
466 1802 561 1856 ultima
576 1801 637 1868 lit,'
630 1818 658 1856 ιιι
673 1817 727 1872 qua
742 1800 971 1857 immortalitatem
1021 1801 1267 1873 motionibusque
1281 1801 1459 1873 fiuntpublice
1474 1801 1600 1856 omnibus
1610 1800 1700 1868 iustis.
1712 1799 1819 1855 Dehinc

177 1893 203 1941 et
218 1886 462 1955 impassibilitatem
471 1889 657 1960 recuperaturi
671 1905 774 1944 sumus.
791 1890 866 1946 llanc
881 1899 971 1945 autem
1022 1889 1163 1946 descendit
1177 1889 1210 1944 ad
1222 1890 1280 1945 illas
1289 1906 1350 1962 qnae
1359 1889 1426 1945 liunt
1435 1889 1576 1960 apostolis.
1584 1888 1676 1944 Tertio
1682 1887 1774 1943 subdit
1784 1887 1819 1943 de

177 1973 242 2045 quia
256 1974 365 2045 dignior
384 1985 442 2042 est,
464 1978 591 2047 proponit
611 1978 636 2032 ei
656 1993 718 2048 quae
746 1977 907 2048 completur,
926 1979 971 2033 ubi
1022 1977 1085 2042 illis,
1102 1993 1170 2049 quas
1183 1978 1255 2032 Deus
1269 1977 1344 2033 dedit
1358 1977 1494 2048 Ephesiis.

177 2062 269 2118 anima
284 2079 334 2132 per
347 2063 563 2120 misericordium
575 2065 625 2120 Dei
640 2065 675 2119 ab
698 2080 781 2119 onere
796 2073 971 2135 pcccatorum
1057 2065 1149 2120 Posito
1164 2065 1264 2136 duplici
1289 2065 1421 2121 electione
1433 2073 1460 2120 et
1474 2064 1608 2136 dignioris
1636 2063 1820 2135 completione

178 2149 318 2215 liberatur,
336 2151 430 2206 diceus
456 2167 462 2205 ι
488 2155 654 2210 Benedictus
678 2152 711 2207 sit
733 2155 805 2210 Deus
829 2157 877 2226 qui
891 2156 972 2210 bene·
1021 2153 1174 2223 premissa,
1200 2153 1291 2208 subdit
1319 2152 1529 2224 completionem
1557 2151 1678 2221 alterins,
1700 2151 1822 2208 dicens:

177 2238 263 2303 dicit,
281 2237 308 2291 id
323 2246 363 2292 est
379 2239 507 2295 exaltarit
520 2258 580 2297 nos.
592 2244 656 2300 ldeo
667 2246 888 2318 perpraeteritum
899 2244 971 2315 quod
1022 2243 1055 2296 ln
1070 2258 1122 2314 quc
1139 2240 1227 2311 gratia
1241 2241 1414 2311 gratificavit
1430 2258 1491 2308 nos,
1507 2240 1590 2296 idest
1605 2247 1701 2311 gratos
1716 2239 1821 2295 nosle·

179 2323 299 2380 futurum
311 2334 351 2381 est
360 2326 522 2398 designavit,
536 2337 563 2383 ιιι
573 2335 726 2390 ostenderet
737 2352 766 2390 se
785 2336 854 2390 adeo
868 2341 971 2389 certum
1022 2329 1058 2383 cit
1075 2331 1106 2384 in
1121 2330 1224 2384 dilecto
1234 2330 1304 2383 Filio
1320 2345 1379 2394 suo,
1392 2328 1469 2384 idest
1484 2328 1513 2383 in
1523 2327 1577 2382 lide
1586 2326 1679 2384 dilecti
1696 2326 1757 2382 Filii
1768 2327 1820 2393 sni,

180 2412 214 2466 de
229 2414 281 2469 hac
296 2413 384 2469 lutura
395 2416 593 2486 benedictione,
610 2423 746 2491 quomodo
770 2422 868 2494 aliquis
883 2428 973 2477 certus
1023 2432 1104 2487 quem
1120 2416 1182 2486 quia
1197 2416 1284 2487 diligit
1299 2424 1326 2472 et
1339 2431 1390 2471 nos
1401 2414 1471 2471 filios
1488 2416 1548 2470 Filii
1561 2416 1602 2470 sui
1617 2414 1715 2488 diligit.
1728 2415 1761 2471 ln
1769 2430 1821 2488 puo

180 2508 220 2555 est
229 2500 264 2556 de
275 2518 308 2556 oo
322 2504 395 2573 quod
419 2504 492 2559 videt
508 2508 672 2576 praeterissc.
699 2510 762 2566 ldeo
779 2511 859 2566 etiam
875 2509 970 2573 sicait,
1023 2505 1094 2560 Bilio
1109 2505 1241 2560 hahemus
1257 2505 1488 2576 redemptionem.
1501 2505 1558 2560 Nec
1568 2503 1680 2574 perrile
1690 2503 1818 2574 pretium,

179 2589 241 2660 quia
255 2589 386 2645 intellexit
396 2600 504 2647 sanctos
515 2595 571 2662 jam
583 2598 732 2651 secundum
754 2599 858 2652 animas
874 2613 972 2652 conre-
1024 2593 1073 2647 sed
1086 2608 1135 2663 per
1145 2595 1313 2663 sanguinem
1329 2593 1395 2647 Filii
1410 2591 1536 2648 effusum.
1552 2592 1582 2646 ln
1605 2606 1657 2664 quo
1672 2591 1756 2646 etiam
1768 2591 1820 2647 ltu·

178 2691 265 2747 gnare
280 2677 395 2734 Christo.
409 2681 560 2737 Benedicti
574 2700 624 2740 nos
635 2686 707 2742 Deus
722 2687 753 2741 in
771 2687 849 2742 omni
859 2686 973 2742 denedi-
1024 2681 1119 2734 bamus
1132 2680 1329 2735 remissionem
1341 2684 1532 2751 peccatorum.
1549 2677 1651 2734 Omnes
1666 2678 1768 2734 habent
1782 2693 1823 2734 re·

180 2766 284 2821 ctione.
297 2765 389 2833 Omni,
402 2767 535 2839 ideoquia
545 2770 974 2830 sufficiens:Benedictionedico
1024 2766 1223 2838 demptionem,
1247 2767 1310 2838 quia
1334 2766 1449 2837 pretium
1478 2766 1615 2823 sufficiens
1640 2765 1820 2837 redemptioni

178 2854 348 2923 spiritualis,
356 2853 417 2909 licet
426 2855 497 2910 enim
509 2860 657 2913 secundum
666 2876 765 2932 corpus
776 2860 885 2916 liatbaec
895 2861 976 2916 hene·
1024 2854 1144 2911 omnium
1162 2854 1185 2908 Si
1199 2854 1308 2920 vellent,
1326 2854 1417 2910 datum
1444 2861 1495 2910 esl-
1513 2854 1568 2909 Sed
1595 2853 1623 2908 hi
1643 2853 1695 2909 ⁸0li
1721 2853 1819 2909 haben!

178 2939 271 3008 dictio,
284 2948 374 2997 tamen
389 2951 430 2998 est
453 2944 685 3019 spiritualisque
708 2948 777 3003 sicut
797 2949 908 3018 spiritus
922 2949 974 3003 ho·
1025 2942 1222 3007 remissionem,
1240 2943 1285 3014 qui
1300 2959 1330 2998 sc
1344 2942 1444 3016 dignos
1458 2941 1645 3013 redemptione
1654 2941 1755 2997 Christi
1770 2957 1820 2997 ex·

178 3027 260 3083 minis
274 3028 333 3084 solo
354 3030 451 3085 intuitu
466 3032 561 3102 gloriae
575 3035 624 3088 Dei
640 3036 841 3103 sustentabitur,
857 3037 898 3092 sic
912 3051 971 3091 cor·
1026 3031 1180 3085 hibuerunt.
1196 3031 1334 3086 Habemus
1350 3031 1545 3087 remissionem
1561 3029 1718 3086 secundum
1743 3029 1816 3085 dioi-

178 3130 229 3185 pus
240 3117 455 3187 panulovisionis
464 3120 514 3175 Dei
523 3122 694 3177 saturabitur.
703 3124 900 3180 Benedictione
910 3124 972 3180 dico
1027 3120 1082 3174 tior
1093 3120 1163 3189 ejus,
1180 3118 1259 3173 idest
1273 3119 1422 3174 secundum
1432 3119 1550 3192 gratiam
1564 3118 1624 3186 ejus
1638 3117 1666 3172 in
1679 3117 1733 3173 hoc
1747 3116 1817 3172 diri·

180 3203 272 3259 habita
291 3205 347 3273 jam
371 3207 533 3278 quibusdum
559 3211 709 3266 secuudum
725 3211 878 3277 animas,et
892 3212 972 3282 plene
1027 3214 1091 3274 lem,
1108 3206 1172 3277 quia
1190 3213 1217 3261 et
1244 3206 1388 3279 originalia
1420 3213 1446 3261 et
1471 3205 1598 3271 actualia,
1609 3213 1637 3261 et
1660 3204 1718 3261 sira
1732 3218 1818 3276 pauca

180 3291 283 3348 sanctis
298 3293 424 3349 omnibus
440 3296 612 3366 honoranda,
639 3314 693 3354 non
708 3299 800 3356 inbac
815 3307 897 3366 terra,
924 3301 972 3354 sed
1025 3293 1149 3362 luerint,
1192 3294 1250 3349 sive
1289 3294 1397 3360 multa,
1438 3294 1528 3348 omnia
1565 3293 1624 3348 sine
1653 3291 1820 3354 ,differentis

179 3380 212 3434 in
226 3382 393 3448 constitus,
415 3392 444 3437 ut
475 3384 553 3440 etiam
582 3386 712 3459 dignitate
739 3388 792 3443 loci
818 3388 972 3445 benedictio

180 3467 238 3524 lraec
249 3471 490 3528 commendabilior
500 3474 542 3528 sit.
555 3476 786 3542 Benedicitdico,
799 3476 879 3532 sicin
895 3477 974 3532 Cleri-

177 3563 222 3613 sto
236 3559 311 3624 lesu,
328 3558 355 3613 id
375 3567 416 3614 est
440 3561 467 3615 in
487 3563 646 3633 operatione
665 3564 765 3619 Christi
779 3566 860 3630 lesu,
877 3563 973 3636 inquo

180 3644 258 3700 Pater
281 3647 373 3702 omnia
392 3656 528 3719 operatur.

215 3732 333 3789 Ostensa
343 3735 499 3806 impletione
515 3737 625 3793 alterius
640 3739 793 3804 electionis,
811 3738 900 3793 subdit
914 3739 973 3794 ele-

180 3821 297 3877 ctionem
313 3839 373 3894 quae
381 3825 530 3879 secundum
540 3825 758 3893 justificationem
770 3826 868 3882 animae
878 3826 972 3897 imple·

179 3916 224 3963 ιιιι
236 3910 290 3965 boc
304 3918 436 3980 tempore,
453 3911 636 3967 determinans
655 3914 812 3984 praedictam
837 3915 974 3985 impletio-

1026 3381 1140 3437 remisit.
1162 3382 1336 3437 Enumeratis
1363 3381 1503 3437 beneficiis
1540 3397 1601 3452 que
1625 3380 1727 3436 sanctis
1754 3378 1820 3435 finnt

1025 3470 1053 3524 in
1084 3469 1211 3540 publico,
1240 3470 1274 3524 ah
1305 3471 1357 3526 hac
1394 3469 1604 3535 communitate,
1628 3468 1773 3524 descendit
1786 3467 1819 3523 ed

1025 3557 1173 3629 apostolos,
1189 3557 1306 3613 dicens:
1325 3558 1391 3625 Qum
1409 3557 1497 3631 gratia
1512 3557 1667 3613 abundauit
1684 3558 1715 3613 in
1739 3557 1817 3613 notu

1025 3646 1166 3716 apostolis,
1182 3663 1276 3717 super,
1307 3646 1336 3701 id
1362 3653 1404 3701 est
1432 3645 1521 3718 magis
1537 3660 1618 3716 quam
1645 3644 1673 3698 in
1702 3643 1818 3700 caeteris.
1834 3681 1846 3699 .

1026 3735 1059 3788 Et
1074 3733 1186 3806 dignum
1202 3733 1261 3801 luit,
1279 3734 1344 3804 quia
1367 3733 1401 3788 ab
1423 3733 1472 3788 bis
1500 3732 1636 3803 accepturi
1663 3739 1745 3787 erant
1765 3730 1818 3786 alii.

1025 3822 1183 3877 Abundavit
1198 3821 1259 3877 dico
1288 3823 1320 3877 in
1344 3821 1629 3893 omnisapientiam
1654 3820 1818 3892 prudentio.

1026 3909 1190 3980 Sapientiam
1209 3910 1243 3964 de
1258 3909 1413 3982 cognitione
1434 3909 1589 3966 divinorum
1601 3906 1668 3963 dicit
1678 3925 1686 3962 ε
1696 3907 1820 3978 pruden-

180 4012 243 4051 nem
259 4013 320 4053 esse
335 4013 367 4053 ex
378 3998 566 4055 misericordia
576 4001 625 4056 Dei
635 4018 684 4072 per
694 4002 865 4071 electionem,
878 4003 975 4075 deque
1025 3997 1100 4064 liam,
1116 3997 1195 4069 quasi
1208 3997 1408 4068 providentiam
1430 4013 1482 4068 qua
1506 3996 1606 4051 Paulus
1630 3994 1819 4051 nanentensi

182 4085 282 4152 subdit,
298 4086 393 4143 dicens
409 4102 415 4141 :
432 4087 477 4144 Sic
491 4104 542 4144 nos
565 4091 639 4145 Deus
663 4107 695 4145 ex
711 4091 798 4163 gratia
825 4091 972 4158 benedixit,
1024 4084 1169 4155 providere
1185 4086 1241 4140 suis
1257 4085 1400 4140 Ecclesiis.
1413 4083 1503 4148 Omni,
1516 4099 1571 4138 non
1585 4082 1647 4155 quio
1661 4082 1753 4138 omnia
1763 4081 1819 4139 sci·

181 4174 256 4230 sicut
271 4191 308 4231 erc
323 4175 380 4231 sola
393 4176 479 4248 gratia
494 4176 577 4249 elegit
592 4194 642 4232 nos
657 4183 725 4234 onte
741 4181 975 4236 constitutionem
1025 4181 1094 4240 reni,
1106 4173 1155 4229 sed
1170 4174 1232 4244 quia
1243 4172 1372 4244 quidquid
1384 4173 1435 4228 sihi
1449 4187 1564 4228 necesse
1578 4178 1646 4238 emi
1658 4178 1714 4225 lam
1726 4171 1762 4226 de
1775 4169 1820 4225 di-

181 4263 290 4319 mundi.
303 4264 354 4320 Ubi
369 4264 477 4335 planum
488 4273 593 4321 estnon
603 4267 913 4337 precessissemeutum
930 4269 977 4323 ho-
1024 4263 1095 4319 rinis
1110 4277 1191 4334 quam
1206 4261 1377 4316 dehumanis
1381 4259 1713 4331 ,inpromptnhahebant
1724 4259 1819 4315 lteru-

180 4351 271 4406 minis.
288 4353 379 4451 Elegit
392 4370 442 4409 nos
457 4353 544 4409 dico
534 4371 565 4410 m
579 4355 639 4427 ipso
650 4355 800 4411 Christum
816 4372 869 4428 quo
884 4356 976 4412 omnia
990 4349 1229 4423 Dperoiundooit
1243 4352 1275 4404 ut
1288 4349 1367 4405 nobis
1391 4348 1520 4419 apostolis
1534 4350 1634 4404 notum
1658 4349 1818 4417 [semetse-

181 4437 255 4508 lecit,
271 4439 336 4494 vel
329 4457 355 4494 m
372 4440 432 4512 ipso
446 4457 651 4512 permansuros.
667 4443 711 4499 hd
723 4445 775 4501 hoc
788 4443 869 4515 elegit
884 4448 917 4500 ut
931 4461 975 4500 es·
1025 4441 1213 4503 crumentum,
1230 4435 1258 4490 id
1273 4444 1315 4492 est
1327 4444 1462 4492 secretum
1477 4436 1635 4491 uoluntatis
1650 4451 1719 4501 auoe,
1736 4434 1763 4489 id
1778 4440 1820 4489 est

181 4543 275 4583 semus
289 4529 383 4584 sonctr'
393 4533 421 4585 et
433 4531 634 4588 immaculati:
646 4531 733 4587 sancti
741 4532 877 4602 positione
888 4533 974 4587 bono·
1025 4527 1148 4582 ordinem
1159 4524 1352 4596 redemptionis
1363 4525 1498 4580 humanae.
1508 4523 1713 4579 Sacramentum
1722 4521 1821 4578 dicitur

181 4631 251 4684 rum,
278 4616 444 4673 immaculati
471 4618 664 4675 emundatione
684 4618 827 4674 malorum.
845 4621 975 4675 Essemus
1025 4614 1103 4686 quasi
1114 4621 1258 4681 secretum,
1275 4629 1308 4667 ιο
1326 4613 1398 4683 quod
1408 4628 1462 4667 non
1473 4611 1608 4677 omnibus,
1623 4609 1672 4666 sed
1682 4608 1819 4682 paucisil-

180 4705 274 4777 utique
289 4705 356 4760 tales
370 4706 401 4760 in
416 4710 569 4778 conspectu
583 4710 653 4779 ejus,
670 4707 695 4761 id
710 4714 751 4761 est
760 4715 789 4761 ιιι
797 4708 975 4777 conspicere·
1025 4702 1070 4756 lud
1085 4702 1163 4757 liceat
1181 4701 1315 4771 aspicere.
1337 4700 1438 4755 Notum
1448 4700 1529 4756 laciet
1544 4704 1747 4755 sacramentum
1758 4699 1820 4767 hoc,

180 4809 241 4847 mus
256 4809 318 4848 eum
332 4795 418 4848 solum
428 4801 460 4849 'et
475 4794 501 4848 iu
516 4793 591 4849 nullo
610 4795 739 4849 mundum
764 4795 973 4850 attenderemus.
1026 4790 1130 4846 scilicet
1140 4789 1292 4844 instaurare
1303 4790 1458 4844 secundum
1476 4789 1579 4845 bonum
1597 4787 1738 4858 placitum
1747 4788 1820 4858 ejus,

181 4880 241 4946 Vel,
257 4882 288 4936 in
303 4883 534 4954 comportemus,
547 4881 574 4936 id
590 4881 690 4952 estqui
705 4882 739 4935 ab
755 4898 789 4937 ιο
801 4883 975 4953 conspicere·
1025 4895 1079 4934 non
1095 4878 1244 4934 secundum
1263 4877 1389 4932 meritum
1408 4876 1535 4944 hominis,
1554 4875 1616 4947 quia
1641 4874 1746 4930 nullum
1765 4881 1824 4929 erat

181 4983 252 5023 mur.
269 4968 359 5040 Elegit
372 4986 433 5035 nos,
451 4969 522 5036 dico,
545 4969 577 5024 in
592 4970 748 5039 charitate,
765 4970 792 5026 id
807 4978 846 5026 est
861 4970 890 5025 in
917 4970 975 5026 sola
1025 4966 1344 5040 puodhonumplacitum
1354 4967 1386 5020 in
1397 4981 1427 5020 eo
1438 4964 1545 5019 Christo
1560 4964 1720 5036 proposuit,
1740 4962 1769 5018 id
1780 4969 1823 5018 est

181 5055 336 5112 dilectione.
353 5057 431 5113 Dicta
446 5057 578 5113 electione
593 5073 653 5129 qum
663 5057 708 5113 hic
718 5059 867 5129 completur
877 5075 976 5115 secun·
1023 5053 1217 5125 preordinavit
1230 5053 1264 5107 ab
1277 5062 1390 5109 aeterno·
1407 5052 1456 5109 Vel
1469 5052 1624 5126 proposuit,
1641 5050 1669 5107 id
1680 5058 1722 5107 0⁵2
1732 5050 1821 5121 palam

181 5143 246 5198 dum
258 5144 389 5213 justitiam
408 5145 515 5211 animae,
536 5145 627 5200 subdit
646 5145 721 5200 illam
745 5147 906 5203 electionem
925 5165 975 5204 cu·
1025 5142 1158 5214 exposuit,
1173 5144 1247 5197 Deus
1262 5143 1364 5197 bonum
1379 5141 1507 5213 placitum
1530 5156 1618 5208 suum,
1631 5138 1654 5195 si
1671 5139 1747 5195 velit.
1759 5140 1827 5195 Prod

178 5231 283 5302 juajam
298 5234 444 5305 preposuit
454 5234 673 5304 completionem,
691 5234 785 5290 dicens
802 5253 809 5289 :
826 5237 975 5307 Blcpitnos
1024 5233 1119 5303 posuit
1128 5231 1189 5288 dico
1196 5233 1229 5286 r'n
1238 5232 1447 5303 dispensatione
1453 5228 1822 5302 plenitudinistemporum,

180 5324 215 5377 ut
225 5338 348 5378 essemus
363 5323 474 5388 soncti‚·
490 5323 555 5395 puio
569 5321 650 5378 etiam
659 5320 885 5395 predestinavit,
896 5324 923 5378 id
934 5332 976 5379 est
1024 5321 1105 5375 idest
1118 5320 1145 5374 in
1160 5319 1327 5391 plenitudine
1336 5319 1625 5389 temporum.Tempus
1634 5316 1706 5372 enim
1716 5316 1820 5389 gratiae,

180 5409 374 5481 preordinavit
388 5409 423 5463 ab
437 5416 557 5474 aeterno;
570 5408 613 5465 vel
633 5409 792 5480 praeparavil
808 5411 836 5466 in
853 5418 976 5483 tempore
1024 5408 1163 5479 plenitudo
1178 5416 1330 5478 temporum
1358 5407 1466 5462 dicitur.
1486 5405 1537 5460 Vel
1558 5405 1620 5478 quia
1647 5404 1739 5459 omnia
1760 5411 1824 5458 ante

180 5513 232 5556 nos
241 5498 274 5553 in
284 5497 463 5570 adoptionem
472 5497 769 5567 filiorumhebendaru.
781 5498 873 5556 Noluit
883 5499 976 5557 dicere
1025 5497 1153 5569 predicta
1183 5504 1210 5552 et
1239 5503 1395 5567 exspectata
1417 5494 1446 5550 in
1469 5509 1503 5551 eo
1520 5509 1572 5566 per
1593 5492 1731 5550 Christum
1747 5491 1826 5549 luere
