3742 5986
52 190 103 246 ’111
543 184 544 188 ’
582 188 663 244 vlla
682 187 712 243 S.
733 183 891 244 HUGONIS
910 184 1170 244 GRATthOPOL
1648 192 1703 251 tea

49 313 168 382 biberat,
185 318 214 368 ut
229 325 292 368 cum
307 318 407 368 cetere
429 326 499 383 pene
514 309 604 366 omnia
618 327 667 382 per
680 309 848 382 passionem,
860 314 888 374 A
901 311 1000 388 divinig
1016 310 1157 368 beneficiis
1175 327 1230 367 non
1251 313 1309 367 aine
1333 311 1451 384 pectoris
1464 315 1623 371 contusione
1638 331 1704 373 con·

46 409 76 458 ut
89 399 274 473 praediximus,
290 399 386 470 capitis
400 399 434 455 de
450 399 582 455 memoria
595 398 777 472 diffugissent,
793 399 853 453 baec
904 407 1019 455 testans.
1036 399 1159 468 Quadam
1174 408 1263 455 autem
1274 401 1453 473 vicequidam
1468 419 1500 457 ex
1516 404 1607 472 sociis,
1623 404 1706 461 tantis

45 505 162 563 prorsus
176 488 211 543 de
226 487 396 544 sanctissima
417 488 476 558 ejus
498 495 589 543 mente
607 487 679 542 nulla
703 486 747 542 vel
769 486 853 557 phra-
905 488 963 557 eius
978 488 1086 544 fletibus
1102 496 1183 560 atquc
1198 488 1324 560 suspiriis
1338 498 1438 557 motus,
1454 491 1533 563 quasi
1548 491 1707 548 consolatu-

46 577 123 634 nesis
138 575 181 633 vel
203 575 315 631 alterius
335 574 426 631 morbi
448 574 475 631 vi
495 575 630 646 potuerint
654 573 771 629 aboleri.
797 575 855 628 lino
904 592 952 631 rus
970 591 976 631 :
995 596 1007 626 1
1025 574 1106 644 Quid,
1123 576 1217 648 inquit,
1230 578 1317 644 Pater,
1332 585 1435 632 tantum
1444 578 1562 650 plangis,
1578 596 1640 635 curn
1655 595 1708 637 nec

50 671 126 719 tanto
158 662 217 720 haec
251 661 397 717 instantius
428 669 455 717 et
475 661 661 717 delectabilius
686 659 855 726 revolvebat,
905 662 1091 733 homicidium,
1107 679 1158 720 nec
1169 665 1326 734 perjurium,
1338 681 1389 720 uec
1399 665 1472 721 eliud
1486 667 1552 738 quid
1567 668 1708 726 criminale

48 758 153 825 quanto
168 757 277 820 caetera,
293 749 430 806 oblivione
451 764 560 822 quoque
572 749 694 819 juvante,
710 746 797 802 rarius
811 747 855 801 in·
906 750 1102 807 commiseris?
1120 751 1273 807 »Protinus
1299 751 1367 808 ille:
1386 774 1397 806 ι
1420 752 1492 821 Quid
1520 755 1582 823 hoc,
1610 755 1705 828 inquit,

48 839 203 896 cursabant.
225 839 261 894 Et
284 852 348 894 cum
370 838 541 910 plerumque,
564 837 616 893 hac
638 837 697 907 ipsa
718 834 856 891 oblivione
906 839 997 906 refert,
1013 855 1075 896 curn
1090 839 1149 896 sola
1172 839 1305 910 cupiditas
1324 847 1351 896 et
1371 842 1484 907 vanitas,
1501 841 1524 896 si
1542 842 1634 900 divirm
1652 859 1709 901 nou

47 935 176 1002 cogente,
191 926 238 981 ubi
249 932 333 993 esset,
346 924 391 982 vel
400 940 462 982 cum
472 925 582 997 quibuis
591 932 674 992 esset,
686 923 805 979 nesciret
815 922 857 976 in·
907 926 977 981 adsit
985 926 1139 994 clementia,
1149 927 1537 999 perditionipossinthnmanae
1544 929 1707 987 sufficeret»

49 1023 205 1089 terrogatus
219 1021 311 1070 tamen
326 1012 412 1069 debis
421 1030 483 1086 quaa
490 1012 665 1082 adjustitiam
676 1010 858 1083 religionem·
908 1013 981 1083 Quid
995 1014 1155 1086 prudentius
1176 1023 1222 1071 aut
1240 1016 1461 1088 compendiosius
1482 1018 1517 1072 ab
1541 1018 1670 1077 incolumi
1684 1026 1711 1075 et

49 1119 104 1176 que
112 1102 296 1175 pertinebant,
309 1101 368 1158 sine
378 1101 551 1158 cunctatione
561 1099 738 1158 veracissime
749 1097 857 1170 sapien·
908 1102 1023 1174 integrae
1037 1102 1178 1159 memoriae
1192 1104 1279 1174 potuit
1289 1104 1470 1176 responderit
1485 1104 1583 1162 Omnia
1596 1105 1709 1178 quaevel

51 1190 212 1264 tissimeque
246 1189 440 1262 respondebat.
471 1189 541 1245 Nam
565 1204 627 1245 cum
648 1187 734 1244 falsus
755 1201 852 1242 rumor
909 1190 974 1246 boni
989 1192 1042 1262 piis
1057 1191 1153 1247 studiis
1168 1200 1339 1259 aversantur,
1355 1192 1400 1250 vel
1413 1192 1476 1248 mali
1490 1194 1652 1266 perniciosis
1664 1195 1710 1252 ni·

53 1279 157 1337 exisset
196 1277 269 1350 quod
306 1277 399 1334 comiti
424 1276 546 1333 amedeo
579 1276 647 1349 (311),
676 1275 723 1348 qui
750 1273 859 1330 comitis
910 1278 986 1335 sibus
997 1286 1199 1346 consectantur,
1215 1278 1322 1336 duobus
1336 1280 1439 1350 verbis,
1455 1282 1608 1353 cupiditatis
1622 1290 1649 1339 et
1663 1298 1711 1342 va·

59 1365 191 1436 Umberti,
206 1364 293 1437 patris
301 1364 428 1422 videlicet
438 1364 490 1434 sui,
501 1371 612 1421 secutus
626 1360 789 1434 exemplum,
805 1377 861 1417 non
910 1366 1011 1434 nitatis,
1024 1366 1141 1423 inclusit.

54 1455 185 1526 exiguam
206 1454 287 1510 beato
312 1453 383 1531 seni.
403 1452 584 1510 reverentiam
611 1450 772 1517 exhibebat,
789 1450 861 1504 lilius
947 1454 1710 1530 3l.IliensisetiamepiscopusdominusOdolricus(35),
1761 1521 1767 1535 X

58 1551 138 1598 natus
157 1541 263 1608 luisset,
289 1548 498 1613 quaererentque
522 1540 569 1612 qui
593 1538 759 1595 assistebant
783 1537 809 1592 ei
828 1552 862 1592 an
911 1557 981 1598 unus
996 1543 1104 1613 exejus
1127 1543 1254 1614 alumnis,
1269 1551 1296 1600 et
1316 1543 1345 1599 in
1366 1544 1492 1602 Ecclesia
1506 1545 1713 1619 Gratianopoli-

57 1646 120 1688 eum
133 1630 215 1688 vellet
229 1630 289 1701 ipse
304 1628 451 1700 baptizare,
475 1628 548 1684 illico
570 1643 625 1684 non
649 1627 708 1683 sine
731 1639 862 1697 asperna-
875 1638 977 1716 Btana
991 1646 1042 1702 per
1056 1646 1152 1688 omnes
1175 1631 1295 1688 honores
1309 1648 1395 1706 usque
1420 1633 1455 1690 ad
1469 1632 1631 1691 decanatum
1654 1636 1715 1707 (qui

56 1718 131 1775 tione
146 1717 316 1788 respondens
334 1730 340 1770 :
359 1739 370 1766 1
388 1716 459 1783 Non,
482 1715 579 1787 inquit,
595 1730 612 1770 a
626 1730 680 1787 quo
695 1714 755 1785 quis
771 1712 861 1784 bapti·
911 1726 973 1791 post
987 1719 1175 1791 episcopatum
1190 1721 1279 1788 major
1288 1720 1390 1776 ibidem
1403 1728 1445 1777 est
1459 1722 1590 1794 dignitas)
1604 1724 1638 1778 ab
1653 1724 1714 1796 ipsc

55 1813 134 1862 netur
148 1804 298 1862 curandum
312 1811 354 1859 est
367 1806 436 1876 (33),
453 1819 514 1859 curn
529 1802 690 1875 baptismus,
707 1816 723 1856 a
738 1816 861 1873 quocun·
910 1813 1064 1877 provectus,
1096 1807 1159 1863 vitae
1187 1806 1325 1880 regularis
1349 1807 1471 1865 habitum
1486 1825 1535 1880 per
1551 1811 1715 1868 reverendas

56 1909 111 1967 que
126 1893 217 1960 datus,
238 1893 272 1948 sit
295 1907 405 1963 semper
419 1891 502 1947 idem.
521 1914 532 1941 ι
559 1890 626 1947 Item
648 1888 862 1960 disceptantibus
911 1909 1009 1950 manus
1027 1893 1192 1951 sanctissimi
1206 1895 1281 1950 senis
1294 1894 1456 1951 desiderans
1471 1911 1588 1964 sumere,
1600 1898 1716 1955 devotus

54 1983 128 2038 inter
141 1998 172 2038 se
186 1980 233 2053 qui
247 1980 360 2037 ederant
376 1979 436 2051 quis
460 1993 649 2036 successorem
668 1978 737 2046 ejus,
753 1992 786 2032 eo
802 1977 862 2048 ipso
912 1981 1031 2048 advenit,
1049 1982 1109 2053 ipso
1133 1982 1191 2051 jnm
1213 1982 1307 2050 multa,
1331 1983 1437 2040 morbis
1450 1982 1714 2056 ingravescentibus,

54 2076 167 2142 petente
191 2068 249 2138 iam
277 2068 402 2134 electum,
429 2066 458 2120 in
486 2067 654 2123 sacerdotem
677 2071 860 2130 consecraret,
911 2068 1049 2124 debilitate
1077 2077 1202 2142 gravato.
1218 2071 1300 2140 Cujus
1323 2070 1455 2127 adventus
1476 2088 1568 2140 causa,
1583 2073 1715 2129 ministris

60 2156 186 2214 similiter
198 2156 355 2229 indignatus
384 2155 526 2226 respondit
549 2169 605 2210 nou
621 2153 779 2227 eligendum
793 2152 863 2207 intra
911 2155 1103 2223 indicantibus,
1134 2157 1175 2213 vir
1211 2156 1306 2213 beatus
1333 2157 1434 2228 audita,
1470 2167 1544 2215 tanto
1572 2162 1716 2219 exsultavit

60 2242 217 2302 Ecclesiam
230 2241 392 2300 catholicam
403 2242 598 2310 ordinatorem,
615 2257 687 2308 cum,
701 2239 764 2296 licet
778 2238 864 2295 diver·
912 2244 1023 2317 gaudio,
1053 2252 1182 2316 tantaque
1210 2245 1333 2315 protinus
1362 2254 1389 2301 et
1417 2246 1536 2317 repletus
1564 2247 1667 2317 laetitia,
1684 2256 1715 2305 ut
1804 2301 1805 2304 ,

60 2333 100 2388 sis
113 2339 140 2389 et
153 2347 171 2388 a
183 2330 300 2388 diversis
314 2330 408 2384 datum
423 2328 616 2398 sacerdotium,
633 2344 687 2383 non
702 2326 788 2399 possit
802 2341 864 2381 esse
912 2333 1012 2387 oblitus
1027 2331 1198 2399 infirmitatis,
1211 2332 1330 2388 venienti
1340 2348 1485 2391 occurrere
1497 2335 1628 2407 gestiens,
1644 2353 1716 2408 pena

62 2420 211 2477 diversum.
237 2418 435 2491 indignabatur
458 2425 548 2473 autem
563 2416 589 2472 in
604 2415 703 2471 talibus
717 2413 823 2471 facilius
838 2419 865 2468 et
914 2435 944 2475 se
958 2420 992 2475 do
1006 2418 1106 2476 lectulo
1127 2420 1348 2491 praecipitaverit.
1373 2422 1528 2478 accedente
1551 2430 1642 2479 autern
1656 2424 1715 2496 illo,

60 2505 263 2578 vehementius,
279 2505 344 2578 quia
358 2505 402 2562 vel
425 2504 551 2560 dubitare
566 2504 594 2559 in
609 2503 652 2558 his
665 2501 865 2574 blasphemiam
913 2507 1052 2563 osculatus
1067 2515 1108 2563 est
1122 2523 1194 2574 euru,
1207 2515 1234 2563 et
1246 2524 1304 2578 pra
1318 2508 1419 2579 gaudio
1433 2508 1568 2581 lacrymas
1582 2509 1716 2567 lundens:

60 2595 222 2668 deputabat.
916 2594 1043 2661 «Exuet,
1070 2594 1171 2669 inquit,
1202 2603 1229 2651 te
1252 2596 1326 2651 bens
1353 2602 1475 2654 veterem
1502 2598 1640 2654 hominem
1654 2614 1717 2655 cum

93 2680 369 2741 assecurationis
392 2678 525 2736 etiamad
548 2677 865 2736 visitandumeumcle·
914 2683 1020 2738 actibus
1047 2683 1114 2750 suis,
1144 2690 1171 2737 et
1203 2683 1296 2739 induat
1321 2691 1348 2740 te
1370 2698 1490 2751 novum,
1506 2685 1552 2757 qni
1567 2686 1717 2743 secundum

62 2771 129 2828 riais
140 2776 170 2827 et
182 2768 269 2837 laicis,
285 2768 352 2824 satis
367 2768 482 2824 multum
501 2765 693 2826 venerabiliter
707 2780 740 2822 ac
754 2765 864 2831 devote,
914 2770 1001 2826 Deum
1016 2777 1124 2826 creatus
1138 2777 1180 2825 est
1197 2770 1342 2841 injustitia
1355 2779 1381 2827 et
1396 2772 1540 2829 sanctitate
1554 2773 1683 2842 veritatis,
1701 2798 1714 2826 a

58 2874 113 2932 pro
127 2857 251 2930 personis
265 2869 293 2912 et
306 2854 411 2923 officiis,
427 2855 545 2912 monitus
564 2853 758 2911 saluberrimos
772 2851 866 2907 insuu—
914 2857 1057 2925 memoria,
1072 2865 1101 2914 ut
1111 2859 1169 2928 jam
1197 2858 1365 2925 dictumest,
1396 2859 1432 2915 ad
1461 2861 1616 2918 communia
1645 2862 1716 2917 ultra

65 2947 160 3003 debat.
186 2945 260 3002 lnter
288 2960 357 3016 quos
382 2943 538 3016 Guigonem
558 2942 704 3012 Desiderii,
728 2956 811 2997 unum
831 2939 867 2994 de
914 2941 997 2997 fidem
1012 2940 1164 3009 deficiente,
1181 2942 1217 2998 ad
1237 2941 1329 2999 divina
1345 2942 1424 2999 solito
1446 2959 1642 3016 nonnunquam
1655 2960 1717 3001 am-

61 3032 214 3104 majoribus
227 3040 290 3106 post
312 3031 450 3103 comitem,
474 3046 543 3105 erga
557 3046 587 3088 se
600 3045 658 3103 praa
673 3028 765 3085 multis
780 3028 866 3084 devo·
882 2997 988 3100 Gplius
1001 3030 1178 3086 exuberante.
1191 3030 1259 3086 Nam
1282 3038 1308 3086 et
1321 3037 1384 3101 post
1405 3031 1490 3087 multa
1504 3032 1675 3088 sanctissima
1689 3041 1717 3090 et

67 3131 135 3190 turn,
146 3137 208 3178 cum
221 3119 299 3178 flexis
309 3120 425 3192 genibus
439 3119 596 3191 (itaquippe
610 3133 706 3175 omnes
719 3114 867 3186 iaciebant)
917 3117 1094 3173 saluberrima
1102 3117 1206 3172 monita
1220 3133 1282 3173 cum
1292 3117 1390 3185 abiret,
1405 3118 1522 3174 necdum
1537 3120 1605 3176 atria
1618 3129 1718 3177 cuncta

63 3209 250 3267 catalectum
274 3211 333 3280 ejus
353 3208 573 3267 benedictionem
596 3209 744 3280 flagitaret,
771 3224 867 3266 severa
917 3204 1068 3269 transisset,
1092 3203 1121 3260 id
1142 3204 1223 3259 etiem
1250 3205 1383 3261 mandare
1410 3206 1516 3262 curavit
1529 3214 1559 3262 ut
1572 3207 1607 3263 de
1619 3207 1716 3279 caligis

61 3298 249 3370 increpatione
264 3298 403 3371 corripuit,
424 3297 520 3353 dicem
534 3312 607 3364 eum,
632 3297 745 3366 iujustas
757 3298 786 3353 in
800 3297 868 3353 sub·
916 3292 1032 3364 pedules
1044 3291 1226 3357 abscinderet,
1255 3300 1390 3364 quatenus
1416 3302 1517 3364 praeter
1544 3295 1630 3366 pedes
1645 3303 1717 3352 totus

61 3387 137 3444 ditos
150 3386 306 3443 exactiones
320 3384 455 3454 faciendo,
472 3385 570 3441 anima
594 3399 651 3440 snae
665 3392 796 3456 perpetua
810 3392 868 3440 tor·
914 3380 1020 3450 jaceret
1030 3379 1158 3447 vcstitus3
1173 3379 1284 3435 dolebat
1296 3380 1368 3436 enim
1382 3381 1528 3438 nonnullos
1541 3382 1571 3437 in
1585 3383 1716 3455 religioso

63 3481 160 3531 menta
172 3472 286 3529 lucrari.
301 3473 344 3529 td
354 3488 415 3544 quae
429 3472 475 3527 illa
499 3470 668 3544 stupefactus
690 3473 795 3528 sitnon
810 3473 868 3529 baec
917 3467 1021 3534 habitu,
1038 3467 1074 3523 ad
1101 3467 1249 3524 sanctitatis
1277 3468 1412 3537 iniuriam,
1442 3469 1514 3524 tibiis
1528 3469 1648 3526 dormire
1662 3487 1716 3527 nu·

67 3562 121 3618 sibi
144 3562 179 3616 ab
201 3561 248 3618 illo
273 3561 320 3633 qui
340 3561 397 3631 jam
420 3576 491 3631 pene
511 3560 581 3616 inter
601 3567 725 3617 mortuos
744 3560 869 3631 deputari
917 3555 999 3610 datis.
1014 3556 1079 3612 Post
1093 3556 1161 3623 haec,
1174 3555 1332 3624 iuvantibus
1346 3556 1486 3623 ministris,
1502 3557 1530 3612 in
1544 3557 1653 3629 planum
1668 3557 1716 3616 de-

66 3656 184 3723 poterat,
202 3649 252 3706 scd
266 3663 283 3703 a
296 3649 355 3705 Deo
377 3648 477 3720 potius,
504 3648 550 3720 qui
564 3647 589 3704 ei
609 3648 789 3714 revelaverat,
803 3647 867 3715 dici,
918 3643 1023 3700 scendit
1033 3644 1130 3711 solum,
1142 3651 1345 3716 prostratusque
1356 3644 1384 3701 in
1395 3645 1502 3712 taciem,
1517 3661 1631 3717 magnas
1646 3647 1715 3715 Deo,

66 3752 197 3795 asserens
217 3735 410 3811 gravissimam
440 3752 536 3794 revere
559 3744 686 3794 recenter
707 3743 788 3793 terrae
813 3751 869 3792 snae
918 3747 969 3802 pro
983 3747 1018 3788 eo
1031 3731 1104 3803 quod
1128 3732 1229 3789 sactum
1256 3731 1353 3799 luerat,
1379 3747 1441 3789 cum
1464 3733 1592 3806 lacrymis
1610 3735 1716 3807 gradas

66 3825 181 3882 multam
194 3824 367 3896 imposuisse,
382 3824 553 3897 necdumque
576 3824 729 3896 accepisse,
742 3839 795 3881 nec
809 3831 870 3896 post
918 3820 1032 3887 obtulit;
1048 3820 1091 3876 his
1111 3819 1228 3888 indiciis,
1258 3828 1387 3893 quantum
1406 3822 1521 3877 salutem
1547 3822 1716 3881 desideraret

66 3915 127 3972 baec
141 3913 199 3983 eins
213 3913 316 3970 monita
330 3920 507 3984 accepturum
527 3911 657 3983 deinceps
672 3927 744 3967 esse.
918 3910 1074 3975 humanam,
1089 3925 1159 3981 pene
1171 3910 1228 3980 jam
1243 3909 1388 3966 deiunctus
1401 3910 1559 3967 ostendens.

103 4005 149 4058 ³0.
173 4000 334 4058 carnotinus
357 4001 439 4058 etiam
461 4000 618 4072 episcopus,
645 4001 772 4058 dominus
792 4000 869 4056 Gau·
954 4000 998 4054 31.
1014 3997 1113 4054 Ridere
1126 4005 1226 4064 autem,
1241 3998 1286 4061 vel
1304 3998 1399 4054 otiosis
1425 4013 1521 4055 vacare
1544 3998 1646 4067 verbis,
1670 4007 1717 4056 aut

68 4090 156 4146 fridus
169 4089 237 4162 (31),
249 4104 330 4146 servo
340 4088 391 4146 Dei
401 4104 434 4144 ex
448 4104 502 4160 quo
516 4095 596 4145 notus
606 4088 780 4161 singulariter
790 4089 870 4145 ctiam
919 4099 1045 4141 rumores
1059 4086 1168 4141 inutiles
1191 4084 1314 4151 recitare,
1341 4086 1487 4143 servitores
1511 4103 1585 4153 suos,
1609 4102 1716 4159 nequa·

69 4179 180 4248 charus,
196 4187 258 4250 post
280 4176 463 4234 visitationem
477 4176 570 4249 (quam
584 4176 611 4233 ei
632 4184 708 4233 tanto
722 4176 870 4250 gratiorem
919 4189 1001 4244 quam
1019 4173 1152 4244 patienter
1178 4172 1314 4240 habebat3
1339 4174 1429 4230 statim
1452 4174 1526 4230 auhn
1544 4174 1597 4230 hoc
1624 4174 1716 4245 ipsum

68 4271 171 4339 pmnto
193 4264 283 4338 magis
306 4264 490 4322 desideratam
513 4263 685 4334 exhibuerat)
707 4263 870 4334 Valentiam,
919 4277 1015 4318 severa
1029 4261 1213 4332 increpatione
1237 4260 1371 4327 tranabat,
1391 4276 1519 4318 asserens
1534 4270 1655 4333 tempora
1667 4261 1717 4320 fle·

71 4352 120 4410 ubi
144 4361 209 4409 tunc
232 4351 324 4423 eratis,
349 4353 384 4408 ad
405 4353 490 4410 vestri
509 4352 683 4424 presentiam
698 4346 1323 4419 1111111111)11111111111111111111111111,
1340 4349 1500 4420 occupanda
1513 4348 1649 4419 lamentis,
1665 4366 1718 4409 nec

72 4455 147 4508 curn,
166 4440 232 4513 quid
246 4457 280 4496 ex
294 4456 344 4496 sua
358 4440 437 4497 vobis
455 4448 534 4513 parte
547 4440 602 4496 dici
615 4440 782 4512 preciperet,
798 4454 873 4512 quoe·
921 4436 1072 4503 cachinnis,
1101 4451 1153 4494 nec
1179 4436 1331 4509 nugacibus
1358 4436 1544 4506 relationibus,
1558 4453 1610 4496 nec
1624 4439 1718 4496 otiosis

56 4536 158 4596 reret,
172 4528 211 4584 ait
223 4529 270 4584 ille
283 4536 313 4583 ut
326 4544 377 4600 pro
400 4544 431 4584 se
455 4535 546 4585 vestra
566 4527 720 4601 benignitas
741 4528 792 4584 Dei
813 4528 871 4584 cle·
921 4526 1033 4581 terenda
1047 4524 1228 4581 sermonibus.
1243 4523 1331 4591 Unde,
1346 4541 1510 4596 quesumus,
1527 4526 1607 4582 etiam
1621 4527 1719 4582 etiam·

68 4616 200 4674 mantiam
211 4623 345 4673 exoraret.
358 4615 412 4673 Sed
426 4616 507 4673 ethic
524 4630 587 4672 oum
596 4623 730 4688 quaereret
743 4615 808 4687 quid
822 4630 872 4687 pro
922 4630 975 4686 que
990 4613 1172 4680 considerent,
1190 4612 1236 4684 qui
1250 4611 1340 4667 mirari
1350 4612 1403 4668 nisi
1416 4612 1526 4669 insolita
1538 4629 1594 4670 non
1607 4621 1716 4682 norunt,

70 4720 103 4761 se
116 4704 198 4761 vellet
211 4704 284 4760 orari
300 4722 307 4759 :
326 4726 337 4751 1
348 4706 382 4760 Ut
391 4705 474 4771 Deus,
491 4702 587 4775 inquit,
603 4703 632 4758 in
646 4719 690 4760 me
703 4704 873 4760 mundanum
921 4702 1065 4759 utrumvel
1079 4701 1107 4757 in
1123 4700 1280 4771 scripturis,
1301 4700 1345 4756 vel
1359 4700 1527 4756 inhumanis
1541 4701 1719 4757 relationibus

71 4793 236 4865 exstinguat,
262 4799 287 4847 et
311 4807 388 4848 suum
410 4791 543 4848 accendat
565 4806 727 4846 amorem.»
753 4791 872 4861 idipsum
921 4789 975 4844 tale
990 4789 1137 4861 quidquam
1149 4804 1231 4844 nosse
1241 4788 1387 4860 potuerint,
1398 4797 1424 4843 et
1438 4796 1528 4843 utrum
1538 4804 1592 4843 non
1607 4789 1718 4845 omnino

70 4879 218 4952 religiosos
231 4880 336 4946 iratres,
350 4880 396 4952 qui
408 4879 533 4935 sedulum
548 4879 600 4935 sibi
615 4879 779 4934 exhibebant
793 4879 874 4934 obse·
922 4877 1091 4949 impossibile
1110 4883 1136 4931 et
1158 4884 1252 4932 contra
1274 4883 1407 4943 naturam,
1435 4884 1462 4931 et
1477 4876 1538 4932 ideo
1560 4875 1721 4934 incredibile

71 4967 178 5040 quium
193 4968 344 5039 sepissime
358 4967 532 5039 precabatur,
555 4983 634 5023 reum
648 4983 678 5022 se
692 4974 719 5023 et
732 4966 873 5037 indignum
923 4964 1005 5020 etiam
1028 4964 1160 5030 videatur,
1192 4963 1314 5035 potuisse
1341 4963 1476 5020 bominem
1501 4963 1650 5034 corporalia
1664 4972 1691 5021 et
1704 4979 1722 5021 a

110 5144 166 5211 (52)
178 5146 223 5197 llic
235 5149 274 5196 est
285 5146 407 5198 amedeus
421 5146 460 5206 ll,
472 5157 555 5196 comes
570 5145 711 5206 sabaudia,
724 5144 787 5198 filius
799 5146 875 5196 llum·
959 5141 1008 5206 itt)
1021 5144 1088 5195 Sedit
1106 5143 1237 5196 Gautridus
1258 5143 1289 5194 ab
1309 5156 1372 5196 anuo
1390 5141 1455 5193 illd
1471 5142 1502 5193 ad
1524 5142 1605 5204 alsa,
1627 5143 1723 5207 lagatus

75 5210 142 5263 berti
155 5212 185 5273 11,
198 5213 246 5272 111,
257 5225 321 5262 anno
332 5213 407 5272 ¹103,
420 5213 515 5262 mortuo
529 5212 659 5275 suecessit,
672 5213 697 5263 in
706 5213 787 5276 Cypro
797 5211 875 5263 insula
925 5211 1071 5274 apostolicus
1083 5211 1217 5262 innocentii
1231 5211 1262 5272 ll,
1273 5223 1345 5273 quem
1355 5222 1419 5262 anno
1433 5210 1497 5262 1150
1509 5210 1607 5275 excepit
1620 5208 1722 5261 Carnutt

80 5278 212 5329 defunctus
223 5278 338 5329 Kalendis
350 5278 449 5343 aprilis,
462 5290 502 5330 an.
517 5278 592 5329 1119.
926 5285 951 5328 et
960 5278 1011 5340 jam
1024 5276 1156 5329 reducebat
1167 5277 1192 5327 in
1212 5277 1318 5328 ltaliam.

110 5359 164 5425 (511)
188 5362 287 5414 scilicet
308 5362 361 5414 siva
383 5364 404 5415 ls
425 5363 553 5428 episcopus
574 5361 666 5426 inerit,
685 5362 736 5413 siva
756 5362 877 5424 parochus
960 5360 1013 5425 (55)
1025 5360 1086 5411 Aliis
1106 5360 1224 5411 Odoricus
1242 5364 1266 5412 et
1282 5360 1412 5425 Uldricus,
1434 5362 1474 5426 qut
1496 5359 1602 5412 traditur
1631 5358 1724 5410 vixisse

71 5427 203 5480 sacerdos.
925 5428 1151 5490 mouendannum
1165 5427 1240 5478 1111.
