3742 5986
108 194 158 269 qu
773 187 1078 247 coususronnvns
1539 140 1547 155 ⁶
1699 190 1751 275 sta

139 319 165 371 3.
182 314 351 387 antiphonas
363 317 384 371 0
397 318 547 388 copientis,
563 331 626 372 cum
639 314 699 370 aliis
713 330 772 384 sex,
789 312 987 384 etantipbonas
1000 312 1123 385 proprias
1144 312 1180 367 ad
1202 312 1349 369 matutinas
1373 313 1466 370 laudes
1490 313 1527 369 ita
1549 312 1704 386 incipimus,
1721 320 1751 368 ut

103 410 150 468 die
164 419 227 467 ante
242 412 364 485 vigiliam
377 412 482 468 Natalis
497 413 606 469 Domini
621 410 759 468 finiantur.

140 509 167 563 l.
184 507 304 582 Singulae
317 509 448 566 adventus
462 509 613 566 Dominicae
625 508 743 581 propriis
757 506 931 579 responsoria
944 515 971 563 et
985 505 1140 576 antiphonis
1163 504 1197 559 ad
1220 504 1363 560 matutinas
1384 505 1478 561 laudes
1502 504 1676 584 decorantur,
1702 502 1751 560 sed

102 608 131 656 et
145 602 250 659 carens
264 603 360 660 diebus
375 620 483 677 semper
497 605 533 660 ad
548 605 710 676 lloqcifioot
722 611 749 660 et
762 604 930 661 Benedictus
943 603 1106 675 antiphonas
1121 602 1157 658 de
1170 603 1289 659 adventu
1303 601 1431 659 dicimus.

796 717 994 776 CAPITULUll
1015 717 1062 773 lll.

779 815 849 870 ltem
873 814 948 870 code
976 829 1072 887 supro.

141 913 166 964 1.
182 909 214 965 ln
229 909 348 966 Sabbato
360 909 523 980 jejuniorum
538 910 726 982 temporalium
741 917 844 966 sextam
858 917 886 966 et
899 910 1012 977 missam
1027 926 1089 966 cum
1105 911 1234 983 quinque,
1251 918 1366 983 excepta
1379 910 1505 981 epistola,
1530 911 1701 978 lectionibus,
1727 917 1754 966 et

102 1005 204 1062 deinde
218 1021 317 1062 nonam
331 1007 508 1063 continuatim
521 1007 548 1062 in
563 1006 680 1064 ecclesia
695 1015 857 1074 cantamus‚·
879 1007 951 1063 idem
974 1005 1130 1062 incaeteris
1151 1005 1261 1075 jejuniis
1283 1004 1416 1060 similibus
1439 1005 1581 1075 facientes,
1605 1005 1658 1061 nisi
1682 1004 1754 1078 quod

102 1100 132 1156 in
148 1116 242 1157 mense
255 1101 345 1172 primo
359 1109 421 1173 post
434 1117 536 1158 nonam
548 1107 663 1174 propter
676 1100 934 1175 Quadragesimam.

138 1201 166 1253 2.
182 1198 212 1253 ln
227 1198 344 1254 Sabbato
358 1198 426 1254 infra
440 1204 552 1255 octavas
566 1199 726 1255 Pentecoste
739 1198 809 1254 inter
823 1198 931 1254 tertiam
959 1206 984 1252 et
999 1205 1113 1262 sextam,
1135 1204 1162 1252 et
1183 1197 1211 1251 in
1235 1212 1330 1252 mense
1355 1197 1471 1269 septimo
1490 1206 1552 1269 post
1576 1205 1680 1253 sextam
1705 1197 1755 1253 mi-

106 1308 168 1349 sam
181 1293 267 1366 ipsam
282 1294 463 1364 celebramus,
478 1311 580 1352 nonam
594 1311 681 1368 usque
694 1303 757 1369 post
770 1295 961 1352 dormitionem
974 1295 1002 1352 in
1018 1293 1125 1351 cellulis
1139 1293 1285 1350 dicendam
1299 1291 1465 1349 differentes.

798 1409 995 1469 CAPITULUM
1019 1410 1064 1467 lv.

779 1506 851 1563 Item
874 1506 949 1564 ande
983 1521 1080 1579 supra.

144 1605 170 1657 1.
187 1602 211 1655 l
225 1609 321 1673 quarto
335 1602 560 1658 Nonaslanuarii
573 1618 660 1674 usque
675 1602 711 1658 ad
725 1602 972 1676 Septuagesimam
998 1602 1069 1657 beati
1084 1600 1161 1657 Pauli
1175 1600 1290 1672 apostoli
1305 1600 1442 1671 Epistolas
1456 1599 1586 1673 legimns.

142 1701 171 1753 a.
186 1697 230 1752 lb
242 1697 326 1754 altera
340 1705 402 1770 post
416 1706 526 1756 octavas
539 1699 700 1771 Epiphania
727 1699 771 1755 die
800 1715 886 1771 usque
909 1700 943 1754 ad
958 1697 1203 1772 septuagesimam,
1219 1695 1322 1753 ferialia
1336 1696 1451 1753 dicimus
1473 1696 1654 1769 responsoria,
1670 1698 1758 1770 prima

108 1799 173 1865 post
186 1792 260 1865 ipsas
274 1795 417 1851 Dominica
430 1796 556 1863 Βοναίαα,
570 1812 605 1852 nc
620 1796 653 1851 in
667 1797 712 1852 iro
723 1799 775 1852 tao
789 1795 961 1867 incipientes.

143 1893 169 1946 ³.
186 1891 216 1946 ln
231 1891 350 1948 sabbato
365 1891 438 1964 quod
451 1892 570 1963 primam
584 1891 799 1964 Septueqesimae
813 1891 986 1949 Dominicem
1000 1890 1145 1960 antecedit,
1167 1892 1204 1947 ad
1217 1905 1349 1963 vesperas
1375 1897 1480 1945 tantum
1489 1889 1606 1947 dicimus
1621 1892 1755 1962 Alleluia,

105 1984 142 2039 ad
156 1985 266 2040 Missam
281 1984 405 2041 similiter
419 1985 506 2042 sancti
521 1984 630 2041 Sabbati
645 1985 792 2058 recepturi.

146 2081 171 2135 l.
187 2080 229 2137 Ab
242 2081 302 2152 ipsa
315 2088 406 2137 autem
424 2081 565 2138 Dominica
580 2097 667 2154 usque
682 2082 717 2138 ad
730 2081 900 2139 Dominicem
914 2083 949 2139 de
964 2082 1096 2138 Passione
1109 2081 1218 2138 Domini
1231 2081 1399 2152 Heptaticum
1423 2081 1519 2137 tamin
1540 2081 1657 2139 ecclesia
1676 2098 1758 2154 quam

111 2176 142 2231 in
157 2174 300 2233 refectorio
310 2176 439 2250 legimus,
454 2178 540 2249 prima
555 2184 582 2234 et
595 2176 717 2235 secunda
734 2178 886 2247 Domimca,
902 2180 935 2236 ln
944 2179 1096 2252 principio,
1112 2178 1291 2235 caeterisvero
1301 2177 1451 2240 Dominicis
1464 2178 1562 2234 usitata
1576 2178 1760 2250 Responsoria

108 2271 299 2329 decantantes.

145 2372 176 2425 5.
194 2370 225 2425 In
239 2369 330 2442 Capita
343 2369 438 2439 ieiunii
451 2369 569 2442 capitula
588 2378 722 2428 noctnma
736 2357 762 2428 et
775 2371 883 2440 diurna,
907 2378 935 2427 et
947 2364 1084 2428 orationes
1107 2379 1263 2427 mutamus:
1279 2377 1384 2428 sextam
1398 2379 1424 2428 et
1445 2371 1558 2428 missam
1572 2379 1599 2428 et
1613 2387 1714 2428 nonam
1728 2372 1758 2429 in

107 2462 226 2522 ecclesia
239 2471 390 2522 canemus.

146 2562 174 2618 6.
189 2561 246 2617 Hac
261 2562 305 2618 die
319 2576 415 2618 cruces
428 2561 601 2634 cooperimus
615 2562 644 2618 in
658 2564 810 2621 Parasceve
824 2562 1002 2635 detegendas.
1051 2585 1053 2588 ⁴

146 2658 175 2713 7.
189 2657 361 2714 antemissae
373 2657 479 2714 initium
502 2658 571 2715 cinis
594 2666 656 2730 post
676 2659 878 2716 contessionem
896 2658 1032 2717 sacerdoti
1046 2658 1250 2716 benedicendus
1264 2658 1395 2730 offertum·
1410 2675 1463 2732 quo
1486 2660 1630 2718 benedicto
1645 2669 1672 2718 et
1686 2675 1759 2734 aqua

109 2761 205 2810 sancta
227 2769 364 2826 resperso,
390 2768 486 2810 omnes
499 2770 551 2825 per
574 2753 699 2811 ordinem
726 2755 843 2829 genibus
864 2763 928 2811 ante
944 2755 1137 2827 presbyterum
1158 2755 1235 2812 flexis
1259 2756 1433 2829 participant,
1449 2757 1556 2815 dicente
1570 2757 1630 2830 ipso
1647 2774 1654 2814 :
1672 2761 1758 2816 Reco-

112 2866 230 2923 gnosce,
247 2853 337 2921 lonso,
353 2853 421 2924 qaia
433 2852 527 2923 potuis
541 2867 580 2918 es,
597 2855 625 2908 et
635 2852 667 2907 in
682 2853 826 2924 pulverem
839 2853 1006 2921 reverteris·
1017 2852 1122 2909 ceteris
1131 2868 1196 2909 vero
1206 2852 1375 2925 antiphonas
1384 2853 1451 2909 istas
1459 2853 1636 2910 canentibus:
1647 2853 1760 2910 Exaudi

110 2966 174 3018 nos,
189 2951 324 3019 Domtae‚·
338 2952 430 3007 lueto
444 2951 623 3019 uestibulum,
636 2959 689 3008 eto.
705 2950 811 3020 Quibus
826 2950 909 3007 finitis
924 2952 1016 3008 subdit
1029 2951 1177 3018 sacerdos;
1193 2952 1330 3011 Dominus
1352 2954 1507 3025 vobbcum,
1523 2961 1550 3010 et
1563 2955 1642 3010 istam
1657 2954 1759 3011 oratio·

110 3061 178 3103 nem
195 3046 316 3103 Concede
331 3046 421 3113 nobis,
437 3046 570 3114 Domine3
586 3047 762 3104 eademhora
771 3046 878 3121 duobus
893 3047 1069 3121 sequentibus
1079 3048 1176 3105 diebus
1190 3049 1286 3104 Missas
1300 3047 1425 3106 iacimus.

148 3145 176 3199 9.
191 3142 222 3198 lb
236 3143 288 3199 boc
298 3141 418 3198 Sabbato
432 3141 608 3198 Dominicalia
623 3142 743 3214 capitula
754 3151 891 3199 muamus
905 3143 941 3200 ad
953 3159 1094 3216 vesperas.

150 3240 195 3294 19.
209 3237 374 3309 Capitulum,
385 3239 514 3306 Domine,
530 3240 665 3296 munere
678 3240 781 3310 nostri,
798 3237 826 3294 in
840 3239 1054 3314 Quaquesima
1078 3247 1106 3297 et
1128 3239 1156 3295 in
1169 3241 1295 3298 Adventu
1309 3241 1413 3300 festivis
1427 3243 1524 3300 diebus
1538 3243 1574 3300 ad
1588 3242 1705 3315 primam
1715 3244 1759 3300 di·

113 3335 212 3393 cimus.

150 3434 197 3486 11.
215 3432 239 3486 Α
253 3430 378 3503 sequenti
392 3430 513 3487 secunda
526 3429 594 3488 feria
607 3446 695 3502 usque
709 3431 746 3487 ed
760 3430 872 3487 Coenam
886 3432 997 3490 Domini
1010 3441 1116 3506 septem
1130 3433 1251 3506 psalmos
1265 3451 1328 3494 cum
1341 3436 1434 3493 litania
1456 3445 1518 3509 post
1531 3438 1649 3510 primam
1658 3438 1687 3495 in
1701 3438 1761 3496 cel-

113 3528 177 3585 lulis
186 3527 318 3600 quotidie,
333 3527 454 3601 exceptis
468 3527 611 3586 duodecim
622 3528 768 3585 lectionum
783 3529 869 3598 iestis,
885 3531 1059 3589 exsolvimus.

790 3642 1085 3705 couueurlumu.

116 3740 310 3800 conventuales
329 3738 438 3807 missas,
454 3738 504 3796 sed
517 3738 553 3795 ad
566 3738 688 3811 privatas
702 3746 807 3796 tantum
829 3742 915 3812 perti-
925 3755 952 3815 Α
966 3750 1009 3801 ter
1022 3743 1112 3801 officia
1126 3744 1218 3803 divina
1234 3744 1420 3820 singularibus
1434 3744 1531 3802 diebus
1554 3745 1693 3820 assignata
1713 3761 1761 3804 rc·

114 3828 209 3887 unisse
222 3835 356 3900 pommus,
373 3844 434 3900 quae
454 3842 472 3884 a
493 3827 634 3884 monachis
656 3826 845 3884 sacerdotibus
859 3837 912 3885 stn-
963 3839 1106 3889 censetur.

116 3917 297 3974 tutistantum
316 3915 414 3972 diebus
429 3914 644 3972 celebrabantur.
664 3917 761 3972 Totum
777 3931 843 3988 erqo
861 3918 914 3975 boc
999 3919 1067 3976 Car.
1080 3920 1126 3977 IV.
1145 3951 1181 3962 -
1200 3921 1303 3977 Textus
1324 3922 1404 3991 buius
1427 3921 1539 3994 capituli
1551 3936 1638 3994 usque
1653 3922 1689 3979 ad
1715 3920 1762 3979 illa

115 4002 265 4076 capitulum
276 4001 327 4058 tuit
339 4002 368 4059 in
382 4001 494 4076 antiqua
507 4009 607 4059 statuta
620 4002 798 4060 transfusum.
964 4007 1058 4074 verba,
1073 4008 1223 4065 Sabbatum
1233 4025 1360 4082 sequens,
1372 4016 1435 4076 etc..
1451 4008 1486 4067 de
1503 3996 1587 4067 verbo
1596 4011 1632 4067 ad
1646 4011 1763 4068 verbum

963 4094 1081 4150 retertur
1101 4111 1161 4167 cap.
1186 4100 1202 4151 ὅ
1227 4096 1324 4168 primae
1350 4096 1433 4169 partis
1459 4097 1546 4170 antiq.
1586 4099 1761 4170 statutorum,

963 4185 1056 4249 n.56;
1073 4197 1134 4254 cap.
1158 4184 1185 4251 7,
1205 4187 1283 4252 n.l;
1306 4199 1366 4257 cap.
1393 4189 1419 4255 9,
1445 4189 1502 4240 n.l
1527 4193 1554 4241 et
1578 4189 1611 4252 ἲς
1639 4200 1700 4258 cap.
1716 4190 1761 4255 19,

963 4285 1011 4324 nn.
1028 4273 1054 4338 1,
1066 4273 1160 4335 2‚3et
1179 4271 1208 4325 l.

999 4357 1080 4414 Num.
1097 4359 1123 4412 b.
1140 4359 1423 4415 Sextometmisscm
1437 4364 1466 4416 et
1479 4376 1596 4416 nonam.
1619 4360 1669 4418 llic
1683 4361 1764 4418 etiam

965 4445 1000 4501 de
1015 4443 1100 4500 missa
1113 4445 1193 4516 quasi
1206 4445 1332 4503 ordinate
1346 4446 1512 4505 celebranda
1522 4448 1551 4503 lit
1565 4448 1678 4505 mentio.

1000 4533 1082 4588 Num.
1092 4536 1118 4588 9.
1131 4533 1281 4591 Sabbatum
1290 4549 1408 4607 sequens
1418 4537 1506 4593 mirso
1514 4541 1603 4594 caret.
1614 4537 1664 4595 llic
1673 4545 1764 4594 autem

964 4620 1042 4677 locus
1058 4620 1098 4677 sic
1112 4620 1272 4693 exprimitur
1286 4638 1295 4676 1
1309 4631 1389 4694 part..
1401 4638 1461 4696 cap.
1478 4627 1522 4692 11,
1544 4627 1569 4691 1,
1590 4641 1618 4681 n.
1635 4628 1660 4694 1,
1678 4626 1764 4698 antiq.

966 4705 1061 4765 Statut.
1087 4709 1169 4765 Disco
1183 4710 1297 4783 proprio
1317 4715 1408 4779 corel,
1434 4716 1463 4768 et
1474 4716 1611 4770 cantatur
1627 4714 1717 4768 νιὶννα
1731 4713 1765 4769 de

965 4797 999 4852 D.
1022 4797 1111 4852 Murio
1124 4797 1156 4852 tn
1172 4802 1327 4867 conventu;
1344 4799 1442 4872 quibus
1456 4799 1547 4857 verbis
1561 4815 1658 4855 sensus
1676 4799 1710 4856 ll.
1731 4800 1763 4856 P.

967 4883 1101 4955 Guigonis
1114 4883 1213 4941 clarius
1228 4885 1389 4958 exprimitur
1413 4887 1486 4944 circa
1507 4887 1618 4944 missam
1637 4887 1672 4943 de
1692 4887 1766 4957 Jeju-

151 4143 219 4201 er.
234 4143 281 4200 ΙΙΙ.
290 4173 325 4184 -
335 4144 406 4200 ltem
414 4144 491 4200 uode
505 4161 601 4216 supra.
611 4142 641 4199 ld
655 4151 697 4201 est
705 4144 842 4201 deeadem
851 4158 913 4201 ma-

115 4231 194 4299 teria,
210 4231 245 4287 de
261 4230 377 4304 quajam
394 4230 521 4303 superius
534 4238 623 4288 actum
639 4239 690 4288 est.

150 4320 252 4376 Textus
264 4319 345 4388 huius
369 4318 485 4391 Capituli
502 4319 638 4391 reperitur
646 4317 681 4374 de
696 4318 781 4376 verbo
795 4319 831 4377 ed
850 4335 913 4376 ver-

115 4405 181 4462 bum
199 4405 300 4463 relatus
313 4420 374 4478 cap.
390 4410 416 4475 3,
432 4422 443 4461 r
460 4414 533 4478 part.
549 4406 632 4479 antiq.
653 4407 762 4476 statut,
777 4423 853 4464 num.
878 4412 913 4475 8;

116 4508 179 4564 cap.
196 4496 240 4562 11,
256 4500 360 4565 spart,
376 4508 454 4549 num.
474 4497 523 4562 19,
540 4508 604 4566 cap.
619 4496 665 4564 19,
684 4494 808 4563 ejusdem
829 4493 915 4567 partis

117 4596 194 4636 num.
224 4582 252 4647 Ἷ,
282 4587 307 4637 et
321 4596 380 4652 cap.
397 4583 441 4648 27,
461 4596 537 4637 num.
555 4584 582 4637 5.
608 4584 647 4639 De
661 4582 830 4641 demittens
844 4582 916 4639 idem

117 4665 234 4724 refertur
247 4681 308 4740 cap.
325 4670 358 4726 ot
373 4668 496 4738 ejusdem
505 4668 601 4740 partis.

153 4754 250 4811 Totum
264 4771 330 4829 ergo
351 4756 500 4828 capitulum
518 4756 590 4812 istud
612 4755 662 4812 fuit
679 4756 708 4812 iu
735 4765 832 4814 statuta
842 4757 914 4814 anti·

118 4857 174 4917 qua
196 4842 372 4914 nansrnsum,
396 4851 423 4901 et
439 4843 537 4901 eadem
551 4859 664 4913 prorsus
688 4859 760 4902 nunc
783 4845 915 4902 observa-

114 4945 187 4997 Μ’
202 4938 315 5003 empta
333 4930 495 4988 d⁰rmi¹i⁰¹¹⁶
510 4930 618 4998 ‘numa'
642 4947 703 5003 ΨΜ
717 4939 759 4988 ⁰⁸¹
772 4932 914 5006 mm·
966 4971 1022 5038 nio,
1039 4988 1100 5043 quae
1114 4971 1196 5028 etiam
1215 4989 1288 5031 nunc
1314 4982 1394 5032 vacat
1417 4974 1445 5030 in
1468 4975 1569 5032 nostris
1599 4974 1765 5046 llissalibus‚

153 5035 236 5135 Num.
248 5039 273 5091 ¹·
290 5037 323 5135 ¹⁷}
336 5038 541 5109 ”imprimi
553 5045 605 5094 2²⁶·
621 5036 690 5094 ffi¹¹⁰
704 5036 916 5110 probaturquod
967 5066 993 5115 et
1008 5058 1155 5116 celebratio
1168 5059 1260 5118 missas
1274 5061 1401 5119 debeata
1418 5062 1502 5119 llario
1516 5063 1638 5136 Virgine,
1654 5062 1708 5120 diei
1727 5063 1767 5120 illi

117 5138 222 5178 mensas
247 5125 357 5179 llaruus
388 5131 452 5180 tunc
475 5125 563 5181 adhuc
594 5125 700 5197 primus
731 5125 915 5197 reputabatur,
966 5132 1131 5219 assignatur,

119 5225 184 5266 nam
197 5210 224 5265 in
238 5226 333 5268 mense
356 5211 409 5269 i⁸l0
430 5213 532 5283 jejunia
555 5212 714 5286 temporalia
737 5214 916 5271 &munster
1001 5236 1082 5293 Num.
1097 5240 1123 5292 9.
1139 5236 1172 5293 lc
1196 5239 1247 5294 hoc
1263 5238 1389 5307 Sabbata,
1406 5255 1494 5312 usque
1508 5241 1544 5296 ad
1564 5241 1624 5299 baec
1641 5241 1726 5300 verba
1739 5241 1768 5298 aa·

120 5307 278 5356 occurrunt·
967 5324 1156 5382 sacerdotum.
1177 5326 1254 5381 ldem
1268 5333 1356 5384 textus
1370 5326 1488 5385 retertur
1500 5329 1536 5384 de
1555 5328 1640 5385 verbo
1654 5329 1689 5385 ad
1702 5344 1767 5386 ver·

155 5403 238 5462 Num.
253 5408 280 5463 2.
308 5407 613 5465 Missamcelebromus.
630 5407 703 5463 Ecce
726 5405 771 5464 bic
785 5406 875 5465 adhuc
888 5404 919 5463 fit
967 5412 1033 5468 bum
1047 5429 1107 5486 cap.
1124 5417 1153 5468 11
1180 5412 1275 5485 primm
1295 5413 1382 5486 partis
1401 5417 1581 5482 enascatur..
1597 5432 1644 5471 nn.
1660 5419 1687 5486 2,
1704 5420 1730 5487 3,
1748 5420 1765 5473 a

121 5491 215 5551 mbae
234 5493 337 5551 mentio
359 5510 419 5566 que
438 5493 617 5553 communiter
637 5492 802 5566 celebratur,
830 5502 857 5551 et
877 5493 919 5551 iu·
968 5506 997 5556 st
1010 5503 1054 5556 19.
