3742 5986
114 171 166 227 lbi
385 175 414 231 S.
434 173 613 232 BRUNONlS
632 172 956 233 cananasmnohult
974 173 1217 233 utsttwtottts
1235 174 1311 232 OPP.
1340 176 1428 234 rans
1451 177 1489 232 ΙΙ.
1719 175 1774 232 ddi

115 297 255 354 hodiernis
265 298 356 356 honis.
376 298 477 355 Carent
491 299 573 356 etiam
600 315 720 372 praesse
734 300 803 367 aliis,
822 299 950 360 dandoh
964 298 1097 367 videmus,
1124 300 1277 370 judicamus
1301 301 1336 358 de
1358 300 1551 358 interioribus:
1568 300 1634 373 quia
1650 299 1727 356 enim
1742 299 1772 357 ia

117 388 270 459 exemplum
295 388 430 443 bonorum
459 388 485 443 hi
505 390 553 461 qai
574 390 695 445 credunt
710 391 777 445 Deo.
800 387 914 456 Ethoee,
965 387 1122 459 episcopatu
1136 405 1184 444 eos
1207 405 1320 445 manere
1335 390 1468 459 videmus,
1486 405 1569 461 quem
1586 388 1770 461 perprctium

115 475 222 532 scilicet
235 492 356 547 praeesse
371 476 450 533 bonis
460 477 599 549 operibns,
611 483 679 533 sunt
694 477 765 533 hono
774 477 827 532 illis
836 477 913 549 ipsis,
963 476 1054 548 adepti
1069 485 1140 541 sunt,
1154 478 1307 547 judicamus
1317 479 1352 533 de
1367 479 1406 534 eis
1421 487 1449 533 ut
1475 478 1507 533 de
1523 477 1702 533 credentibus
1717 493 1770 548 pe-

117 567 216 618 etsunt
226 565 312 620 atilio
322 566 481 622 hominihus
489 581 536 621 eos
547 566 726 621 imitantibus.
743 567 782 621 De
793 566 835 620 his
845 581 914 623 con·
963 565 1045 621 cunia
1072 581 1153 637 posse
1182 566 1316 637 possideri
1347 567 1477 637 Spiritum
1492 575 1626 621 sanctum.
1644 564 1728 634 Quod
1743 565 1767 621 si

115 649 193 706 firma
209 653 372 720 Cretenses;
388 654 549 710 sedatultas
562 656 728 728 questiones
746 655 914 726 etpeneolo-
962 653 1055 708 dicunt
1070 653 1203 710 beneficia
1217 654 1376 726 temporalia
1391 655 1477 714 soum
1493 671 1523 710 se
1538 653 1650 720 emisse,
1668 662 1697 710 et
1712 669 1768 709 nnn

113 742 174 811 qius
198 749 224 795 et
247 742 436 797 contentiones
452 759 512 814 quae
536 750 639 798 certant
652 742 723 797 inter
736 759 766 798 se
782 743 817 797 de
831 742 913 798 intel·
962 742 1205 810 consecrationem,
1217 744 1334 815 ideoque
1347 759 1402 799 non
1427 758 1489 799 esse
1504 742 1687 811 simoniacos,
1703 742 1767 798 lon·

113 826 185 884 lectu
199 829 408 901 Scripturarum,
421 835 451 886 et
467 847 579 903 paenas
603 831 681 903 lepis,
697 830 723 885 id
739 838 846 903 estquae
861 830 912 885 sibi
964 845 999 902 ge
1010 830 1131 886 deterius
1144 831 1273 887 sentiunt.
1293 831 1430 903 Scriptum
1446 838 1487 888 est
1505 831 1597 887 enim:
1614 829 1666 900 Qui
1682 846 1767 902 sepa·

113 916 231 973 invicem
245 916 373 974 videntur
387 918 533 986 contraire,
558 935 727 991 quaecunque
742 926 804 973 sunt
818 919 912 989 huius·
961 917 1061 973 raverit
1074 934 1116 988 se,
1132 919 1238 975 dicatur
1252 919 1290 975 illi
1305 919 1460 975 anathema.
1486 919 1559 974 Sicut
1574 917 1648 973 enim
1662 933 1767 990 corpus

114 1004 197 1071 modi,
215 1004 322 1062 devita
350 1007 424 1062 Sunt
438 1007 515 1063 enim
525 1008 653 1072 inutiles,
674 1007 732 1062 sine
746 1007 838 1078 aliquo
852 1006 912 1062 fru-
962 1013 989 1060 et
1015 1004 1105 1061 anima
1133 1014 1272 1080 nequeunt
1287 1007 1408 1078 separari
1430 1014 1459 1062 ut
1474 1006 1586 1062 alterum
1601 1006 1695 1072 vivat3
1727 1006 1766 1063 sic

112 1099 167 1162 ctu,
183 1092 323 1165 (quodque
337 1094 415 1165 pejus
430 1095 482 1167 est)
498 1111 588 1162 vanoe,
604 1094 631 1150 id
647 1103 688 1150 est
704 1095 762 1151 sine
777 1094 890 1150 veritate
903 1113 910 1162 ;
962 1091 1124 1150 beneficium
1153 1095 1303 1167 temporale
1318 1111 1334 1150 a
1350 1095 1465 1167 spiritali
1478 1096 1505 1149 in
1521 1094 1651 1166 episcopo
1670 1095 1765 1167 nequit

111 1181 274 1253 quaestiones
288 1183 337 1236 has
352 1183 387 1238 de
402 1183 466 1238 vita.
482 1183 578 1239 Devita
593 1183 673 1239 etiam
689 1185 853 1241 haereticam
864 1185 912 1241 ho·
961 1182 1093 1253 separari.
1110 1183 1168 1239 lloc
1183 1183 1352 1240 sentiendum
1366 1183 1401 1239 de
1420 1182 1563 1240 ordinibus
1579 1190 1606 1239 et
1619 1189 1761 1254 tempora-

113 1266 230 1332 minem,
246 1265 326 1321 idest
341 1266 376 1321 ab
391 1267 493 1322 unitate
507 1265 571 1322 fidei
584 1266 711 1323 divisum.
727 1267 823 1323 Devita
838 1267 908 1334 dico,
961 1268 1033 1325 libus
1047 1270 1206 1326 honoribus.

111 1352 135 1407 si
149 1353 343 1425 incorrigibilis
357 1354 438 1410 fuerit
451 1359 512 1428 post
524 1371 623 1422 unam,
640 1355 667 1411 id
682 1362 723 1411 est
736 1355 859 1427 primam,
883 1360 912 1412 et
996 1359 1141 1432 Postquam
1170 1358 1262 1416 docuit
1286 1359 1375 1416 Titum
1399 1359 1433 1416 de
1454 1359 1538 1415 rebus
1561 1357 1764 1426 ecclesiasticis,

111 1442 265 1498 usurariam
278 1444 494 1515 correptionem,
510 1444 573 1516 quia
588 1444 610 1498 si
634 1444 676 1499 bis
689 1444 842 1500 admonitus
857 1460 912 1500 non
960 1446 1054 1501 scribit
1075 1447 1111 1501 ad
1126 1463 1188 1503 eum
1203 1448 1237 1504 de
1253 1447 1417 1520 quibusdam
1431 1447 1546 1520 privatis
1560 1446 1679 1503 didens:
1698 1447 1765 1505 Cael

113 1529 284 1601 poenituerit,
312 1530 357 1587 hic
371 1531 417 1603 qui
442 1539 483 1587 est
497 1532 644 1602 ejusmodi,
659 1532 686 1587 id
701 1539 742 1588 est
756 1533 909 1600 haereticus,
959 1535 1061 1591 misero
1074 1535 1111 1590 ad
1118 1539 1155 1604 te,
1168 1551 1184 1590 o
1199 1535 1267 1601 Tite,
1284 1537 1448 1592 Arthemam
1460 1538 1512 1591 aut
1541 1535 1704 1607 Tychieam,
1720 1538 1765 1606 se·

111 1617 258 1675 subversus
280 1623 339 1687 est;
364 1635 419 1675 non
432 1636 483 1691 per
507 1620 698 1692 ignorantiam,
715 1622 765 1677 sed
779 1621 868 1678 sciens
883 1629 945 1709 etB
960 1624 1037 1679 stine
1052 1625 1148 1679 venire
1159 1623 1196 1679 ad
1210 1640 1255 1679 me
1265 1625 1440 1696 Nicopolim;
1456 1623 1496 1678 itt
1510 1625 1587 1680 enim
1602 1624 1697 1679 statui
1711 1623 1769 1682 itis·

110 1706 230 1778 prudens
253 1722 363 1762 manum
382 1709 463 1763 mittit
476 1708 617 1782 inignem,
639 1714 667 1766 et
681 1709 726 1766 hio
741 1710 908 1766 talisdelin-
961 1726 1050 1767 mare.
1067 1712 1101 1766 Et
1108 1718 1253 1782 antequam
1260 1712 1363 1778 venias,
1369 1713 1625 1783 premitteleaom
1638 1712 1766 1784 peritam

111 1797 173 1868 quit
183 1798 296 1868 proprio
302 1797 421 1868 judicio,
438 1797 465 1852 id
479 1804 521 1853 est
536 1814 568 1852 ex
573 1797 685 1869 propria
698 1797 906 1865 deliberatione,
963 1799 1039 1870 lepis,
1063 1799 1107 1855 vel
1136 1798 1281 1871 Scriptura
1300 1800 1408 1866 divinae,
1425 1799 1469 1856 vel
1484 1797 1641 1866 saecularis,
1657 1803 1689 1855 ef
1703 1814 1765 1855 enm

111 1883 186 1939 nullo
214 1884 370 1956 impellente
398 1901 470 1952 eum,
487 1894 514 1941 et
540 1886 602 1942 ideo
619 1888 823 1943 condemnatus
837 1896 878 1943 est
891 1901 908 1942 a
962 1902 995 1942 eo
1010 1888 1117 1960 Apollo.
1130 1888 1185 1943 llos
1199 1888 1291 1960 utique
1301 1888 1433 1960 praemitte
1444 1889 1577 1952 sollicite,
1593 1887 1680 1943 idest
1695 1887 1766 1944 bene

112 1972 181 2027 lieo.
962 1983 1134 2047 procuratos,
1151 1976 1241 2031 dando
1256 1976 1311 2031 illis
1323 1992 1383 2049 quae
1398 1975 1556 2033 necessaria
1569 1983 1652 2042 sunt,
1668 1975 1708 2031 ita
1722 1976 1765 2032 di·

145 2060 216 2116 Nota
231 2061 305 2132 quod
319 2077 352 2117 ex
366 2061 419 2118 hoc
435 2060 496 2118 loco
510 2062 647 2134 colligitur
661 2062 734 2134 quod
749 2062 846 2134 siquis
859 2062 908 2116 im·
960 2079 992 2120 co
1008 2064 1132 2130 sollicite,
1149 2070 1182 2120 ut
1195 2064 1272 2121 nibil
1286 2066 1359 2121 desit
1368 2066 1436 2120 illis.
1449 2064 1529 2134 Quod
1542 2063 1566 2118 si
1579 2063 1682 2135 quaeris
1692 2065 1764 2121 unde

109 2149 258 2220 prudenter
272 2156 352 2218 errat,
369 2157 395 2205 et
409 2165 529 2206 errorem
544 2167 621 2205 suum
636 2166 691 2205 non
705 2150 835 2219 defendit,
860 2150 905 2208 hic
960 2152 1019 2209 baec
1033 2153 1161 2223 accipias,
1177 2154 1241 2210 volo
1256 2160 1283 2208 et
1295 2154 1352 2223 jam
1365 2160 1393 2208 ut
1404 2152 1489 2208 nostri
1496 2153 1643 2208 Cretenses
1649 2153 1763 2209 ducant

110 2251 165 2292 non
189 2244 231 2292 est
249 2236 414 2306 judicandus
438 2238 602 2294 haereticus:
619 2239 668 2293 sed
682 2238 729 2294 ille
744 2246 845 2293 tantum
861 2239 907 2311 qui
958 2256 1075 2312 praeesse
1092 2241 1170 2297 honis
1184 2241 1321 2315 operibus,
1337 2242 1372 2297 de
1387 2241 1431 2298 die
1439 2241 1466 2296 in
1481 2241 1554 2296 diem
1568 2240 1762 2298 meliorando:

110 2325 183 2397 quod
198 2325 268 2380 male
282 2325 317 2381 de
330 2324 384 2382 fide
397 2325 478 2382 sentit
492 2326 577 2399 (quod
591 2326 711 2382 deterius
726 2327 779 2398 est)
793 2326 909 2383 incorri·
958 2328 998 2384 sic
1014 2328 1106 2400 utique
1121 2345 1251 2400 praeesse,
1267 2329 1483 2385 administrando
1500 2330 1676 2386 necessarios
1696 2347 1763 2386 usas

110 2413 201 2487 gibilis
226 2421 366 2470 asseverat
390 2421 417 2469 et
438 2413 569 2470 defendit.
594 2415 674 2485 Quod
697 2415 720 2469 si
740 2415 909 2471 hocmtione
960 2416 1237 2487 praedicatoribus,at
1256 2417 1284 2472 hi
1300 2418 1764 2489 Cretensesnonsintialrttetuosi

110 2501 279 2559 simoniacos
299 2518 433 2576 negamus
459 2519 521 2559 esse
550 2503 711 2560 haereticos:
733 2504 821 2560 sciunt
837 2503 910 2559 enim
959 2504 1116 2561 doctoribus
1131 2506 1208 2574 suis;
1223 2507 1272 2562 sed
1286 2506 1616 2578 ministrentquaecnnque
1640 2505 1762 2562 usuieo·

109 2606 140 2647 se
154 2591 225 2647 male
238 2607 393 2663 agarenae
407 2593 569 2664 approbant,
586 2593 636 2648 sed
651 2592 794 2648 ambitiose
808 2608 909 2649 caecan·
960 2609 1018 2649 mm
1033 2593 1190 2649 necessaria
1206 2602 1279 2649 sunt.
1293 2618 1304 2643 ι
1319 2594 1497 2650 laborantem
1525 2594 1598 2648 enim
1611 2593 1761 2667 agricolam

109 2686 171 2735 tur:
200 2688 297 2735 contra
320 2681 372 2736 hoc
400 2680 508 2748 dieitur,
525 2680 663 2753 quiequid
677 2681 728 2752 ipsi
743 2681 907 2737 intenderint
958 2682 1233 2753 oportetprimumde
1245 2680 1760 2753 353fmctihusaccipereffllim.

109 2767 198 2840 pretio
221 2776 413 2839 comparantes
436 2769 509 2824 dona
532 2769 648 2840 Spiritus
663 2769 751 2825 sancti
765 2770 904 2838 nescitur;
956 2770 1256 2839 11,6).»Salatantte
1275 2786 1371 2826 omnes
1390 2760 1440 2843 qai¹
1460 2784 1571 2826 mecum
1586 2773 1670 2838 sunt,
1693 2777 1720 2826 et
1734 2778 1760 2824 tn

107 2854 160 2912 soli
187 2856 260 2912 enim
287 2857 345 2912 Deo
358 2856 466 2913 occulta
480 2857 604 2912 cordium
626 2858 744 2912 revelata
768 2866 839 2925 saint,
856 2859 905 2914 sed
917 2889 941 2950 ο
955 2860 1050 2914 saluto
1064 2859 1168 2931 eosqui
1182 2873 1235 2914 nos
1247 2862 1348 2915 omont
1363 2861 1395 2915 in
1404 2858 1469 2928 fide,
1478 2858 1556 2914 idest
1568 2855 1678 2914 fideles.
1696 2859 1760 2914 Gra·

108 2944 259 3013 secundum
286 2944 360 3017 quod
383 2944 410 2999 in
440 2944 619 3001 exterioribus
634 2960 728 3002 eorum
744 2945 822 3001 factis
836 2947 907 3002 dona
958 2948 1544 3005 tinlieisiteumomaihasvobis.1lmcn.

504 3218 753 3276 annuntiaturi
771 3220 808 3275 IN
825 3217 1024 3277 EPISTOLAM
1042 3220 1090 3276 tn
1109 3218 1353 3276 Phlhanohatt.

109 3371 292 3499 0Philemoni
305 3370 446 3427 familiaris
464 3369 569 3426 litteras
576 3369 640 3428 facit
649 3387 699 3442 pro
714 3369 844 3427 Onesimo
855 3386 936 3431 servo
950 3370 1018 3441 ejus,
1030 3373 1154 3431 scribens
1169 3369 1194 3427 ei
1209 3370 1243 3426 ab
1254 3370 1322 3426 urbe
1344 3369 1430 3426 lloma
1440 3369 1475 3427 de
1484 3384 1594 3426 caream
1604 3369 1757 3442 peripsum

134 3459 282 3500 neslmuill.

540 3778 762 3843 PROLOGUS
783 3780 821 3840 Β.
844 3777 1054 3843 BRUNONIS
1075 3778 1117 3841 IN
1138 3778 1321 3840 adunata.

140 3964 239 4024 Paulus
262 3963 407 4021 familiares
436 3963 537 4020 litteras
552 3963 646 4021 scribit
665 3964 701 4020 ad
711 3964 905 4034 Philemonem,
921 3964 1044 4033 DPaulo
1065 3964 1162 4022 exinde
1184 3971 1211 4020 et
1234 3962 1357 4019 fortassis
1372 3962 1407 4019 de
1421 3961 1511 4018 furata
1524 3960 1651 4033 pecunia.
1668 3960 1756 4032 Quem

105 4070 187 4128 quem
213 4054 249 4109 ad
272 4051 354 4110 fidem
369 4059 552 4120 conuerterat,
568 4055 662 4110 Romae
677 4052 782 4109 vinctus
796 4053 826 4109 in
840 4069 905 4109 car-
956 4054 1055 4109 Paulus
1083 4053 1261 4110 reconciliare
1289 4051 1416 4123 cupiens,
1447 4050 1558 4106 remittit
1572 4066 1682 4106 servum
1696 4065 1756 4107 cum

105 4157 179 4200 cere.
205 4144 326 4214 Accepta
347 4141 411 4199 inde
433 4142 588 4209 occasione,
606 4141 668 4214 quia
682 4141 794 4213 qnidam
810 4158 906 4198 servus
956 4143 1007 4198 bac
1020 4141 1141 4213 Epistola
1157 4142 1193 4197 ad
1207 4140 1357 4209 dominum,
1373 4139 1402 4194 in
1417 4154 1471 4212 qua
1480 4138 1535 4212 agit
1545 4138 1581 4194 de
1588 4138 1754 4204 Philemone,

104 4229 269 4287 Philemonis
297 4230 453 4298 Onesimus,
471 4246 532 4288 cum
552 4231 641 4287 adhuc
661 4229 779 4286 infidelis
793 4237 907 4297 esset,a
956 4230 1105 4287 obsecrans
1134 4246 1196 4285 eum
1222 4228 1315 4284 multis
1340 4235 1367 4285 et
1389 4227 1507 4284 diversis
1521 4226 1612 4283 causis
1624 4233 1655 4281 ut
1669 4226 1757 4282 indul·

105 4318 216 4375 domino
242 4319 333 4375 furtim
361 4321 480 4393 elapsus,
501 4320 536 4375 de
551 4319 667 4391 pecunia
682 4319 784 4375 domini
800 4326 907 4375 secrete
956 4327 1021 4393 gent
1034 4334 1114 4376 servo
1130 4318 1203 4392 quod
1216 4315 1350 4389 peccavit.
1368 4317 1399 4371 ln
1414 4331 1467 4388 qua
1481 4331 1511 4372 re
1525 4314 1640 4371 intendit
1654 4315 1755 4372 nosin·

104 4405 300 4479 asportaverat.
318 4410 443 4484 Dumque
458 4425 489 4465 se
502 4408 657 4465 absentaret
671 4424 687 4463 a
710 4408 837 4476 Domino,
853 4422 904 4463 ve·
957 4415 1073 4473 struere,
1100 4415 1127 4463 et
1137 4407 1271 4463 orandum
1286 4421 1347 4462 esse
1361 4421 1410 4477 pro
1425 4403 1611 4476 delinquente,
1627 4403 1651 4459 si
1665 4403 1755 4477 poeni·

104 4495 144 4553 nit
168 4496 285 4553 ftomam
298 4497 333 4553 ad
347 4497 461 4553 Paulum
486 4496 515 4552 in
537 4512 657 4554 carcere.
673 4496 768 4569 ibique
791 4503 903 4567 accepto
953 4495 1045 4563 tuerit,
1062 4502 1089 4552 et
1102 4495 1273 4568 parcendum
1287 4509 1349 4550 esse
1364 4493 1410 4566 (ab
1425 4508 1458 4549 eo
1473 4492 1519 4564 qui
1533 4491 1618 4549 habet
1630 4499 1753 4564 potesta·
1784 4537 1786 4540 ,

102 4585 188 4644 verbo
216 4583 288 4653 ndei,
327 4585 441 4642 aPaulo
456 4585 659 4656 baptizatusast
684 4583 902 4657 ministravitque
952 4584 1019 4655 tem)
1033 4582 1211 4657 delinquenti,
1229 4582 1252 4638 si
1266 4582 1301 4639 ad
1313 4579 1532 4638 misericordiam
1546 4579 1713 4655 confugerit.

478 4944 784 5044 aPISTOLh
812 4943 894 5041 hl)
934 4940 1363 5046 PHILEMONEM.

139 5169 267 5228 «Paulus
290 5169 396 5227 rinctus
419 5169 519 5227 Christi
533 5171 606 5240 lesu,
623 5178 649 5227 et
663 5170 822 5227 Timotheus
842 5168 899 5225 fra·
955 5167 1103 5226 «cbristo.
1136 5166 1245 5225 Gratias
1273 5181 1326 5240 ago
1354 5167 1412 5222 Deo
1426 5179 1498 5232 meo,
1516 5179 1625 5237 semper
1642 5181 1752 5223 memo·

103 5268 179 5330 «ter,
210 5258 371 5325 Philemoni,
395 5259 496 5316 dilecto
516 5259 631 5329 adjutori
645 5268 748 5329 nostro,
764 5266 791 5314 et
804 5257 899 5330 Appiae
955 5257 1054 5313 «riam
1081 5258 1119 5313 tui
1147 5257 1249 5315 faciens
1271 5255 1300 5311 in
1330 5253 1498 5311 orationibus
1525 5253 1605 5323 meis,
1638 5255 1754 5311 audiens

102 5373 115 5398 ι
131 5347 221 5407 sorori
249 5347 417 5405 charissima
444 5356 472 5404 et
497 5348 636 5421 Archippo
655 5346 832 5404 commilitoni
845 5361 898 5402 no·
954 5346 1140 5402 «charitatem
1157 5354 1241 5414 tuam,
1256 5352 1282 5401 et
1296 5343 1379 5400 fidem
1392 5358 1473 5415 quam
1490 5341 1577 5398 habes
1591 5341 1620 5398 in
1634 5342 1753 5398 Domirm

10 5436 11 5439 ’
103 5455 116 5490 ι
132 5444 200 5506 stro,
217 5444 244 5494 et
255 5435 388 5494 Ecclesia
401 5453 461 5510 quaa
470 5435 498 5492 in
512 5437 594 5494 domo
606 5444 652 5493 tua
666 5444 718 5493 est.
740 5433 833 5492 Gratia
846 5449 895 5492 ro·
954 5454 966 5485 ι
983 5434 1057 5503 lesu,
1074 5443 1101 5492 et
1113 5434 1141 5490 in
1157 5450 1253 5490 omnes
1282 5440 1402 5501 sanctos,
1419 5439 1449 5488 ut
1464 5430 1678 5489 communicatio
1690 5429 1756 5487 fidei

102 5542 117 5578 ι
129 5523 172 5582 bis
201 5532 228 5585 et
241 5539 295 5599 par
317 5539 337 5583 a
347 5525 407 5584 Deo
429 5525 509 5584 Patre
529 5532 635 5596 nostro,
655 5530 683 5583 et
703 5523 898 5583 nominatam
953 5543 967 5575 ι
984 5530 1038 5580 tuae
1065 5522 1178 5581 andans
1202 5521 1231 5579 in
1259 5522 1399 5598 spuitione
1426 5518 1516 5578 omnis
1538 5517 1634 5593 operis
1647 5518 1715 5578 bani
1727 5519 1756 5576 in
