3742 5986
170 150 223 206 ild
419 150 448 207 S.
477 148 655 210 BRUNONIS
682 151 1005 211 CARTHUSlANORUM
1034 153 1277 216 tNSttTtJtoms
1306 155 1382 216 OPP.
1411 160 1500 219 rans
1527 163 1562 219 ll.
1677 183 1680 195 “
1760 167 1816 224 lid

170 279 228 328 tum
242 273 293 329 erit
303 274 455 343 jumentum
478 276 551 348 quod
576 277 705 333 ascendet
730 277 922 347 Antichristus,
939 277 1002 342 idA
1016 285 1058 336 tas
1072 280 1135 336 lidei
1152 290 1179 337 et
1194 283 1378 341 Christianum
1396 285 1542 358 imperium
1560 287 1613 357 fiat
1626 289 1660 346 de
1672 289 1778 358 medio,
1788 291 1817 349 id

172 368 213 416 est
226 360 361 429 infideles,
377 363 424 435 qui
438 364 560 420 membra
575 365 732 421 Antichristi
742 366 866 422 certatim
874 367 902 420 in
917 367 968 421 de·
1019 377 1059 424 est
1074 369 1209 427 sublatum
1235 372 1375 429 auferatur
1397 375 1431 431 de
1445 377 1648 432 communitate.
1665 378 1707 432 Ab
1727 394 1761 435 ea
1776 379 1816 434 si-

106 445 110 456 “
171 458 319 515 structione
334 458 396 515 fidei
410 470 591 531 cooperentur
605 462 651 517 tali
666 463 756 533 capiti,
774 470 800 518 ει
814 462 897 529 iacta,
917 463 968 519 bec
1017 456 1169 514 militudine
1199 460 1300 516 dictum
1330 471 1387 529 0⁵21.
1413 479 1467 535 qut
1488 464 1603 520 dicimus
1629 483 1635 519 τ
1660 465 1710 522 Hic
1732 467 1816 523 homo

172 545 340 604 discessione
350 549 440 605 veniet
453 550 636 605 Antichristus
651 549 678 604 in
694 566 742 605 sua
757 551 966 622 opportunitate.
1017 555 1141 602 mortuus
1163 547 1251 604 luctus
1274 559 1315 604 est
1337 551 1372 606 de
1396 552 1497 619 medio,
1525 553 1553 608 id
1576 562 1618 609 est
1642 554 1764 609 sublatus
1778 554 1814 610 de

173 635 228 691 Sed
242 635 265 690 si
279 636 360 692 modo
384 637 487 693 veniret
509 638 620 706 mundo,
645 638 790 694 obediente
813 656 846 695 ex
871 640 968 708 majori
1018 635 1211 692 communitate
1233 639 1383 693 hominum.
1399 640 1448 695 Vel
1463 640 1501 695 ita
1517 658 1524 694 :
1540 642 1739 700 Tantummodo
1760 644 1815 700 hoc

171 731 249 795 parte
263 724 386 790 Romano
409 725 528 796 pontifici
549 725 577 780 in
591 726 693 782 unitate
717 725 790 795 fidei,
816 735 842 782 et
858 728 969 798 regibus
1017 725 1335 781 moraturAutichristum
1346 730 1380 783 at
1390 730 1439 800 qui
1450 745 1527 785 nunc
1539 734 1618 786 tenet
1628 731 1813 786 Christianum

103 839 109 846 ·
173 811 333 867 Christianis
355 813 445 869 adhuc
469 813 551 869 fidem
577 815 723 880 tuentibus,
739 815 901 885 imparatum
916 815 968 870 ha·
1018 811 1162 882 imperium
1172 821 1198 869 et
1208 814 1336 870 unitatem
1348 815 1420 882 lidei,
1433 821 1529 873 teneat
1538 818 1589 875 hoc
1599 819 1704 886 tandiu,
1715 820 1814 888 denec,

172 899 249 956 beret
259 901 421 970 jumentum,
438 902 510 974 quod
526 902 695 970 ascenderet,
712 911 739 958 et
752 918 807 958 non
822 919 872 959 suo
886 904 969 959 modo
1017 899 1153 971 iniquitas,
1171 917 1231 973 quae
1245 904 1326 959 modo
1337 912 1378 960 est
1388 905 1438 960 sub
1448 907 1588 978 mysterio,
1605 908 1657 976 fiat
1667 909 1702 965 dc
1712 909 1814 977 media,

170 989 305 1062 prolicere
320 999 422 1061 posset.
448 988 563 1058 Quando
579 998 670 1046 tamen
686 989 777 1044 lutura
791 999 833 1046 est
848 990 894 1045 illa
909 991 968 1046 dis·
1017 988 1045 1044 id
1058 997 1100 1043 est
1113 989 1148 1044 de
1162 992 1363 1059 communitate,
1379 1001 1407 1046 ut
1429 994 1498 1050 sicut
1514 995 1596 1051 modo
1611 994 1679 1052 tides
1694 997 1723 1051 in
1736 1011 1817 1052 com·

173 1077 261 1133 cessio
274 1078 301 1132 iu
325 1078 390 1133 sede
404 1078 477 1133 beati
501 1078 583 1144 Petri,
609 1079 660 1134 etsi
679 1078 706 1132 in
722 1079 825 1149 paucis,
842 1078 911 1135 tides
926 1087 967 1133 ta·
1018 1077 1092 1131 muni
1108 1085 1158 1144 est,
1181 1078 1310 1152 iniquitas
1332 1081 1360 1135 in
1375 1081 1492 1149 occulto,
1513 1083 1552 1139 sic
1576 1083 1604 1137 in
1621 1090 1742 1155 tempore
1756 1087 1816 1140 Au-

172 1182 236 1221 men
250 1166 416 1237 perdurabit.
434 1164 514 1234 Quod
529 1166 717 1222 dicuutsancti
728 1167 879 1223 obtinuisse
894 1167 969 1222 illam
1018 1164 1132 1221 tiehristi
1148 1166 1217 1222 fides
1239 1168 1274 1222 sit
1296 1169 1324 1224 in
1344 1169 1461 1236 occulto,
1485 1170 1611 1243 iniquitas
1625 1172 1652 1226 iu
1667 1173 1815 1243 comnmni,

173 1254 324 1310 orationem
339 1254 448 1324 Christi,
464 1254 499 1310 de
521 1271 574 1326 qua
594 1256 673 1311 Petro
686 1255 724 1309 ait
740 1273 747 1310 :
766 1277 777 1306 r
795 1257 855 1328 Ego
878 1272 927 1326 pro
942 1263 968 1310 te
1018 1253 1080 1325 quia
1094 1255 1218 1310 membra
1243 1255 1378 1325 ejus*nou
1401 1257 1462 1328 plus
1477 1259 1637 1314 embescent
1656 1267 1747 1316 actum
1762 1261 1816 1316 im·

172 1343 279 1416 rogavi,
291 1344 381 1413 Patre,
392 1351 422 1398 ut
431 1358 485 1398 non
494 1342 602 1398 deliciet
610 1342 678 1399 sudes
688 1352 732 1398 tua
738 1346 813 1414 (bac.
825 1359 899 1410 xxu,
911 1344 966 1414 32).
1017 1341 1124 1412 pietatis
1138 1359 1218 1415 quarn
1231 1344 1348 1414 pietatis,
1369 1353 1397 1400 et
1411 1345 1456 1417 qui
1472 1344 1553 1402 fidem
1567 1347 1694 1414 habeant,
1707 1349 1816 1419 paucis·

208 1431 262 1486 Alii
276 1440 373 1487 vocant
396 1431 593 1488 discessionem
608 1431 649 1503 (ut
663 1433 697 1488 de
715 1432 840 1488 saecutari
854 1432 968 1503 imperio
1018 1428 1080 1485 simi
1094 1439 1182 1486 crunt.
1198 1432 1233 1486 Et
1254 1439 1317 1488 tunc
1338 1441 1484 1505 postquam
1505 1434 1551 1490 hic
1565 1435 1612 1506 qui
1627 1451 1700 1493 nuuc
1713 1436 1816 1492 detinet

174 1521 291 1591 taceant)
307 1520 416 1592 quaudo
431 1519 556 1575 homines
570 1520 604 1574 ab
620 1520 723 1576 unitate
739 1519 802 1575 iidei
816 1520 966 1590 discedent,
1017 1534 1090 1584 eum,
1114 1518 1253 1576 auferetur
1275 1520 1310 1576 de
1334 1521 1433 1591 medio,
1457 1523 1501 1578 vel
1522 1530 1664 1595 postquam
1684 1523 1814 1596 iniquitas

174 1616 201 1664 et
210 1608 333 1664 diversas
347 1608 451 1663 erroris
465 1608 523 1664 vias
537 1608 734 1680 ingredientur,
747 1616 809 1665 tunc
819 1609 910 1664 veniet
923 1623 1004 1691 as-13
1018 1605 1064 1661 liet
1074 1607 1109 1662 de
1119 1608 1220 1677 medio,
1233 1607 1617 1681 tuac,inquam,reuelabitur
1626 1612 1677 1668 itis
1686 1613 1813 1687 iniquus,

111 1743 115 1750 ,
174 1711 273 1752 censor
286 1695 468 1751 Antichristus
488 1703 574 1752 strato
593 1697 716 1765 jumento
732 1696 805 1767 quod
827 1695 967 1752 ascendat.
1019 1696 1731 1770 quernDominuslesusiaterficietSpirituors'ssui.
1743 1701 1815 1757 Dicit

172 1784 243 1853 Nisi,
254 1784 375 1856 inquam,
387 1785 513 1856 primum
523 1785 632 1841 uenerit
642 1785 784 1852 discessio,
794 1787 821 1841 et
832 1784 903 1840 lacta
913 1784 969 1839 dis·
1019 1783 1116 1838 heatus
1130 1784 1292 1840 Ambrosius
1306 1787 1400 1841 lesum
1415 1784 1626 1858 sefosteusurum
1636 1787 1814 1855 Antichristo,

174 1872 298 1929 cessione
319 1873 461 1929 revelatus
483 1873 583 1943 suerit,
607 1872 652 1942 qui
675 1872 757 1928 modo
780 1872 902 1928 occultus
928 1879 971 1927 εει
1018 1871 1814 1948 etclamentessosslesu,interficieturhicimpius;sed

173 1959 266 2016 homo.
283 1959 385 2015 Contra
408 1960 460 2015 hoc
486 1959 559 2031 quod
583 1959 707 2016 dictums
722 1966 771 2028 est,
789 1959 875 2015 Deum
890 1967 970 2015 vocat
1018 1955 1083 2028 quid
1098 1956 1236 2024 clamabit,
1261 1958 1407 2014 nescimus.
1432 1958 1531 2015 Dicunt
1551 1959 1597 2015 alii
1610 1961 1685 2031 quod
1699 1959 1814 2016 llichael

174 2064 236 2103 euru
250 2047 399 2114 hominem,
416 2048 450 2101 ab
466 2047 539 2102 omni
554 2047 654 2101 deitate
669 2047 798 2102 alienum.
816 2049 910 2115 Homo,
926 2047 970 2101 in·
1018 2042 1077 2099 solo
1101 2051 1202 2100 terrore
1228 2061 1277 2100 suo
1299 2045 1490 2102 interfecturus
1517 2047 1552 2102 sit
1576 2048 1648 2104 bunc
1672 2047 1813 2104 Antichri-

175 2152 265 2209 quam,
280 2136 401 2207 peceati,
414 2134 478 2206 quia
493 2134 563 2191 sicut
577 2135 698 2190 Christus
708 2136 789 2191 bomo
803 2135 919 2204 iustitiae,
930 2135 970 2192 sic
1019 2138 1099 2186 stum.
1115 2133 1194 2188 lesus
1214 2133 1324 2205 quidem
1343 2133 1487 2191 interficiet
1509 2151 1582 2202 eum,
1608 2143 1636 2191 et
1652 2143 1751 2207 postea
1765 2135 1813 2192 de·

173 2223 225 2279 iste
241 2224 321 2279 totius
336 2222 460 2294 peccati;
477 2223 592 2292 etfilias
600 2223 781 2295 perditionis,
793 2223 820 2278 id
833 2232 875 2278 est
887 2223 969 2294 geni·
1019 2226 1105 2275 struet
1119 2236 1181 2275 eum
1196 2221 1353 2277 damnatum
1368 2231 1395 2278 et
1410 2222 1437 2277 iu
1453 2238 1567 2295 corpore
1582 2231 1609 2279 et
1623 2223 1651 2278 in
1662 2224 1773 2280 anima.

173 2319 217 2367 tus
230 2312 264 2367 ad
279 2311 458 2383 perditionem
482 2326 603 2378 suorum,
627 2311 698 2366 sicut
722 2311 843 2366 Christus
866 2312 901 2366 ad
916 2311 970 2366 sal·
1053 2308 1253 2365 Destruetdico
1264 2310 1459 2367 illustratione
1469 2311 1606 2369 macretas
1618 2313 1672 2378 sui,
1688 2313 1717 2368 id
1727 2320 1812 2369 esteo

174 2381 310 2468 titionem
329 2399 481 2468 justomm3
497 2399 543 2471 qui
564 2398 645 2454 etiam
668 2407 694 2453 et
716 2398 826 2454 nomine
847 2406 873 2455 ει
887 2414 970 2470 opere
1019 2396 1180 2452 adveniente
1195 2397 1230 2452 ad
1242 2397 1373 2467 judicium
1387 2400 1415 2454 iu
1430 2416 1529 2472 magna
1543 2400 1677 2456 claritatis
1690 2400 1812 2457 illustra·

174 2489 341 2545 adversatur
352 2487 470 2543 Christo.
488 2487 564 2543 Unde
579 2495 606 2542 et
619 2487 800 2543 Antichristus
814 2487 968 2554 vocabitur;
1018 2484 1102 2541 tione.
1112 2487 1181 2542 hum
1191 2486 1253 2542 dico
1262 2487 1545 2559 adveatas‚cujusest
1555 2489 1711 2546 seeundum
1720 2505 1814 2562 opera·

174 2584 201 2633 et
215 2576 262 2650 qui
276 2577 430 2633 extollitur
438 2592 525 2647 supra
540 2591 622 2631 amne
632 2576 703 2649 quod
713 2576 820 2632 dicitur
838 2578 920 2641 Deus,
941 2575 969 2630 id
1019 2574 1125 2630 tunam
1143 2575 1278 2642 Satanoe;
1294 2574 1355 2647 quia
1370 2576 1439 2632 sicut
1449 2576 1572 2632 Christus
1582 2578 1741 2648 operatione
1752 2577 1813 2649 Spi-

175 2673 217 2721 est
232 2665 306 2737 quod
319 2663 499 2735 nuncupative
520 2665 593 2719 Deus
608 2662 718 2731 dicitur,
735 2672 762 2719 et
774 2680 831 2719 non
846 2672 887 2719 est
902 2664 969 2718 sub·
1018 2661 1085 2716 ritus
1100 2662 1196 2729 sancti,
1216 2661 1255 2718 sic
1268 2662 1320 2718 iste
1339 2663 1488 2719 secundum
1506 2664 1692 2735 operationem
1708 2665 1814 2722 &tana

92 2761 101 2775 '
175 2752 345 2819 stantialiter,
361 2760 390 2806 ut
405 2760 467 2807 sunt
489 2751 586 2820 sancti,
609 2752 758 2808 secundum
773 2752 840 2807 illud
856 2766 863 2806 ε
881 2775 892 2800 a
909 2752 969 2825 Ego
1018 2749 1153 2805 adveniet.
1181 2751 1378 2822 operationem
1399 2751 1461 2808 dico
1482 2768 1563 2824 quarn
1584 2752 1707 2809 facturus
1725 2755 1813 2810 estin

173 2840 230 2897 dixi
246 2856 252 2895 :
269 2840 312 2896 Dii
328 2840 393 2896 estis
409 2841 497 2913 (Prot.
508 2855 590 2907 xxm,
607 2841 634 2910 6)
653 2855 659 2894 :
679 2863 690 2890 ε
706 2839 758 2909 Qui
769 2840 850 2896 etiam
861 2839 969 2896 extolli·
1018 2839 1221 2909 omnivirtute,
1233 2837 1375 2895 scilicetin
1385 2841 1813 2916 sianisetprodipiisfiiguami·

173 2936 219 2986 tur
232 2945 313 3001 supra
327 2944 407 2985 omne
422 2927 494 3002 quad
503 2930 608 2985 colitur
622 2929 704 2998 Deus,
717 2936 818 2985 etvere
828 2930 902 2983 Deus
917 2935 968 2984 est.
1017 2941 1093 2993 nora,
1118 2926 1245 2998 prodigia
1264 2935 1361 2994 vocat3
1377 2928 1489 2997 majora,
1511 2929 1648 2986 miracula.
1671 2929 1765 3005 Signis
1787 2937 1814 2986 et

173 3017 328 3085 Extollitur,
338 3019 422 3074 itaut
434 3017 528 3080 sedeat
538 3018 569 3072 ia
580 3019 684 3090 temple
694 3017 744 3073 Dei
759 3017 804 3087 (ad
812 3016 929 3072 litteram
939 3017 968 3073 in
980 2979 1004 3041 ⁰
1018 3014 1153 3087 prodigiis
1176 3015 1238 3071 dico
1264 3016 1454 3083 mendacibus,
1479 3016 1523 3073 vel
1546 3017 1678 3089 quianon
1692 3026 1773 3075 erunt
1785 3018 1813 3074 in

173 3106 357 3179 Hierusalem)
376 3106 404 3161 in
428 3121 483 3178 quo
509 3104 632 3161 Christus
656 3105 756 3171 docuit,
786 3120 915 3162 asserens
938 3121 968 3162 se
1018 3102 1059 3156 rei
1072 3103 1196 3173 veritate,
1215 3103 1264 3159 sed
1278 3104 1324 3171 ita,
1341 3119 1389 3175 per
1398 3104 1543 3175 magicam,
1559 3105 1724 3162 videbuntur
1739 3121 1810 3163 esse.

173 3211 236 3252 esse
249 3211 344 3251 verum
369 3195 465 3260 Deum,
486 3194 622 3249 Christum
636 3200 727 3250 autern
742 3193 826 3250 luisse
836 3194 967 3266 decepto·
1018 3191 1068 3248 Vel
1082 3190 1273 3260 mendacibus,
1289 3193 1362 3263 quia,
1379 3192 1430 3248 etsi
1444 3192 1575 3249 miracula
1589 3209 1655 3251 vera
1669 3193 1733 3263 siut,
1749 3195 1812 3252 ideo

174 3300 233 3340 reru
247 3291 274 3340 et
287 3298 409 3357 magum.
426 3282 524 3339 Sedeat
538 3282 599 3339 dico
622 3283 649 3337 in
678 3281 779 3354 templo
794 3283 854 3350 Dei,
871 3288 968 3340 ostem
1017 3287 1108 3336 tamen
1120 3280 1274 3349 mendacia,
1292 3280 1353 3352 quia
1368 3281 1442 3353 quod
1456 3280 1574 3352 probare
1589 3281 1742 3351 intendunt,
1758 3282 1812 3339 exi·

174 3373 243 3429 deas
257 3373 373 3429 sesicut
387 3371 969 3446 sitDeas.Nisi‚inquam,haeesigaaprae-
1017 3376 1061 3424 tus
1082 3368 1122 3424 rei
1143 3367 1241 3425 falsum
1255 3369 1391 3440 probavit,
1415 3370 1610 3426 Antichristum
1626 3369 1731 3428 scilicet
1757 3386 1811 3428 uon

174 3460 317 3528 cesserint,
332 3475 387 3515 nou
402 3461 479 3531 prius
497 3459 608 3515 instabit
631 3461 691 3515 dies
711 3460 828 3516 Domini.
855 3462 890 3515 Et
903 3476 967 3517 cre·
1017 3473 1079 3513 esse
1092 3458 1195 3524 Deum;
1211 3457 1247 3513 ad
1263 3457 1335 3529 quod
1357 3457 1527 3528 probandum
1550 3458 1682 3516 miracula
1695 3473 1814 3531 praeees-

174 3549 240 3606 dere
256 3548 336 3606 etiam
352 3548 457 3604 debetis
478 3563 533 3604 non
555 3547 634 3604 aliter
647 3548 747 3604 instare
761 3548 834 3604 diem
848 3547 966 3615 Domini,
1018 3555 1118 3601 serant.
1135 3545 1195 3600 Erit
1206 3546 1289 3602 etiam
1302 3546 1435 3602 adventus
1451 3547 1509 3616 ejus
1519 3547 1551 3603 in
1560 3548 1639 3603 omni
1648 3547 1811 3605 seductione

173 3635 770 3711 quiaaonretinetismemoriter,quodcum
780 3637 968 3693 adhaeessem
1017 3633 1190 3707 iniquitatis,
1206 3633 1270 3706 quia
1293 3635 1368 3689 omni
1389 3649 1490 3705 genere
1513 3634 1659 3707 impietatis
1681 3635 1807 3692 seducet.

173 3728 248 3800 apud
261 3743 308 3783 cos
322 3725 447 3781 dicebam
469 3725 543 3780 uobis
555 3725 614 3780 haec
628 3739 800 3795 praecessura
817 3739 879 3779 esse
894 3724 967 3780 diem
1016 3722 1183 3779 seductione
1199 3722 1260 3777 dico
1274 3722 1345 3778 lacta
1355 3723 1398 3778 his
1408 3724 1456 3795 qui
1465 3728 1596 3794 pereunt,
1610 3723 1673 3796 quia
1683 3724 1749 3794 justi
1757 3739 1812 3780 nou

173 3813 292 3870 Domini.
309 3814 340 3868 ln
356 3828 389 3867 eo
403 3811 476 3884 quod
486 3811 534 3878 ait,
546 3827 611 3867 cum
620 3812 712 3867 adhuc
721 3828 821 3877 essem,
834 3810 968 3885 significat
1017 3811 1192 3867 seducentur.
1208 3811 1323 3866 Pereunt
1337 3810 1442 3878 merito,
1454 3811 1565 3884 eoquod
1574 3827 1633 3868 aon
1642 3815 1812 3886 receperunt

173 3917 203 3958 se
218 3900 293 3958 circa
302 3901 397 3955 horam
407 3900 545 3956 discessus
555 3899 597 3954 sui
607 3900 666 3955 haec
677 3899 824 3956 tradidisse
833 3899 895 3956 illis.
908 3902 967 3956 llos
1016 3899 1188 3955 charitatem
1203 3899 1344 3965 ueritatis,
1368 3897 1396 3953 id
1416 3905 1458 3954 est
1473 3898 1609 3955 Christum
1624 3899 1672 3972 qui
1686 3908 1728 3956 εει
1742 3915 1812 3973 pura

173 3988 245 4045 enim
259 3995 317 4044 erat
332 3986 408 4042 Pauli
420 3986 449 4042 in
462 3985 558 4058 primis
573 3986 772 4058 simplicitatem
782 3970 966 4044 Ecclesiamm
1016 3986 1126 4054 veritas,
1143 3994 1169 4042 et
1183 3987 1211 4041 in
1228 4002 1282 4059 quo
1300 3993 1376 4041 tauta
1399 3985 1516 4042 ebaritas
1539 3997 1568 4044 ut
1581 3988 1610 4044 in
1624 3996 1741 4046 mortem
1755 3998 1811 4047 tra·

173 4076 341 4150 simplicibus
354 4073 447 4133 lovere
464 4074 652 4145 documentis;
668 4075 727 4145 sed,
744 4075 797 4131 illis
808 4076 865 4145 jam
879 4076 967 4148 perte·
1017 4075 1094 4131 deret
1108 4090 1139 4131 se
1153 4091 1203 4148 pro
1219 4075 1307 4131 nobis.
1322 4074 1383 4130 Non
1398 4085 1567 4146 receperunt,
1583 4081 1617 4133 ut
1627 4078 1701 4135 salui
1708 4079 1811 4148 fierem

171 4165 216 4234 tis,
233 4181 321 4239 eoque
336 4164 443 4221 volente
456 4164 602 4231 recedere,
618 4171 682 4221 tuuc
697 4165 814 4237 primurn
828 4164 966 4222 revelabat
1016 4179 1066 4234 per
1081 4180 1152 4234 eum,
1169 4179 1273 4237 erquo
1296 4164 1384 4219 omnis
1404 4164 1488 4219 salus.
1504 4165 1539 4221 Et
1562 4165 1623 4222 ideo
1637 4165 1701 4238 quie
1714 4166 1810 4223 nolue-

172 4254 226 4310 illis
241 4254 346 4311 occulta
360 4252 551 4326 mysteriomm
565 4252 625 4309 Dei.
1015 4259 1076 4306 runt
1089 4251 1188 4308 salvari
1198 4254 1296 4310 mittet
1304 4255 1364 4310 iltis
1373 4256 1446 4311 Deus
1455 4254 1647 4327 operationem
1655 4255 1772 4321 erroris,
1783 4253 1810 4309 id

206 4343 289 4399 Facta
302 4341 471 4399 discessione
483 4341 575 4398 veniet
587 4341 779 4410 Antichristus,
791 4345 820 4398 et
835 4342 902 4416 qaid
912 4333 1000 4400 hoel)
1016 4347 1059 4396 est
1073 4356 1216 4396 erroneum
1230 4350 1400 4413 operatorem
1420 4341 1625 4409 Antichristum,
1640 4346 1675 4398 at
1690 4343 1810 4401 credant

172 4430 207 4487 sit
221 4432 295 4503 quod
309 4446 387 4486 nanc
402 4430 529 4488 detineat
538 4446 610 4498 eum,
625 4447 660 4487 ne
675 4430 710 4487 ad
724 4446 848 4502 praeseus
862 4430 963 4500 veniat,
1015 4430 1171 4498 mendacio,
1183 4437 1210 4485 et
1220 4431 1434 4503 adjudicentur,
1446 4430 1473 4485 id
1484 4429 1810 4501 estdamnentur,emaea

170 4533 221 4576 vos
230 4519 300 4575 bene
308 4521 396 4586 scitis,
409 4520 461 4576 hoc
471 4519 574 4576 scilicet
583 4519 686 4575 detinet
695 4534 766 4585 eum,
778 4523 811 4574 ut
823 4519 965 4576 reueletur
1014 4519 1063 4590 pai
1076 4534 1136 4574 aon
1145 4519 1265 4575 credunt
1275 4519 1399 4586 ceritati,
1409 4519 1436 4574 id
1447 4527 1489 4575 est
1498 4519 1626 4587 Christo;
1641 4519 1689 4577 sed
1696 4534 1812 4578 sensen-

170 4607 203 4664 in
217 4623 277 4677 sao,
292 4607 320 4663 id
341 4615 383 4664 est
402 4607 430 4663 in
453 4607 504 4663 sibi
529 4615 684 4679 opportuno
705 4610 849 4678 tempore,·
865 4607 914 4662 sed
929 4605 963 4674 si,
1014 4610 1115 4663 serant
1128 4607 1287 4680 iniquitati,
1303 4607 1331 4662 id
1346 4615 1386 4664 est
1400 4607 1565 4664 Antichristo

170 4696 285 4753 durante
298 4697 401 4752 unitate
416 4695 479 4752 lidei
494 4704 520 4752 et
534 4696 686 4752 Christiano
706 4693 832 4766 imperio,
846 4695 962 4763 veniret,
1051 4693 1120 4763 Quia
1134 4694 1241 4751 dixerat
1263 4695 1389 4768 superius
1411 4704 1553 4753 venturum
1569 4695 1766 4755 Antichristum
1779 4699 1811 4754 in

169 4785 198 4840 in
211 4801 261 4842 suo
275 4800 331 4841 nou
354 4792 475 4857 tempore
498 4783 676 4840 revelaretur.
697 4784 770 4839 Vere
783 4781 811 4837 in
827 4798 876 4838 suo
891 4792 963 4839 tem·
1014 4785 1092 4840 omni
1100 4786 1205 4841 uirtute
1214 4783 1356 4856 signorum
1366 4792 1393 4841 et
1401 4784 1599 4857 prodigiorum,
1609 4790 1638 4843 et
1647 4788 1680 4843 in
1689 4787 1811 4844 omnise-

168 4889 234 4945 pore
256 4872 429 4939 revelabitur,
446 4889 515 4929 nam
534 4872 614 4928 etiam
628 4873 692 4943 jam
706 4886 761 4929 non
775 4887 824 4927 suo
840 4879 963 4943 tempore
1014 4872 1157 4943 ductione,
1173 4880 1202 4927 ut
1216 4872 1378 4928 damnentur
1392 4888 1487 4929 omues
1507 4889 1563 4930 uon
1577 4874 1722 4930 credentes
1735 4873 1809 4931 veri-

170 4965 306 5033 operatar
319 4963 486 5034 mysterium
509 4961 690 5033 iniquitatis,
712 4960 797 5016 idest
819 4959 963 5033 mysticam
1013 4960 1069 5028 tati,
1086 4960 1135 5016 sed
1156 4960 1357 5016 consentientes
1381 4960 1527 5033 iniquitati,
1550 4978 1585 5018 ne
1608 4961 1636 5018 in
1657 4961 1701 5017 his
1717 4961 1809 5018 verbis

169 5056 196 5104 et
216 5048 334 5104 velatam
357 5049 535 5120 iniquitatem,
560 5064 609 5119 per
638 5048 762 5105 membra
784 5048 962 5119 praecedentia
1013 5048 1217 5104 deterrerentur
1238 5048 1285 5118 illi,
1315 5048 1441 5106 timentes
1453 5050 1526 5106 huno
1541 5065 1603 5107 esse
1624 5057 1769 5106 venturum
1782 5049 1810 5105 in

168 5137 221 5192 hoc
241 5134 389 5192 nefandum
411 5146 498 5209 caput.
525 5138 727 5193 Tantummodo
746 5138 800 5194 hoo
823 5136 963 5193 residuum
1012 5135 1110 5192 diebus
1137 5136 1203 5203 suis,
1223 5153 1306 5208 super
1329 5138 1381 5194 hoc
1405 5138 1560 5195 consolatur
1574 5154 1623 5194 eos
1637 5139 1747 5207 Paulus,
1764 5138 1808 5194 di-

169 5224 255 5282 estad
269 5224 460 5281 revelationem
482 5226 551 5295 ejus,
567 5229 600 5282 at
615 5227 662 5298 qui
677 5241 754 5281 nunc
771 5229 857 5293 tenet,
880 5224 963 5281 idest
1013 5239 1079 5280 cens
1093 5240 1148 5281 non
1163 5240 1210 5282 eos
1235 5224 1342 5281 visuros
1362 5226 1434 5282 diem
1457 5226 1628 5282 Antichristi.
1652 5226 1755 5282 Littera
1768 5226 1809 5282 sic

99 5351 107 5363 .
168 5313 270 5370 detinet
284 5329 356 5382 eum,
371 5329 406 5369 ne
429 5313 527 5383 veniat,
550 5313 655 5370 scilicet
675 5312 857 5369 Christianum
872 5312 961 5385 impe·
1009 5312 1134 5386 jungitur
1150 5328 1156 5368 :
1173 5313 1305 5371 Veniente
1330 5314 1439 5387 quidem
1461 5313 1628 5371 Antichristo
1646 5314 1809 5384 judicabun-

167 5401 238 5459 rium
252 5409 279 5459 ει
287 5400 377 5459 unitam
387 5399 460 5470 fidei,
473 5400 600 5460 detineat
608 5417 670 5458 eum
680 5401 780 5469 madia,
793 5402 890 5471 donec,
901 5400 962 5456 uni·
1013 5408 1057 5457 tur
1085 5402 1287 5460 consentientes
1314 5401 1463 5475 iniquitati;
1478 5418 1530 5460 nos
1551 5406 1649 5461 autem
1679 5402 1810 5462 &bemus
