3742 5986
119 195 170 249 879
549 194 721 253 durcones
739 196 764 250 ιι
782 190 986 252 CARTHUSIAE
1004 189 1152 251 attotus
1168 191 1319 252 entonis.
1729 200 1781 253 880

116 316 265 385 ιιιιιιιιιιι;
281 314 389 372 conlido
404 315 438 370 de
452 316 523 371 itlius
536 317 636 387 pietate
652 334 732 388 quem
747 325 836 382 orant,
848 316 949 388 qniaA
964 331 1107 386 perquem
1122 331 1194 386 oras,
1212 317 1277 389 quid
1299 315 1365 371 illud
1380 313 1454 387 quod
1468 329 1545 382 oras,
1563 315 1633 386 quis
1658 315 1778 390 denique

114 405 174 476 ipse
189 403 269 458 ineis
283 404 420 474 supplebit
430 405 502 474 quod
516 404 569 474 ipsi
584 405 650 459 inse
662 421 716 459 non
727 405 826 460 habent
838 423 845 470 ;
861 419 913 460 nec
964 411 991 456 tu
1006 403 1044 457 sis
1059 402 1104 475 qui
1118 419 1191 459 oras.
1208 405 1238 458 ιιι
1249 402 1415 459 revolutione
1427 401 1527 473 prima,
1539 403 1593 458 Dei
1606 403 1707 459 Patris
1721 420 1778 461 orn·

114 491 215 548 fructui
245 490 375 546 orationis
397 507 493 546 eorum
525 492 712 562 praejudicium
736 491 817 547 saciet
851 491 912 545 talis
962 490 1107 562 uipotentis
1130 490 1295 547 ineffabilem
1318 489 1433 545 intueris
1455 491 1659 559 niaJcstatem;
1677 492 1708 547 in
1732 510 1775 551 sc-

114 579 267 652 ignorantia
281 594 387 633 eorum.
402 579 498 649 Neque
511 578 583 633 euim
603 579 769 635 credendum
784 587 824 634 est
839 578 911 650 quod
961 579 1059 647 cunda,
1077 578 1225 635 Salvatoris
1239 579 1277 634 tui
1296 579 1458 634 immensam
1473 577 1634 648 pietatem3
1652 579 1683 635 in
1699 582 1776 638 tertia

112 667 147 723 ab
163 667 202 723 eis
218 667 339 722 districte
355 666 453 722 debeat
468 666 539 737 erigi
555 667 778 738 quodeisdatum
792 674 908 733 nonest,
961 667 1135 738 tranquillam
1150 668 1295 738 quamdam
1310 665 1462 738 puritatem,
1474 674 1500 720 et
1514 682 1622 738 puram
1639 669 1774 741 tranquil·

113 764 141 811 et
162 755 235 828 quod
264 769 357 810 eorum
381 755 461 808 saluti
485 770 614 825 magnum
636 755 688 810 boc
717 754 909 809 detrimentum
960 753 1128 809 litatemzin
1141 762 1237 826 quarta
1258 754 1397 826 propriam
1420 761 1494 808 tuam
1508 770 1567 826 qua
1592 754 1624 810 in
1648 757 1774 814 cordeet

114 843 221 911 inierat,
237 843 368 913 quianon
384 842 499 896 reddunt
522 841 594 913 quod
609 857 778 913 nequaquam
792 857 908 912 accepe-
959 856 1076 912 corpore
1091 849 1219 897 oneratus
1233 859 1264 898 es
1277 841 1471 897 infirmitatem.
1486 842 1528 896 ιιι
1548 857 1585 897 ιο
1596 843 1680 915 qnod
1695 861 1773 916 supc-

115 940 188 988 runt.
206 930 260 986 Sed
275 930 344 985 sicut
359 929 398 982 illi
420 929 539 1000 aliquam
555 929 668 984 tortasse
683 929 710 982 in
734 929 776 983 his
795 936 909 1001 possunt
960 927 1017 983 rius
1037 928 1164 996 diximus,
1190 929 1251 1000 quia
1276 928 1347 985 scire
1375 928 1456 984 nobis
1486 930 1689 986 necessarium
1722 940 1769 1003 est,

113 1018 316 1076 excusationem
331 1017 442 1083 habere,
459 1002 497 1072 si'c
513 1033 621 1088 quoque
636 1027 663 1071 tu
679 1033 732 1071 non
747 1017 849 1088 poteris
865 1016 908 1070 ni·
960 1014 1054 1085 quales
1068 1032 1120 1071 uos
1143 1025 1204 1087 post
1228 1025 1333 1088 tempus
1355 1015 1488 1074 orationis
1506 1016 1651 1075 exhibere
1668 1019 1770 1077 debea-

113 1107 213 1161 mirum
227 1104 389 1160 excusabilis
405 1121 476 1170 esse,
493 1105 537 1176 qui
553 1121 645 1159 eorum
661 1122 721 1175 qum
735 1103 841 1175 profers
856 1120 908 1159 no·
958 1119 1029 1167 mus,
1045 1104 1097 1159 hoc
1115 1104 1233 1159 breviter
1248 1104 1296 1159 tibi
1319 1103 1446 1171 dicimus,
1462 1105 1509 1176 qui
1524 1105 1673 1163 habitator
1697 1108 1769 1166 cellar

111 1195 196 1249 titiam
212 1202 237 1249 et
252 1193 458 1265 intelligentiam
486 1193 579 1260 trabes,
598 1193 646 1246 sed
661 1194 701 1247 eis
716 1192 857 1247 intendere
872 1192 908 1246 ob
958 1206 998 1245 es.
1016 1190 1129 1261 Oportet
1143 1199 1171 1245 ut
1185 1193 1306 1247 oratioue
1320 1191 1456 1247 celebrata
1479 1193 1609 1264 quandiu
1635 1211 1691 1266 per
1705 1211 1769 1270 gra·

112 1298 241 1353 maguam
256 1289 328 1336 tuam
353 1280 548 1351 negligentiam
563 1296 618 1335 non
642 1296 733 1334 curas.
759 1279 843 1351 {gitur
857 1295 908 1350 ap·
958 1277 1022 1332 tiam
1039 1278 1088 1332 Dei
1103 1279 1262 1349 poterimus,
1280 1278 1307 1333 in
1322 1279 1419 1334 eadem
1442 1280 1593 1352 gravitate,
1611 1284 1769 1341 munrinte

110 1386 182 1441 pone
199 1385 245 1425 cor
267 1369 301 1423 iis
324 1386 383 1439 quae
405 1384 453 1422 ore
476 1383 568 1435 sonas,
592 1367 701 1439 quando
723 1368 810 1421 Deum
833 1375 908 1421 tunm
958 1373 985 1420 et
998 1365 1154 1438 integritate
1169 1380 1220 1421 nos
1235 1353 1387 1422 teneamus.
1402 1365 1473 1435 Quia
1488 1367 1512 1422 si
1527 1367 1626 1425 fluxas
1642 1370 1673 1425 in
1689 1372 1769 1429 corde

111 1474 176 1512 oras
193 1473 198 1510 :
216 1473 266 1511 nec
281 1455 368 1510 solum
393 1455 502 1526 <prande
524 1471 604 1509 sonas
621 1463 658 1520 tu,
676 1456 725 1509 sed
750 1463 776 1509 et
799 1455 907 1524 quando
957 1453 1135 1523 cogitationes
1159 1453 1332 1524 suscipimus,
1353 1462 1380 1509 et
1404 1453 1438 1509 ad
1462 1455 1622 1512 cachinnos
1648 1460 1767 1529 etrisus,

110 1545 189 1611 alios,
207 1545 249 1599 vel
264 1543 393 1614 psalmos,
411 1543 454 1597 vel
470 1544 584 1614 hymnus
599 1543 676 1596 audis
700 1558 748 1597 ore
771 1541 903 1612 prolerre.
957 1539 992 1594 ad
1015 1556 1167 1595 venenosas
1195 1541 1379 1596 detractiones
1401 1549 1428 1596 et
1449 1541 1556 1598 otiosas
1581 1543 1768 1603 fabulationes

111 1635 179 1690 Cum
206 1633 234 1686 in
271 1632 355 1686 choro
392 1631 492 1701 aliquid
533 1630 576 1685 vel
613 1631 648 1684 ad
686 1630 807 1700 psalmos
840 1645 943 1721 per-B
959 1628 1049 1682 statim
1061 1629 1191 1695 redimus,
1201 1628 1352 1683 timendum
1362 1629 1441 1684 nobis
1451 1629 1533 1686 valde
1543 1647 1592 1699 ne,
1603 1632 1677 1689 talia
1687 1649 1768 1708 agen·

111 1722 201 1776 tineus
240 1720 335 1782 audis,
377 1718 420 1773 vel
471 1734 534 1773 cum
577 1726 689 1782 cantas,
742 1734 790 1772 seu
833 1726 907 1772 certe
960 1723 1010 1773 tes.
1028 1716 1157 1770 orationis
1172 1724 1272 1771 uostrae
1294 1714 1409 1772 fructum
1433 1718 1597 1788 perdamus.
1626 1721 1768 1778 Imitemur

111 1826 172 1867 cum
198 1807 278 1881 legis,
308 1808 359 1862 hoc
386 1806 457 1860 intra
485 1814 510 1860 te
536 1822 586 1876 per
620 1805 782 1860 intellectum
811 1821 908 1861 verse·
961 1819 1042 1875 quam
1059 1803 1260 1859 solliciteillam
1273 1803 1466 1860 mulieremde
1482 1805 1767 1882 qualcgimus,quod

110 1908 153 1953 tur
168 1895 301 1959 incurde,
319 1895 392 1965 quod
416 1894 534 1949 exterius
559 1910 606 1964 per
630 1909 725 1948 sonum
750 1893 855 1963 prolers
879 1894 907 1947 in
959 1890 1197 1946 crnvitDominum
1207 1892 1768 1965 tlecrtcrpiter,thu'enaiceordeeac:

110 2002 168 2043 cre.
185 1985 253 2040 Cum
267 1998 331 2039 vcro
352 1982 420 2036 alios
444 1982 486 2037 vel
510 1982 601 2037 dicere
623 1997 719 2036 versus
743 1981 908 2051 psalmorum
959 1982 988 2034 et
1003 1979 1076 2033 tabia
1090 1980 1151 2049 ejus
1167 1979 1364 2034 tantammodo
1383 1981 1584 2049 movebantur,
1600 1987 1633 2039 et
1650 2001 1708 2042 uua
1720 2002 1767 2058 pe·

110 2073 199 2140 audis,
224 2089 273 2127 seu
294 2077 413 2134 cantare,
430 2078 475 2124 aut
496 2069 696 2141 catalogum,
713 2069 746 2123 iis
770 2085 830 2140 quae
854 2066 906 2139 ipsi
959 2067 1040 2121 attus
1063 2082 1120 2122 con
1142 2066 1310 2122 audiebatur
1325 2085 1334 2122 r
1349 2067 1499 2138 cultusque
1520 2071 1588 2141 ejus
1613 2087 1678 2128 coa
1701 2077 1768 2130 suat

111 2160 252 2233 proferunt
274 2175 323 2229 per
346 2157 521 2212 intentionem
544 2165 572 2212 tu
585 2158 680 2211 adesto
698 2172 704 2209 :
721 2163 747 2210 et
761 2172 810 2211 cor
831 2164 907 2209 tuum
959 2154 1082 2225 crupitur
1094 2156 1127 2209 ic
1140 2153 1249 2210 diversa
1264 2156 1372 2210 mutati
1386 2154 1413 2225 (ι
1424 2157 1487 2227 bec.
1504 2171 1525 2223 r,
1544 2161 1590 2225 1³,
1610 2159 1672 2228 18).

112 2266 162 2321 per
183 2245 388 2318 intelligentiam
414 2261 476 2300 cum
490 2260 556 2299 aure
572 2244 605 2298 iis
623 2260 741 2315 appone,
759 2260 818 2314 quae
833 2243 908 2313 ipsos

112 2336 191 2392 audis
205 2334 336 2407 prolerre.
349 2335 382 2388 Et
396 2333 448 2388 hoc
462 2340 504 2388 est
517 2333 590 2404 quod
602 2333 657 2401 jam
667 2331 794 2400 diximus,
807 2331 908 2386 debere
1189 2354 1387 2413 CAPITULUM
1398 2355 1529 2415 XXXVI·

112 2424 238 2483 videlicet
252 2431 279 2479 te
300 2421 473 2478 considerare
497 2429 523 2475 et
547 2420 619 2491 quod
642 2435 714 2474 oras.
740 2418 818 2488 Quod
843 2435 908 2475 vero

111 2519 207 2585 quarto
221 2512 282 2567 loco
297 2509 483 2582 posuimus,ut
492 2508 614 2563 attendas
625 2508 728 2564 scilicet
738 2515 764 2563 et
780 2515 804 2562 ιι
819 2507 908 2577 ipsum
958 2521 995 2576 pe
1008 2535 1089 2590 opere
1103 2534 1251 2587 manuum,
1268 2521 1316 2575 cm·
1330 2519 1409 2575 deget
1426 2521 1506 2576 0311oe
1519 2521 1763 2583 inhabitatam

113 2601 246 2672 quiores,
261 2607 324 2653 tune
339 2607 368 2652 tu
389 2597 531 2666 adimples,
557 2595 665 2667 quando
690 2596 777 2650 Deum
801 2595 909 2649 Patrem
995 2588 1119 2655 tendere,
1131 2593 1160 2644 et
1179 2590 1277 2658 quibus
1295 2590 1371 2644 ιιοιίι
1388 2591 1591 2661 spiritualibus
1602 2598 1761 2661 exercitis,

112 2705 162 2760 per
177 2688 273 2742 Filium
288 2702 367 2740 suum
378 2684 513 2740 Christum
527 2684 629 2748 lesum,
647 2683 808 2738 advocatum
822 2691 906 2749 tuum,
994 2664 1022 2784 J
1040 2660 1138 2784 llflllg
1153 2661 1287 2784 ιηιίξξθιθ
1302 2658 1399 2715 ἆθιθαι
1408 2676 1551 2717 mmmm
1564 2680 1582 2716 ⁰
1604 2667 1722 2750 ortem
1734 2671 1762 2723 et

112 2775 196 2833 corde
211 2782 237 2830 et
251 2789 297 2829 ore
313 2773 471 2842 deprecans,
489 2778 602 2841 peccata
617 2778 662 2824 tna
677 2779 703 2824 ιι
717 2769 826 2834 delicta,
844 2769 909 2824 laci·
1012 2745 1059 2800 θ’)
1073 2745 1119 2784 “²⁸²
1137 2730 1582 2802 m⁰²²⁸⁹²¹oe⁰d⁶¹⁴md⁶m⁶⁶l
1638 2737 1761 2793 ccccm

110 2881 178 2921 nora
199 2871 225 2918 et
241 2860 350 2934 flagitia,
366 2867 394 2914 et
418 2858 576 2931 fragilitates
597 2858 705 2925 multas,
731 2864 758 2912 et
780 2873 907 2930 magnas,
992 2803 1150 2872 perum&

108 2953 207 3026 quibus
222 2957 248 3007 et
263 2949 290 3004 in
313 2955 403 3003 mente
419 2955 443 3001 et
463 2946 621 3015 incorpore
645 2944 813 3016 deprimeris,
839 2953 900 3000 ante
994 2939 1045 2993 Diu
1060 2955 1155 2994 sumus
1168 2939 1196 2993 in
1210 2940 1263 2995 hoc
1277 2939 1359 2996 lluvio
1374 2939 1454 2997 tertio
1473 2940 1519 3013 qui
1542 2942 1640 3015 Tigris
1665 2945 1760 3005 dicitnr

108 3049 134 3097 te
158 3042 226 3096 hora
243 3038 290 3092 illa
315 3050 469 3107 congregas
492 3042 518 3090 ιι
540 3049 694 3101 coacervas,
718 3042 743 3088 et
763 3033 904 3104 praeterita
917 3003 941 3065 (ι
955 3026 1098 3092 demorati,
1112 3035 1137 3082 ct
1147 3026 1272 3082 fortassis
1287 3043 1341 3084 nou
1355 3028 1389 3084 ad
1404 3028 1590 3100 insipientiam
1607 3034 1701 3091 uobis.
1713 3036 1758 3091 Est

106 3137 160 3194 tua,
176 3125 322 3199 praesentia
337 3139 455 3195 quoque,
469 3130 549 3193 atque
565 3121 664 3187 lutura,
682 3137 730 3192 pro
745 3137 826 3191 posse
841 3128 903 3176 aute
954 3115 1025 3171 enim
1046 3115 1190 3170 admodum
1213 3115 1278 3171 utile
1301 3115 1359 3176 vibi.
1385 3116 1431 3188 qui
1454 3117 1591 3174 habitator
1616 3121 1696 3178 cellae
1717 3138 1758 3191 es,

106 3213 332 3273 considerationis
349 3220 401 3266 tuae
415 3210 508 3267 oculos
530 3209 619 3280 ponis,
635 3217 663 3263 ut
678 3217 704 3264 ιι
727 3209 799 3264 circa
814 3208 902 3263 inlru·
952 3203 1067 3274 qualiter
1081 3202 1197 3257 orationi
1208 3202 1334 3258 insistere
1344 3203 1446 3259 debeas
1457 3203 1538 3271 scire,
1551 3222 1640 3279 quem
1654 3217 1758 3266 constat

105 3312 226 3361 ctuosam
242 3301 367 3355 arborem
389 3297 503 3362 fodiens,
521 3303 547 3351 et
561 3305 682 3352 stercora
707 3297 826 3361 mittens,
843 3296 902 3351 tru-
952 3291 1014 3346 huic
1029 3290 1161 3362 spirituali
1176 3299 1324 3362 sanctoque
1334 3291 1463 3348 exercitio
1473 3300 1529 3347 tam
1540 3293 1705 3366 frequenter
1717 3298 1757 3354 iu·

104 3401 176 3449 ctum
190 3405 252 3446 eam
266 3388 357 3444 lacere
382 3386 583 3456 compellasse
603 3400 702 3456 agnum
726 3401 816 3440 assum
841 3400 903 3440 cum
953 3378 1076 3434 tendere·
1094 3378 1147 3434 Sed
1165 3379 1223 3446 jam
1237 3377 1272 3434 dc
1287 3377 1368 3434 lluvio
1391 3380 1444 3436 hoc
1467 3380 1549 3436 tertio
1571 3397 1716 3455 exeamus,
1731 3393 1757 3441 ιι

103 3478 216 3536 lactucis
244 3476 399 3550 agrestibus
422 3474 559 3529 comedas.
585 3473 630 3529 Sic
651 3471 802 3528 orationem
827 3480 902 3526 tuam
952 3464 1027 3520 illurn
1044 3466 1078 3534 (si
1092 3465 1140 3520 tibi
1164 3465 1265 3538 placet)
1288 3473 1413 3538 quartum
1437 3467 1581 3523 intremus.
1609 3470 1673 3542 lpse
1696 3473 1756 3545 qui-

102 3570 160 3625 Deo
176 3566 272 3622 reddes
287 3563 424 3635 placitam,
452 3561 491 3618 sic
516 3562 624 3634 signata
647 3561 725 3632 quasi
741 3560 768 3615 in
791 3561 902 3616 sacculo
952 3553 1025 3618 dem.
1043 3554 1195 3624 Euphrates
1211 3561 1328 3620 vocatur,
1344 3553 1390 3625 qui
1414 3553 1495 3609 etiam
1520 3555 1626 3627 etipse
1648 3558 1757 3618 deloco

103 3656 208 3711 habens
222 3653 329 3718 delicta,
344 3651 432 3723 gaude
449 3660 474 3705 et
490 3650 580 3705 laetare
596 3665 646 3720 pro
660 3664 693 3704 eo
709 3649 782 3720 quod
801 3655 902 3703 tuaest
952 3641 1097 3712 voluptatis
1112 3641 1262 3713 egreditur.
1288 3642 1329 3696 De
1352 3656 1406 3712 quo
1431 3657 1509 3699 sacra
1534 3643 1681 3717 Scriptura
1703 3663 1757 3704 uon
1785 3649 1789 3658 '

102 3743 229 3816 iniqnitas
252 3748 355 3796 curata.
381 3739 425 3794 Sic
450 3753 557 3809 quoque
581 3754 642 3794 curn
664 3736 811 3808 publicano
825 3736 901 3808 quia
952 3737 1043 3784 narrat
1067 3728 1140 3800 quod
1173 3729 1291 3801 aliquam
1312 3737 1413 3784 terram
1442 3729 1603 3800 circumeat,
1628 3735 1701 3792 sicut
1722 3735 1756 3792 de

103 3831 186 3903 longe
200 3828 284 3895 stetit,
302 3836 328 3883 et
344 3827 377 3882 ad
401 3825 498 3881 calum
524 3826 618 3881 oculos
638 3825 728 3880 levare
743 3824 837 3893 noluit,
853 3825 901 3879 sed
952 3817 1070 3888 Physon,
1085 3817 1131 3888 qui
1148 3830 1256 3872 ornnem
1276 3824 1376 3871 terram
1391 3816 1498 3873 Evilath
1522 3818 1671 3889 circumit;
1687 3822 1757 3879 siem

102 3926 200 3991 pectus
224 3932 301 3971 suum
323 3913 468 3986 percussit,
493 3913 644 3968 descendes
670 3913 844 3982 postmodum
869 3928 902 3969 ac
952 3905 986 3960 de
1001 3904 1090 3975 Gyon,
1103 3905 1149 3975 qui
1163 3904 1286 3960 circumit
1297 3919 1406 3960 omnem
1417 3912 1515 3960 terram
1527 3906 1676 3980 AEthiopiae
1688 3928 1696 3965 :
1707 3927 1757 3967 nec

103 4013 166 4079 post
180 4003 317 4059 modicum
330 4000 490 4071 justificatus
505 4000 531 4053 in
547 4000 657 4055 domum
667 4007 749 4053 tuam.
762 3999 789 4053 Si
800 4009 899 4067 autem,
952 3993 1025 4065 quod
1041 3992 1121 4048 vadat
1135 4000 1230 4047 contra
1245 3992 1352 4064 aliquos
1366 3992 1493 4064 populos,
1509 3992 1635 4052 sicutde
1649 3996 1758 4072 dloqui

104 4102 133 4151 ut
149 4106 342 4163 nonnunquam
357 4089 517 4161 contingere
540 4087 619 4152 solet,
635 4095 800 4159 suggerente
822 4088 901 4143 hoste
951 4080 1041 4152 Tigris
1056 4079 1164 4145 dicitur.
1181 4080 1226 4152 qui
1240 4080 1313 4136 radit
1336 4088 1433 4136 contra
1455 4080 1597 4153 assyrios.
1622 4083 1680 4141 Sed
1695 4094 1750 4141 tan-

103 4180 224 4253 maligno
240 4179 368 4251 (quicum
384 4192 493 4246 semper
503 4175 689 4231 uobisnocere
700 4175 836 4242 moliatur,
852 4176 900 4230 sed
952 4167 1092 4223 tummodc
1103 4167 1263 4238 simpliciter
1277 4175 1303 4223 et
1318 4167 1593 4237 brevitertFtuciua,
1606 4171 1654 4240 ait,
1670 4190 1755 4246 quar-

104 4269 132 4325 in
147 4267 360 4338 orationequum
374 4265 500 4331 maxime,
514 4271 541 4319 ut
555 4280 663 4319 omnem
678 4264 737 4333 ejus
752 4263 830 4318 nobis
846 4262 902 4317 lru·
952 4260 1006 4322 tus,
1024 4258 1084 4328 ipsc
1097 4259 1141 4311 est
1154 4255 1310 4326 Euphrates
1320 4256 1400 4327 (Gen.
1412 4270 1441 4321 11,
1453 4257 1507 4327 tt).
1518 4256 1690 4317 Ethocidec
1700 4259 1756 4317 lor·

105 4365 177 4415 ctum
193 4355 334 4426 subripiat,
360 4353 438 4408 nobis
454 4352 583 4407 molestus
606 4353 657 4422 est)
673 4352 838 4423 aliquarum
854 4352 898 4406 in·
916 4342 1110 4414 Dtassisquia
1133 4342 1198 4397 utile
1223 4351 1250 4398 et
1270 4341 1438 4399 fructuosum
1459 4359 1591 4399 manuum
1616 4361 1689 4419 opus
1712 4348 1757 4420 (ad

105 4444 212 4502 cumbis
227 4442 342 4498 orationi
358 4441 486 4514 cogitatio
507 4440 610 4505 illicita,
627 4440 734 4511 qualem
758 4439 903 4511 aliquando
954 4430 1028 4503 qtrOd
1048 4430 1123 4499 juxta
1144 4429 1260 4485 nominis
1293 4429 1334 4484 sui
1358 4431 1623 4501 isslrrprtlrliorem.
1643 4433 1757 4492 flurium

105 4533 149 4588 vel
164 4533 214 4597 ira,
231 4532 274 4586 vel
297 4530 454 4594 commotio,
480 4546 528 4583 seu
548 4528 663 4593 vanitas,
680 4528 723 4582 vel
746 4527 901 4595 curiositas,
954 4519 1000 4591 qui
1015 4526 1055 4572 est
1070 4517 1221 4588 Euphrates
1236 4517 1390 4589 referimus)
1410 4518 1497 4590 magis
1521 4527 1563 4575 est
1579 4522 1756 4594 quampluri-

106 4629 152 4676 aut
167 4627 240 4676 certe
255 4618 378 4690 voluptas
393 4632 555 4688 quocunque
575 4616 657 4670 modo
672 4615 780 4680 format,
797 4610 911 4670 ιιιοιιιιθ
954 4605 1005 4660 bus
1034 4620 1187 4672 commune,
1222 4620 1303 4676 <turm
1335 4605 1445 4677 aliquod
1468 4605 1547 4660 trium
1568 4609 1756 4678 probabilium

105 4715 145 4765 ιιι
161 4725 191 4764 se
206 4709 345 4780 ingerens,
361 4707 537 4761 vehementer
551 4713 577 4759 te
587 4703 741 4770 vastaverit,
755 4703 783 4757 in
798 4711 903 4758 tantum
954 4691 1153 4758 exercitiorum.
1169 4692 1203 4747 de
1219 4692 1570 4764 quibushucusque,juxva
1595 4695 1674 4752 illum
1689 4715 1754 4755 sen·

104 4805 133 4852 ut
148 4795 248 4852 mentis
262 4794 297 4848 ab
311 4810 342 4849 ea
357 4809 411 4848 non
426 4792 516 4863 possis
531 4790 639 4847 oculum
654 4799 798 4858 avertere;
814 4790 905 4846 consi·
954 4796 1014 4836 sum
1029 4780 1239 4852 erPOlOttlctfflr,
1261 4780 1410 4836 Secundum
1433 4797 1515 4852 quam
1529 4781 1698 4854 incedimus,
1712 4786 1754 4843 vel

106 4884 170 4939 lium
187 4892 227 4939 est
243 4890 281 4947 ut,
306 4880 465 4935 intermissis
479 4880 538 4934 aliis
554 4878 728 4949 petitionibus
752 4879 848 4950 quibus
862 4877 903 4930 in·
954 4868 1073 4924 Studium
1088 4867 1213 4924 videlicet
1227 4868 1361 4935 lectionis,
1377 4868 1421 4925 vel
1441 4869 1542 4940 parius
1555 4871 1752 4942 meditationis,

106 4973 249 5036 tendebas,
266 4976 360 5025 contra
375 4968 526 5022 molestiam
541 4969 612 5022 hanc
627 4967 727 5021 orando
749 4966 864 5021 viriliter
878 4973 904 5019 tc
954 4957 998 5013 vel
1012 4956 1119 5012 devotio
1137 4955 1274 5011 orationis.
1290 4957 1351 5011 Non
1375 4955 1448 5011 euim
1470 4972 1565 5012 omnes
1591 4974 1662 5031 quos
1686 4961 1753 5017 reli·

107 5060 209 5133 erigas,
227 5067 252 5113 et
267 5058 301 5111 nt)
320 5058 371 5112 hac
386 5056 520 5112 erectione
535 5064 579 5110 tun
603 5054 676 5109 nullo
699 5054 779 5110 modo
801 5070 902 5121 cesses,
953 5043 1043 5117 tiOniS
1057 5043 1151 5098 habitu
1166 5044 1288 5098 Videmus
1308 5044 1427 5111 indum,
1444 5044 1480 5100 ad
1502 5044 1550 5099 illa
1570 5061 1685 5118 semper
1705 5049 1753 5104 lrir

108 5162 260 5220 quousque,
275 5143 810 5215 miserenteDeo,ipsasuperatapacem
826 5141 904 5196 inve·
954 5133 1078 5188 videmus
1105 5130 1268 5187 sufficienter
1299 5131 1431 5201 idoncos,
1459 5139 1489 5187 ιιι
1511 5131 1578 5187 satis
1614 5151 1753 5210 superque

108 5236 178 5290 nias,
954 5219 1058 5291 possint
1079 5219 1210 5285 universi,
1235 5218 1278 5275 vel
1302 5219 1390 5275 studio
1411 5219 1535 5275 lectionis
1553 5219 1695 5294 insistere,
1710 5224 1752 5280 vel

143 5324 215 5378 Ecce
232 5322 291 5377 haec
306 5320 351 5375 illa
367 5328 482 5393 quatuor
497 5329 559 5375 sunt
582 5335 643 5390 quae
657 5326 683 5374 te
697 5331 839 5374 monemus
859 5316 904 5388 qui
953 5307 981 5362 ir
1004 5307 1071 5379 ipsis
1094 5307 1193 5362 mentis
1214 5306 1325 5362 internis
1346 5323 1421 5378 parra
1440 5307 1612 5364 meditationi
1633 5309 1750 5379 matam,

106 5409 242 5466 habitator
263 5409 340 5465 cellae
354 5425 394 5474 es,
411 5408 438 5462 in
452 5416 541 5464 mente
564 5415 608 5462 tua
631 5406 760 5462 orationis
781 5413 904 5476 tempore
953 5395 997 5453 Vel
1025 5395 1130 5451 deVOlae
1155 5410 1263 5467 quoque
1284 5394 1398 5450 orationi
1420 5395 1579 5453 incumbere
1601 5396 1682 5469 [Por.
1708 5399 1750 5455 vel

107 5496 262 5564 revolvere,
279 5497 405 5553 videlicet
418 5496 479 5568 quis
493 5496 538 5551 ille
553 5495 588 5550 sit
602 5510 682 5568 quem
697 5509 770 5561 oras,
783 5493 843 5565 quis
858 5490 904 5548 ille
953 5481 1091 5540 devotiori
1106 5498 1133 5554 q.
1150 5482 1280 5539 orationis
1293 5481 1324 5555 b]
1340 5482 1394 5539 Sed
1408 5483 1455 5556 qui
1469 5490 1520 5554 est,
1532 5483 1578 5556 qui
1593 5485 1618 5542 si
1637 5485 1669 5543 in
1690 5502 1751 5543 om·
