3742 5986
63 290 118 345 197
389 294 580 361 Exrosrrto
599 296 637 354 IN
654 294 844 355 EPISTOLAS
863 295 975 354 PAULI.
990 325 1025 339 —
1044 296 1082 354 lN
1102 296 1212 355 artsr.
1236 297 1284 355 AD
1303 296 1381 355 ΗΕΒ.
1662 292 1713 348 tae

67 412 211 484 miracula,
233 415 262 473 id
295 426 337 476 est
358 436 410 492 per
432 420 551 486 tonitrua
580 422 617 478 ibi
649 421 748 491 audita,
783 420 907 482 etiamA
953 420 1001 476 llis
1015 421 1142 478 omnibus
1155 422 1234 479 iactis
1253 424 1408 480 seeundum
1432 421 1609 479 uoluntatem
1632 433 1716 474 auam

67 501 233 573 quibusdam
256 506 336 562 minis
370 517 397 564 et
429 509 669 580 pollicitationibus
701 509 866 567 confirmata.
918 509 984 580 (non
999 509 1071 565 euim
1085 511 1272 567 considerabat
1296 511 1432 580 meritum,
1449 510 1497 566 sed
1513 506 1715 580 beneplacitum

67 589 106 656 Si,
123 590 244 665 inquam,
260 611 352 652 sermo
371 613 420 669 per
434 598 547 672 angelos
561 598 648 655 tactus
662 606 703 654 est
717 598 821 665 firmus,
838 601 868 655 ct
916 597 1112 654 misericordiae
1136 600 1203 670 suae)
1216 599 1284 654 dixit
1304 598 1378 671 quod
1402 598 1574 671 negligentes
1596 594 1711 651 salutem

67 676 131 734 ideo
144 684 238 738 omnia
246 686 443 756 praevaricatio
453 691 481 742 et
492 686 693 744 inobedientia.
705 687 868 744 Praevarica·
918 685 1016 740 Christi
1031 702 1086 742 non
1101 685 1230 758 effugient
1252 687 1311 756 ejus
1330 686 1486 743 vindictam.
1503 686 1582 741 Nunc
1598 684 1714 754 snbjun·
1732 717 1735 722 -

65 765 169 824 tionem
182 779 274 837 vocat,
292 789 346 828 nou
361 772 448 830 solum
467 775 602 831 dimittere
620 776 693 847 qnod
712 776 869 848 praecipitur
917 772 966 845 git,
992 774 1066 846 quod
1088 774 1244 831 vindicandi
1266 775 1295 829 in
1316 790 1412 830 omnes
1434 775 1532 830 babeat
1555 771 1712 844 potentiam.

64 854 92 909 iu
107 855 180 928 lege,
197 860 247 914 sed
261 861 343 916 etiam
358 869 453 918 contra
467 863 557 937 legem
572 863 672 935 iacere,
689 873 718 919 ut
733 864 778 936 qui
789 864 868 933 jube·
916 860 977 916 Dixi
994 876 1000 917 :
1018 862 1155 930 Quomodo
1169 879 1220 918 nos
1234 864 1407 935 effugiemus,
1418 871 1519 919 atvero
1533 877 1588 916 uon
1603 859 1717 931 effugie-

64 949 109 998 tur
122 945 240 1018 diligere
255 950 417 1019 proximum,
434 967 489 1006 non
507 959 609 1007 tantum
636 968 691 1008 uon
705 953 801 1024 diligit,
819 952 867 1007 sed
915 966 977 1005 mus
990 950 1138 1007 vindictam
1153 951 1325 1025 negligentes
1344 951 1459 1006 salutem
1477 950 1545 1019 Filii,
1563 965 1624 1006 cum
1640 963 1715 1020 prae-

65 1031 148 1087 etiam
181 1035 289 1091 occidit.
320 1037 507 1095 lnobedieutia
540 1040 640 1096 dicitur
669 1056 724 1096 non
752 1041 866 1111 implere
915 1037 1082 1093 natinatores
1107 1039 1241 1095 sermonis
1269 1039 1429 1112 angelorum
1451 1038 1536 1110 puniti
1559 1038 1621 1104 sint,
1651 1036 1716 1108 quia

66 1122 140 1192 quod
156 1122 184 1177 in
200 1124 262 1196 lege
277 1126 448 1198 praecipitum
465 1129 546 1184 etiam
556 1129 580 1183 si
587 1129 653 1184 nihil
667 1137 761 1186 contra
775 1129 866 1203 legem
916 1125 983 1181 Filio
999 1126 1123 1196 subjiciet
1132 1127 1228 1181 orbern
1242 1135 1322 1182 terrae
1344 1143 1425 1199 quem
1449 1126 1555 1198 angelis
1579 1141 1635 1181 uon
1649 1125 1715 1179 sub-

66 1217 199 1280 operetur
219 1229 226 1266 :
242 1214 331 1286 utqui
350 1214 460 1284 jubetur
473 1216 586 1288 diligere
610 1233 664 1273 non
679 1217 784 1290 diligat.
801 1217 865 1273 Ideo
913 1212 989 1280 jecit.
1006 1214 1056 1268 llic
1070 1214 1146 1270 locus
1161 1213 1241 1269 fidem
1265 1214 1328 1270 lacit
1342 1230 1359 1269 a
1372 1214 1481 1270 minori.
1506 1213 1585 1282 Quod
1600 1213 1638 1268 ita
1651 1213 1688 1267 ait
1705 1228 1713 1268 t

65 1296 101 1352 ait
116 1299 209 1354 omnis
223 1302 411 1371 praevaricatio
422 1312 448 1359 et
461 1304 655 1372 inobedientia,
668 1313 694 1361 et
707 1321 762 1360 non
777 1305 866 1360 omnis
916 1301 988 1356 Deus
1004 1309 1080 1372 pater
1102 1319 1160 1359 non
1175 1303 1294 1375 subjecit
1303 1303 1396 1358 orbem
1405 1309 1487 1358 terre
1500 1303 1617 1374 angelis,
1634 1299 1715 1355 mini·

64 1386 261 1454 prevaricator
276 1397 302 1445 et
317 1389 487 1457 inobediens,
504 1391 665 1466 significans
679 1409 760 1448 unam
777 1393 864 1448 solam
916 1388 999 1444 sterio
1015 1390 1125 1461 quidem
1141 1405 1232 1445 eorum
1244 1391 1329 1446 multa
1341 1390 1369 1444 in
1383 1390 1449 1446 orbe
1461 1388 1538 1444 liunt.
1554 1389 1607 1445 Sed
1622 1387 1714 1445 amnia

64 1475 328 1548 praevaricationem,
363 1479 406 1535 vel
429 1480 642 1537 inobedientiam
664 1497 719 1537 uon
743 1480 864 1552 effugere
915 1485 1039 1547 spectant
1052 1478 1086 1533 ad
1099 1479 1150 1534 Dei
1163 1479 1317 1550 imperium.
1343 1478 1445 1534 Orbem
1460 1485 1541 1534 terrae
1554 1477 1615 1533 dico
1629 1480 1714 1549 tutu·

61 1576 185 1632 poeuam.
206 1565 402 1623 Praevaricator
416 1576 507 1625 autem
522 1570 566 1625 vel
588 1570 748 1625 inobediens
762 1570 864 1625 multa·
915 1581 981 1620 rum
999 1566 1151 1634 subjectum
1166 1567 1190 1622 ei
1206 1567 1239 1623 de
1253 1583 1305 1640 qua
1321 1568 1470 1638 loquimur,
1483 1565 1587 1623 scilicet
1597 1565 1713 1621 Christo.

64 1665 124 1704 rum
140 1652 398 1721 prevaricationum
408 1656 452 1711 vel
462 1656 708 1713 inobedientiarum
724 1674 787 1712 reus
803 1674 864 1713 esse
915 1652 966 1707 Vel
979 1652 1018 1707 ita
1035 1669 1040 1708 :
1059 1652 1161 1709 Orbem
1176 1669 1230 1708 non
1239 1654 1355 1722 subjecit
1368 1654 1484 1727 angelis,
1500 1653 1582 1727 quod,
1600 1653 1713 1723 scilicet,

62 1745 163 1808 potest.
181 1739 218 1807 Si,
245 1742 365 1814 inquam,
391 1744 480 1799 omnis
503 1745 691 1815 praevaricatio
716 1753 742 1801 et
766 1745 900 1832 tuobe-B
914 1747 943 1794 ut
967 1740 1136 1810 suinciatur,
1155 1741 1273 1797 futurum
1296 1750 1337 1798 εει
1360 1742 1404 1808 ei,
1430 1742 1464 1798 de
1488 1758 1542 1814 quo
1566 1741 1715 1812 loquimur,

60 1825 165 1882 dientia
180 1830 290 1902 accepit
301 1832 516 1889 retributionem
531 1835 677 1901 mercedis,
693 1833 720 1889 id
737 1841 778 1888 est
788 1851 864 1889 mer·
916 1827 1033 1883 Christo.
1051 1827 1132 1896 Quod
1148 1838 1236 1884 autem
1251 1830 1325 1886 orbis
1347 1829 1533 1900 subjiciendus
1548 1829 1582 1884 sit
1596 1829 1713 1896 Christo,

61 1914 159 1970 cedem
176 1917 345 1973 retributam.
371 1920 476 1976 Merces
498 1920 595 1977 dicitur
617 1938 688 1993 quae,
712 1937 762 1993 pro
781 1922 866 1994 quali·
914 1916 1013 1987 probat
1027 1917 1190 1972 auctoritate
1215 1918 1318 1983 David;
1335 1918 1382 1990 qui
1404 1925 1494 1973 tamen
1509 1917 1543 1971 de
1557 1918 1609 1972 bac
1623 1916 1714 1986 subja·

62 2005 116 2053 tate
148 1997 222 2067 facti,
245 2000 302 2056 sive
324 2003 426 2058 malum
449 2004 506 2059 sive
538 2005 640 2061 bonum
662 2006 706 2075 sit,
732 2005 862 2061 redditur.
914 2003 1108 2059 ctiouetutura
1125 2004 1254 2076 loquitur,
1271 2005 1349 2076 quasi
1364 2005 1399 2061 de
1419 2005 1565 2076 praeterita,
1583 2004 1651 2060 sicut
1666 2003 1715 2058 ad·

62 2087 216 2143 ltetributio
236 2089 369 2160 significat
400 2100 529 2163 quantum
552 2093 652 2149 meruit
675 2102 777 2149 tanturn
802 2109 864 2148 esse
913 2091 1015 2146 missus
1028 2091 1055 2145 in
1071 2091 1163 2148 divino
1179 2092 1303 2148 consilio.
1320 2094 1354 2147 Ει
1368 2101 1397 2147 ut
1412 2093 1510 2148 certius
1525 2091 1715 2147 exaltationem

61 2174 201 2230 redditum
227 2177 262 2231 ei.
291 2176 505 2235 Retributionem
530 2180 591 2236 dico
607 2183 729 2253 justam,
745 2182 808 2254 quia
822 2181 864 2237 sic
914 2178 1015 2235 Christi
1029 2180 1216 2251 superomnia
1231 2181 1369 2251 probaret,
1385 2179 1522 2251 praemittit
1538 2179 1715 2234 humilitatem

58 2263 239 2319 retribuendo
254 2265 328 2321 Deus
342 2267 400 2340 agit
419 2283 452 2322 ex
472 2268 587 2337 justitia,
609 2285 660 2326 nec
684 2253 863 2340 putetis'eum
914 2267 981 2336 ejus,
997 2284 1031 2322 ne
1044 2267 1067 2322 si
1089 2268 1181 2337 (tacita
1209 2268 1372 2339 humilitate)
1393 2268 1585 2324 exaltationem
1609 2282 1712 2322 assere·

57 2350 97 2406 sic
112 2350 319 2408 misericordem
336 2371 397 2410 esse
413 2365 441 2410 ut
456 2356 633 2412 obliviscatur
653 2358 772 2426 J'ustitiae.
914 2362 966 2421 ret,
983 2356 1168 2429 ambigeretur
1192 2357 1275 2411 alium
1298 2373 1359 2412 esse
1382 2357 1428 2429 qui
1452 2356 1617 2422 humiliatus,
1633 2355 1715 2411 aliurn

94 2439 134 2506 Si,
152 2439 274 2511 iuquam,
290 2443 476 2512 pravaricatio
491 2444 534 2499 vel
557 2445 740 2500 inobedientia
756 2462 862 2501 sermo-
914 2444 959 2514 qui
975 2443 1109 2499 exaltatus
1125 2453 1176 2499 est.
1193 2444 1272 2499 Unde
1288 2445 1327 2500 sic
1343 2435 1381 2500 ait
1398 2461 1404 2499 :
1420 2446 1482 2500 Non
1496 2459 1549 2517 ego
1564 2444 1638 2499 solus
1653 2443 1715 2499 dico

57 2526 101 2581 nis
115 2526 182 2583 dicti
197 2544 247 2598 per
262 2530 376 2601 angelos
390 2532 495 2603 accepit
519 2531 677 2586 retributam
695 2534 860 2603 mercedem,
913 2531 1224 2600 orbemsubjiciendum
1239 2532 1358 2598 Christo,
1376 2532 1425 2587 sed
1441 2532 1521 2587 etiam
1539 2535 1659 2588 testatus
1673 2534 1715 2587 eat

58 2615 196 2688 quomodo
212 2618 509 2689 noaeffupiemusillud
520 2619 678 2691 pereffluere
691 2624 718 2677 si
730 2624 862 2695 negteae-
912 2618 985 2674 idem
1007 2635 1114 2675 mecum
1139 2623 1201 2692 quis
1224 2621 1321 2676 dicens
1344 2623 1375 2676 in
1394 2620 1515 2693 quodam
1539 2621 1596 2676 loco
1612 2619 1712 2690 (Prot,

57 2705 161 2771 rimus,
177 2720 234 2760 uon
256 2704 319 2762 dico
342 2709 567 2777 prevaricatores
594 2709 786 2776 exstiterimus,
813 2711 864 2766 sed
912 2722 973 2773 viu,
990 2710 1016 2763 5.
1034 2707 1074 2778 o).
1095 2709 1159 2763 llarc
1173 2709 1321 2765 auctoritas
1335 2709 1477 2764 adeonota
1491 2717 1558 2773 erat,
1575 2708 1647 2780 quod
1661 2722 1714 2763 nec

56 2792 145 2863 (quod
169 2792 259 2847 minus
279 2795 331 2864 est)
356 2795 379 2848 si
404 2795 499 2850 saltem
531 2796 744 2868 neglexerimus,
768 2798 795 2852 id
821 2807 862 2854 est
912 2795 1031 2851 auctoris
1050 2811 1100 2852 nec
1123 2796 1175 2851 loci
1204 2796 1230 2851 in
1261 2812 1315 2868 quo
1343 2805 1402 2851 erat
1430 2797 1539 2851 nomine
1566 2796 1712 2868 indigeret.

54 2879 212 2953 intelligere
225 2890 441 2950 contemnamus,
464 2899 518 2939 non
542 2884 604 2939 dico
628 2901 793 2954 sermonem,
813 2887 861 2943 sed
912 2886 986 2950 llaec,
1003 2885 1124 2956 inquam,
1140 2893 1254 2941 testatur
1269 2885 1356 2939 David
1377 2885 1492 2956 loquens
1507 2884 1541 2939 ad
1556 2885 1671 2940 Patrem.
1688 2883 1711 2941 0

53 2968 205 3025 salutem?
220 2969 340 3024 Verbum
356 2971 429 3026 enim
454 2971 552 3026 Christi
574 2973 707 3028 creditum
721 2975 861 3030 credenti·
912 2971 1037 3039 Domine,
1055 2973 1135 3028 bomo
1151 2973 1196 3028 ille
1211 2973 1335 3028 Christus
1351 2975 1483 3045 quidest,
1500 2972 1671 3037 admirative,
1682 2971 1711 3027 id

54 3055 118 3122 bus,
136 3070 216 3111 causa
228 3055 349 3113 efficiens
359 3066 401 3113 est
414 3059 520 3115 salutis.
533 3060 651 3115 Salutem
662 3061 723 3116 dico
734 3066 857 3131 tantam,
911 3068 952 3115 est
975 3077 1102 3133 maguum
1117 3061 1182 3133 quid
1205 3060 1311 3116 futurus
1336 3069 1386 3126 est,
1412 3061 1460 3116 sed
1488 3069 1617 3132 quantum
1646 3059 1711 3131 quid

55 3143 83 3198 id
99 3151 143 3199 est
158 3143 367 3202 indeficientem.
385 3146 464 3202 Salus
483 3148 554 3203 euim
569 3149 627 3204 baec
644 3150 753 3221 quando
768 3150 859 3205 remit·
876 3121 961 3213 osit;
977 3149 1029 3204 hoc
1044 3156 1135 3203 tamen
1163 3157 1247 3203 totum
1272 3165 1322 3220 per
1336 3149 1389 3204 hoc
1412 3150 1484 3221 quod
1500 3156 1528 3203 tu
1550 3164 1658 3204 memor
1681 3165 1711 3204 ea

54 3238 151 3287 tuntur
173 3241 287 3303 peccata
309 3234 472 3305 principium
496 3235 596 3302 haben
617 3237 781 3306 positionem
801 3237 858 3293 vir·
909 3237 969 3307 ejus
997 3235 1123 3291 bominis.
1155 3237 1259 3292 llemor
1281 3236 1330 3291 luit
1357 3238 1431 3293 Deus
1458 3237 1576 3293 hominis
1597 3236 1708 3303 Christi,

51 3326 142 3376 tutum
166 3321 248 3376 babet
280 3321 488 3388 incrementum,
515 3325 542 3379 in
566 3332 668 3379 aeterna
693 3325 857 3381 beatitudine
908 3324 1017 3394 quando
1032 3339 1093 3378 eum
1108 3323 1254 3380 immunem
1270 3340 1285 3377 a
1300 3325 1708 3395 peccatooouservavit.Homi-

50 3408 395 3468 consummationemrtec
406 3427 454 3467 eos
464 3411 552 3467 reddit
561 3412 770 3477 inexcusabiles,
783 3415 857 3485 quod
875 3394 880 3406 ⁸
907 3427 969 3466 nem
985 3427 1047 3466 eum
1070 3412 1189 3483 appello,
1213 3420 1259 3465 aut
1281 3420 1310 3466 ut
1332 3411 1489 3482 expressius
1513 3412 1601 3468 dicam
1625 3414 1708 3468 homo

52 3505 193 3569 nequeant
214 3512 354 3569 opponere
369 3516 409 3564 se,
426 3500 504 3572 quasi
519 3508 637 3556 remotos
653 3501 723 3556 banc
747 3501 857 3557 audisse
906 3498 953 3553 ille
968 3499 1053 3561 F'dius
1068 3499 1185 3554 hominis
1207 3514 1337 3572 magnum
1362 3499 1425 3571 quid
1449 3500 1530 3554 estin
1545 3514 1577 3554 eo
1592 3501 1663 3572 quod
1678 3507 1707 3555 tu

51 3584 172 3640 salutem
202 3585 296 3641 dicens
311 3605 318 3641 :
336 3587 402 3655 Qua
427 3588 501 3643 salus
526 3604 591 3644 cum
619 3591 775 3661 accepisset
794 3591 855 3646 ini·
907 3588 1004 3643 visitur
1022 3604 1099 3643 eum.
1115 3588 1190 3643 Sicut
1205 3588 1326 3644 medicus
1341 3595 1369 3643 ut
1391 3588 1489 3657 visitet,
1506 3587 1658 3660 ingreditur
1672 3588 1708 3643 ad

53 3674 131 3729 tium
152 3688 208 3729 uon
234 3674 450 3744 constitutionis,
480 3676 544 3748 quia
559 3676 594 3731 ab
615 3684 716 3731 eterno
733 3676 852 3735 363
906 3673 1052 3743 infirmum,
1069 3676 1109 3733 sic
1123 3677 1197 3731 Deus
1217 3676 1335 3732 visitavit
1359 3676 1495 3731 Christum
1518 3676 1544 3731 in
1569 3676 1704 3746 seplucro‚

49 3761 92 3818 sic
116 3761 177 3817 iieri
209 3770 269 3817 erat
296 3762 475 3833 dispositum;
504 3765 554 3818 sed
582 3764 687 3819 initium
722 3767 856 3821 enarrari
906 3763 1085 3835 ingrediendo
1112 3764 1146 3820 ad
1168 3781 1230 3820 eum
1254 3772 1283 3819 ut
1307 3765 1519 3834 incorruptibilis
1541 3771 1705 3836 resurgeret.

46 3866 103 3923 per
116 3851 271 3906 Dominum
285 3851 457 3924 angelorum,
469 3851 496 3905 id
510 3860 552 3907 est
565 3869 615 3923 per
629 3852 766 3907 Christum
781 3855 854 3925 quod
906 3851 957 3907 Ubi
977 3852 1013 3906 ait
1029 3853 1118 3908 Filius
1141 3852 1265 3908 bominis
1285 3861 1312 3907 et
1326 3868 1421 3909 verum
1444 3853 1592 3920 bominem,
1608 3860 1635 3908 et
1650 3868 1706 3910 non

50 3936 177 3993 Christus
200 3953 327 3994 enarrare
349 3939 432 4010 caepit
454 3941 524 3995 hanc
547 3939 672 3995 salutem.
697 3941 782 4010 Tunc,
808 3941 853 3996 in·
905 3940 939 3994 de
955 3939 1058 3995 semine
1072 3940 1123 3995 viri
1138 3948 1231 3995 uatum
1247 3940 1372 4004 ostendit,
1389 3940 1506 3996 bominis
1520 3942 1593 3996 enim
1608 3940 1702 4008 Filius,

48 4041 144 4099 quam,
160 4041 222 4083 cum
237 4028 389 4099 accepisset
398 4029 450 4083 hoc
461 4027 564 4083 initium
579 4030 749 4098 confirmata
763 4035 805 4086 est
821 4032 853 4086 in
904 4043 959 4082 non
973 4028 1123 4083 hominum.
1141 4030 1175 4083 Et
1190 4028 1260 4084 sicut
1274 4028 1391 4099 cognovi
1404 4028 1462 4096 ejus
1476 4029 1702 4097 incarnationem,

48 4133 111 4181 noa,
129 4114 156 4170 id
166 4115 296 4171 estinvos
305 4116 415 4171 ludaeos
425 4116 508 4172 abeis
523 4118 570 4189 qui
580 4117 734 4173 audierunt
748 4119 782 4173 ab
793 4117 852 4188 ipso
904 4115 944 4171 sic
952 4115 1162 4171 minorationem
1169 4116 1301 4184 ejusdem,
1309 4116 1519 4172 minuistieuim
1530 4132 1595 4172 eum
1605 4116 1702 4172 Filium

48 4219 98 4259 ore
113 4202 226 4269 Christi,
242 4203 348 4260 scilicet
370 4221 420 4274 per
442 4205 591 4275 apostolos,
612 4221 727 4278 quorum
748 4205 852 4274 justitia
903 4203 992 4257 Deiiu
1006 4203 1104 4258 virtute
1117 4219 1168 4274 per
1183 4211 1350 4275 assumptam
1373 4211 1498 4259 naturam
1513 4203 1702 4273 passibilitatis

45 4299 73 4347 et
100 4291 249 4347 auctoritas
269 4289 423 4347 firmitatem
445 4293 526 4361 hujus
558 4293 651 4348 salutis
674 4292 753 4348 vobis
773 4310 851 4350 com·
903 4299 929 4346 et
944 4290 1124 4347 mortalitatis.
1149 4291 1267 4347 liinuisti
1289 4291 1350 4347 dico
1373 4292 1458 4364 paulo
1482 4292 1588 4358 minus,
1613 4291 1703 4348 idest

46 4378 198 4434 mandavit.
224 4377 392 4434 Confirmata
412 4380 484 4446 dico,
504 4382 559 4436 Deo
579 4385 770 4438 contestante.
796 4382 850 4453 lpsi
903 4377 994 4432 minus
1015 4394 1065 4448 per
1088 4378 1206 4449 paulum,
1232 4379 1294 4450 quia
1317 4378 1380 4435 licet
1403 4379 1534 4445 mortalis,
1560 4381 1701 4437 tamenin

46 4465 121 4523 enim
135 4466 253 4538 apostoli
267 4468 425 4524 auctoritate
449 4484 497 4523 sua
515 4469 582 4523 satis
597 4469 665 4525 hauc
680 4473 849 4525 attestabau-
864 4467 955 4534 Dhac
969 4465 1132 4521 mortalitate
1151 4466 1302 4537 imperabat
1330 4466 1447 4538 angelis.
1473 4466 1592 4522 llinuisti
1619 4468 1701 4540 paulo

44 4561 100 4621 tur,
118 4554 169 4609 sed
192 4555 267 4610 Deus
286 4555 359 4612 idem
379 4556 529 4612 testabatur
552 4557 683 4613 cumillis
707 4558 796 4629 signia
819 4562 849 4614 et
902 4550 992 4608 minus
1007 4562 1161 4626 separatum
1177 4555 1212 4611 cb
1226 4557 1344 4627 augetis,
1361 4556 1389 4610 id
1404 4563 1446 4610 est
1460 4556 1494 4610 ab
1508 4555 1555 4610 illa
1570 4555 1701 4629 dignitate

40 4644 199 4716 portantia.
215 4643 301 4717 Signa
315 4652 402 4710 vocat,
421 4651 449 4698 ut
472 4644 582 4699 morbos
603 4645 751 4716 depellere,
776 4647 849 4719 quod
899 4641 963 4710 luci,
980 4643 1053 4699 Deus
1069 4643 1141 4698 enim
1157 4643 1238 4699 bomo
1253 4643 1340 4700 tactus
1354 4644 1426 4699 inter
1440 4644 1565 4700 homines
1579 4652 1621 4700 est
1634 4660 1700 4701 con·

43 4746 92 4787 ara
107 4731 280 4787 medicinalis
294 4740 387 4804 posset
395 4731 514 4788 efficere.
531 4733 658 4788 Portenta
674 4742 849 4807 auremque
900 4737 1033 4787 versatus.

40 4826 138 4877 contra
152 4827 279 4875 naturam
295 4828 381 4886 erant,
398 4829 426 4876 ut
453 4836 527 4878 caeeo
541 4830 605 4876 nato
620 4821 715 4877 oculos
729 4823 847 4894 aperire,
935 4819 1025 4874 Posita
1049 4819 1235 4876 humiliatione
1263 4819 1372 4889 Christi,
1414 4819 1509 4891 incipit
1532 4820 1566 4875 de
1594 4818 1700 4875 exalta-

42 4909 180 4964 Lazarum
210 4908 362 4965 suscitare:
392 4925 452 4981 quac
485 4916 512 4964 et
543 4909 616 4964 aliud
645 4909 844 4980 significabant.
898 4907 972 4962 tione
986 4907 1081 4962 dicens
1098 4922 1104 4961 τ
1122 4906 1269 4964 Coronatii
1283 4924 1348 4964 eum
1362 4909 1464 4978 gloria,
1481 4908 1508 4962 id
1522 4914 1564 4962 est
1578 4906 1699 4965 claritate

44 4995 225 5053 Contestante
238 5004 329 5052 autem
344 4996 426 5053 etiam
449 4997 508 5053 Deo
524 4998 612 5054 variis
627 4999 789 5066 uirtutibus,
802 4999 846 5055 hic
897 4994 1106 5050 immortalitatis
1121 4999 1150 5051 et
1165 4996 1269 5052 bonore
1285 5016 1294 5052 :
1317 4995 1381 5068 qaia
1403 4995 1454 5066 ipsi
1478 4995 1594 5051 flectitur
1615 5011 1697 5054 omne

42 5099 127 5141 veras
145 5083 259 5140 virtutes
280 5082 424 5159 siguificat,
446 5094 475 5140 ut
495 5085 637 5155 justitiam,
660 5086 844 5157 prudentiam,
896 5098 979 5154 genu.
996 5082 1140 5138 Coronasti
1154 5082 1189 5137 ab
1217 5099 1250 5138 ea
1268 5083 1452 5139 ‘similitudine
1467 5083 1542 5149 dicit,
1559 5101 1611 5156 qua
1627 5085 1698 5143 sicut

41 5180 71 5228 ει
85 5171 254 5242 hujusmodi,
271 5189 331 5244 quae
346 5173 517 5229 ministrabat
531 5172 659 5229 fidelibus
678 5174 744 5230 suis.
770 5176 846 5230 Con·
896 5170 979 5226 virtor
989 5178 1127 5226 revertens
1141 5171 1176 5227 de
1191 5172 1339 5243 triumpho,
1361 5186 1491 5228 coronam
1511 5173 1642 5245 suscipit;
1658 5174 1698 5230 sic

41 5266 160 5315 testante
176 5260 255 5314 etiam
270 5260 532 5327 distributionibus,
547 5261 575 5316 id
589 5270 630 5316 est
643 5278 694 5332 per
717 5262 845 5317 distribu-
895 5259 1019 5315 Christus
1045 5259 1209 5330 triumphata
1223 5267 1321 5327 morte,
1337 5260 1426 5332 gloria
1441 5269 1468 5315 et
1484 5261 1589 5318 bonore
1615 5276 1696 5317 coro·

39 5348 131 5404 tiones
144 5347 270 5419 Spiritus
285 5350 388 5417 sancti,
400 5349 461 5404 huic
470 5348 542 5403 enim
557 5365 661 5421 genera
676 5350 842 5423 linguarum,
894 5348 955 5403 uari
969 5347 1078 5402 meruit.
1094 5348 1130 5402 Et
1144 5363 1206 5402 eum
1233 5355 1391 5405 coronatum
1418 5351 1598 5405 constituisti
1611 5364 1696 5420 super

38 5435 80 5490 illi
100 5434 285 5514 revelationes
309 5436 520 5508 scripturarum,
550 5444 577 5492 et
600 5438 707 5493 cuteris
731 5446 843 5495 caeteras
894 5451 978 5507 opera
992 5451 1131 5493 manuum
1147 5439 1264 5493 tuarum
1283 5451 1367 5506 super
1394 5437 1518 5492 homines
1531 5445 1559 5491 et
1572 5435 1695 5507 angelos,

40 5522 150 5599 gratim
160 5522 349 5581 distribuebat.
893 5540 954 5595 quse
969 5524 1079 5595 proprie
1092 5523 1312 5603 dicunturopera
1320 5538 1450 5584 manuum
1459 5523 1519 5594 oet,
1530 5525 1697 5593 etitaauper
1771 5517 1774 5520 ’
