3742 5986
115 232 145 287 bl
385 228 414 286 S.
433 226 612 286 BRUNONlS
632 223 956 284 cantflasmrtobult
973 222 1216 281 lNSTl'lUTORlS
1235 221 1311 280 OPP.
1335 225 1422 282 etas
1444 225 1480 282 ll.
1725 230 1760 283 52

115 355 271 429 impiorum,
295 353 357 427 quia
379 352 456 425 impii
477 352 548 409 mori
571 353 703 409 deberent
726 367 777 424 pro
799 351 948 423 peccatoA
961 351 993 406 ιἰι
1008 350 1147 406 mandam
1158 349 1243 416 banc,
1259 349 1352 418 idest,
1367 351 1579 408 adeomiserum
1595 366 1645 422 per
1655 367 1759 423 pecea-

115 461 173 511 suo,
199 443 244 500 vel
267 459 347 500 causa
375 442 519 514 impiorum
550 442 780 498 redimendorum.
802 440 910 495 Diceret
961 446 1016 493 tum
1027 437 1138 505 lactum,
1149 447 1175 493 et
1184 446 1383 510 consequenter
1391 457 1442 511 per
1452 445 1601 513 peccatam
1615 440 1759 496 uniusbo-

115 533 214 607 aliquis
227 532 290 604 quia
312 538 437 588 mortuas
451 538 503 598 est,
520 530 583 586 ideo
603 546 658 586 non
672 537 771 602 potest.
787 531 910 584 llortuus
960 526 1041 581 minis
1062 527 1173 583 intravit
1193 544 1283 594 marr,
1308 535 1335 583 et
1353 516 1504 599 corpdralis
1525 537 1551 584 et
1566 529 1716 602 spiritualis
1731 529 1759 584 in

115 623 178 680 dico
199 620 354 679 secandum
378 624 489 693 tempas
505 636 512 673 ι
529 619 573 675 die
595 619 668 674 enim
686 618 766 674 tertia
782 617 908 672 surrexit.
960 615 1085 671 eumdem
1095 614 1233 671 bominem
1250 631 1256 670 :
1273 621 1302 672 et
1316 618 1358 672 ita
1368 617 1401 671 ab
1412 632 1445 672 eo
1453 620 1624 689 pertransiit
1639 636 1714 674 mara
1729 620 1761 674 ιἰι

116 711 220 767 lterum
248 707 445 765 adversarius:
475 706 550 778 impii
570 707 680 779 quidem
709 705 830 772 fueratis,
861 704 911 760 sed
961 702 1360 761 amneabaminer.Etmerito
1375 705 1409 760 ab
1425 721 1458 761 eo
1472 705 1500 760 in
1515 722 1620 777 omnes,
1637 708 1757 778 quialric

113 799 170 870 J'am
220 807 339 869 tempore
384 796 481 852 mortis
524 795 582 864 ejus
615 793 777 864 iustificati:
816 794 911 866 impiis
961 792 1055 848 initia
1070 797 1316 864 qaopcccaaeruot
1332 794 1593 851 omaer.lnlumbis
1609 795 1758 851 enimddae

115 887 177 944 dico
200 887 239 943 ita
259 903 324 943 cam
348 885 439 942 adhoc
464 892 587 955 tempore
608 883 704 939 mortis
726 898 783 938 suae
802 882 912 950 infirmi
961 888 1017 937 tota
1031 880 1076 935 illa
1091 896 1183 936 massa
1197 881 1306 936 humani
1330 882 1440 955 generis
1455 890 1569 953 peccato
1593 884 1758 954 pravarica-

116 991 248 1046 ersemar,
265 974 293 1029 id
317 981 368 1041 est,
385 973 412 1027 in
433 973 571 1044 impietate
594 972 811 1043 perduraremus.
826 970 911 1025 Frus-
962 969 1042 1024 tionis
1067 977 1192 1040 corrupta
1219 977 1270 1024 εει.
1289 968 1406 1039 Quidam
1429 972 1592 1042 protendunt
1606 972 1678 1028 hunc
1694 989 1760 1027 ver-

115 1070 155 1118 tra
174 1065 264 1134 justus
287 1067 415 1119 mortuas
440 1066 483 1117 cat
503 1078 554 1133 pro
574 1061 681 1132 impiis,
707 1059 731 1114 si
750 1056 912 1129 iustificatos
962 1074 1033 1124 sum,
1049 1073 1137 1129 usque
1152 1058 1186 1112 ad
1201 1058 1268 1113 illud
1281 1058 1364 1131 longe
1379 1057 1493 1115 inferius
1509 1077 1515 1116 :
1534 1059 1694 1132 igitursicot
1709 1077 1759 1131 per

118 1152 224 1209 salvare
246 1151 360 1206 deserit.
387 1150 450 1205 Non
479 1156 521 1204 est
544 1148 709 1206 credendum
738 1148 811 1219 quod
833 1147 912 1202 inex·
963 1145 1052 1211 unius,
1068 1154 1121 1202 etc.
1146 1146 1201 1202 Sed
1226 1147 1296 1202 sicut
1318 1147 1503 1217 exposuimus,
1521 1149 1586 1203 satis
1600 1148 1755 1206 abbreviari

115 1241 218 1312 pletum
254 1239 378 1308 dimittat,
416 1253 467 1309 pro
505 1253 559 1309 quo
596 1243 699 1291 tantam
726 1234 913 1291 difficultatem
962 1241 1061 1305 potest.
1079 1236 1148 1290 Vere
1163 1243 1451 1306 omnespeccarerunt
1467 1236 1601 1306 ibadam,
1632 1238 1762 1294 etsianle

116 1328 206 1384 subiit.
222 1328 333 1384 Diceret
350 1326 448 1398 aliquis
464 1342 471 1379 :
487 1325 583 1381 Fuitne
598 1325 666 1380 adea
685 1339 816 1397 magnum
833 1323 908 1380 31
963 1323 1054 1396 legem
1068 1322 1123 1378 sere
1137 1323 1172 1378 ab
1186 1324 1312 1379 amnibus
1331 1325 1384 1380 boc
1409 1325 1590 1398 ignoraretur.
1606 1328 1762 1383 Peccatum

115 1417 187 1474 mori
213 1432 264 1488 pro
292 1416 404 1487 impiis?
432 1415 469 1470 lta
504 1414 626 1486 iuquam.
656 1415 706 1470 Vtra
735 1413 811 1468 caim
839 1413 911 1486 qaia,
963 1413 1039 1468 enim
1054 1416 1118 1467 erat
1127 1412 1159 1467 ιἰι
1171 1413 1274 1468 manda
1285 1412 1319 1467 ab
1333 1413 1421 1468 Adam
1435 1431 1524 1486 usqae
1538 1413 1575 1469 ad
1591 1416 1688 1484 legem.
1706 1415 1762 1470 Sed

114 1506 143 1562 id
158 1514 199 1562 est
213 1504 321 1577 aliquis,
332 1504 376 1560 vel
395 1510 482 1559 morte
502 1503 611 1575 dignus,
628 1500 672 1557 rel
687 1502 740 1557 cito
754 1501 911 1569 morituras,
961 1501 1025 1556 licet
1039 1501 1077 1555 ita
1091 1508 1172 1568 osset,
1189 1509 1280 1556 tamen
1294 1502 1345 1557 hoc
1361 1506 1509 1575 peccatum
1524 1518 1582 1558 aaa
1597 1504 1761 1574 irapataba·

114 1595 297 1665 moritarpro
312 1595 397 1663 jacto,
414 1591 507 1661 idest,
532 1590 576 1647 rel
600 1591 659 1647 vioe
675 1591 718 1646 rel
742 1605 826 1646 causa
835 1589 911 1659 justi.
964 1594 1021 1656 tar,
1033 1589 1060 1644 id
1073 1597 1124 1657 est,
1135 1604 1217 1646 nemo
1228 1605 1291 1644 reus
1301 1605 1352 1660 pro
1369 1589 1496 1661 originali
1518 1590 1690 1660 judicabatur
1698 1598 1762 1647 ante

115 1683 193 1742 Unde
208 1698 337 1755 magnum
365 1680 506 1753 quidesse
522 1686 628 1736 constat
644 1679 790 1746 Christum,
808 1678 854 1751 qui
867 1694 949 1769 re-B
963 1679 1086 1750 Moysen,
1107 1695 1172 1734 cam
1197 1679 1245 1734 lec
1255 1695 1313 1734 ιιειι
1327 1682 1411 1748 esset,
1428 1675 1498 1750 aaa,
1514 1688 1659 1750 postquam
1673 1680 1758 1750 venit,

117 1780 212 1843 spectu
231 1770 343 1841 justitiae
366 1784 486 1825 srraenon
511 1767 657 1823 moriturus
677 1775 746 1835 erat,
772 1767 841 1823 mori
862 1783 913 1838 pro
963 1774 1104 1838 peccatum
1119 1768 1170 1822 boc
1184 1766 1319 1838 patefacit,
1335 1766 1379 1823 vel
1392 1767 1515 1823 dicamus
1529 1767 1557 1822 in
1574 1776 1639 1824 toto.
1657 1769 1761 1825 Pecca-

116 1859 227 1932 impiis?
241 1859 305 1915 ldeo
319 1858 382 1914 dico
392 1857 436 1913 vix
450 1857 569 1930 aliquem
583 1856 653 1912 mori
675 1872 724 1928 pro
737 1857 809 1926 justo
823 1872 829 1911 :
844 1873 914 1912 nam
963 1862 1019 1909 tum
1033 1856 1086 1912 hoc
1105 1855 1215 1927 quidem
1225 1863 1282 1911 erat
1295 1855 1321 1910 iu
1332 1855 1436 1910 mundo
1448 1863 1510 1910 ante
1520 1856 1620 1928 legem,
1638 1858 1686 1911 sod
1698 1856 1760 1912 ideo

116 1947 472 2022 saraitaaatiquiaaadeat
500 1946 721 2018 moriproboaa.
738 1944 808 2014 Quia
822 1945 846 1999 si
861 1945 913 1999 du·
963 1943 1147 2010 nesciebatur,
1185 1943 1249 2014 quia
1274 1943 1375 1998 nullum
1400 1950 1542 2014 peecatum
1569 1944 1758 2015 imputabatur,

119 2037 205 2093 bietas
227 2044 268 2092 est
291 2044 384 2090 utram
399 2035 459 2106 quis
473 2033 605 2089 moriatur
618 2049 669 2105 pro
684 2034 766 2099 bono,
781 2048 913 2104 magnum
963 2047 1024 2088 cum
1038 2031 1081 2086 lex
1105 2048 1159 2087 non
1175 2040 1256 2088 esset.
1272 2034 1306 2086 Et
1319 2032 1382 2088 licet
1396 2041 1535 2102 peceatum
1556 2033 1688 2106 originale
1697 2041 1761 2089 ante

116 2125 166 2182 suit
179 2125 250 2180 mori
263 2123 400 2179 Christum
417 2122 492 2194 pium
505 2137 554 2193 pro
568 2121 662 2192 impio.
687 2120 737 2178 Vix
751 2120 848 2194 aliquis
861 2136 912 2175 au·
962 2119 1053 2194 legem
1068 2136 1123 2176 non
1137 2121 1327 2191 imputaretur,
1344 2128 1434 2176 tamen
1449 2138 1499 2192 per
1513 2124 1567 2178 boc
1581 2122 1647 2176 satis
1663 2123 1760 2194 digno-

116 2215 180 2271 deat
193 2212 263 2269 mori
277 2228 327 2284 pro
338 2213 423 2283 justo;
453 2211 502 2266 sed
525 2209 649 2266 Christus
671 2225 723 2280 pro
742 2210 821 2265 nobis
836 2224 912 2265 mor·
963 2209 1002 2265 sei
1017 2216 1107 2280 potest
1122 2208 1186 2281 quia
1200 2206 1274 2265 ritorr
1287 2210 1448 2280 corporalis,
1472 2226 1532 2283 quae
1546 2226 1625 2281 poena
1644 2211 1693 2265 luit
1712 2226 1761 2282 pro

117 2310 178 2359 tuus
193 2310 244 2371 est,
261 2309 287 2358 ει
300 2317 350 2373 per
358 2302 410 2357 boc
419 2299 664 2357 commendabilem
675 2298 737 2356 lacit
746 2301 819 2355 Deus
831 2315 913 2355 raam
963 2297 1100 2371 originali,
1126 2297 1172 2352 illa
1194 2297 1316 2369 regnarit
1334 2298 1523 2368 praemittendo
1537 2307 1600 2354 ante
1614 2316 1644 2355 se
1663 2316 1760 2356 omnes

114 2391 287 2451 charitatem
301 2393 333 2446 ιἰι
347 2391 425 2447 nobis
440 2409 449 2445 .·
463 2391 596 2461 quoniam
611 2388 634 2442 si
648 2404 714 2444 cam
729 2389 821 2445 adhoc
844 2404 914 2444 erac·
962 2387 1087 2442 miserias
1101 2402 1176 2453 suas,
1193 2386 1275 2454 sitim,
1292 2386 1402 2455 famem,
1424 2386 1525 2452 febres,
1542 2397 1568 2443 et
1582 2396 1689 2445 caetera.
1706 2393 1760 2446 ltc-

115 2498 180 2538 ιηιιε
192 2484 364 2554 peccatores,
389 2483 517 2535 mortuas
540 2482 584 2534 ert
599 2477 737 2546 Christos,
771 2477 913 2549 quadram
963 2478 1071 2548 artavit,
1087 2476 1205 2548 inquam,
1222 2476 1256 2532 ab
1271 2476 1359 2532 Adara
1374 2492 1460 2549 usqae
1473 2476 1509 2531 ad
1524 2478 1641 2549 Moysen,
1654 2494 1707 2532 non
1719 2494 1760 2534 so

117 2568 225 2626 difficile
240 2576 266 2624 et
278 2567 427 2623 indebitum
442 2565 499 2634 luit,
512 2567 659 2639 justuspro
670 2567 748 2622 nodia
761 2565 914 2637 peccatori·
963 2564 1019 2620 lum
1038 2564 1065 2619 iu
1080 2580 1128 2620 eos
1143 2565 1188 2636 qai
1199 2564 1325 2637 originali
1339 2572 1452 2636 peccato
1468 2581 1516 2620 sua
1532 2575 1643 2637 peecata
1659 2568 1758 2637 adjun-

117 2658 179 2725 bus3
195 2660 293 2730 igitur,
310 2656 394 2711 idest
416 2662 571 2727 propterea,
585 2656 678 2710 molto
693 2656 783 2726 magia
800 2654 913 2710 creden·
964 2661 1069 2719 xerunt,
1096 2654 1144 2709 sed
1171 2655 1258 2710 etiam
1282 2654 1314 2708 ιἰι
1329 2670 1373 2710 eos
1387 2656 1502 2727 qainon
1512 2662 1708 2727 peccaverant.
1726 2658 1757 2712 la

118 2749 183 2804 dum
198 2754 240 2802 est
254 2745 326 2817 quod
336 2759 387 2799 nos
396 2744 552 2814 justificati
565 2759 653 2808 nanc,
670 2742 715 2815 qui
728 2742 804 2813 prius
818 2757 914 2813 pecca·
964 2742 1184 2799 similitudinem
1212 2744 1455 2816 praevaricationis
1471 2743 1546 2813 Adoe,
1562 2744 1590 2798 id
1601 2754 1650 2807 εει,
1669 2744 1758 2815 quiex

117 2845 191 2893 tores
205 2849 323 2902 eramus,
338 2832 519 2902 insanguine
528 2833 628 2904 ipsias,
640 2831 669 2886 id
684 2838 725 2886 est
739 2847 788 2901 per
802 2829 913 2887 effusio·
963 2838 1041 2901 parte
1061 2846 1110 2885 sua
1132 2847 1187 2887 non
1209 2831 1333 2887 similiter
1357 2831 1527 2902 praeraricati
1543 2840 1614 2898 sunt,
1634 2833 1712 2889 32
1729 2842 1757 2888 ut

117 2921 327 2995 namsanguinis
335 2920 403 2990 ejus,
410 2921 482 2976 salvi
489 2921 605 2985 emmas,
613 2919 719 2974 liberati
725 2920 807 2975 abira
812 2936 864 2992 per
871 2922 914 2991 lp-
962 2920 1059 2974 Adam.
1073 2919 1106 2973 lli
1120 2927 1182 2974 sunt
1196 2920 1302 2990 parvuli
1314 2919 1358 2992 qui
1373 2936 1428 2975 non
1437 2921 1559 2976 habuere
1574 2929 1682 2992 tempus
1697 2939 1757 2992 pec-

116 3031 191 3080 ram,
207 3028 287 3084 quem
301 3009 416 3081 amplius
430 3024 486 3064 non
499 3016 604 3080 oportet
618 3024 634 3062 a
647 3015 717 3063 statu
732 3024 782 3064 suo
802 3008 911 3079 mutari,
963 3007 1052 3074 candi,
1069 3008 1118 3063 sed
1133 3008 1304 3064 solummodo
1319 3009 1354 3064 de
1367 3008 1493 3081 originali
1516 3018 1578 3064 sunt
1591 3010 1686 3081 puniti.
1705 3012 1759 3078 Qui

115 3097 155 3155 uti
170 3097 279 3169 quando
294 3110 344 3166 pro
358 3093 549 3165 peccatoribus
563 3099 679 3148 martem
694 3092 784 3147 subiit.
801 3092 836 3146 Et
847 3062 946 3163 quiaC
963 3095 1048 3151 rldam
1064 3102 1107 3152 est
1121 3099 1215 3168 [orma
1237 3099 1332 3168 [atari
1356 3097 1431 3166 rldae,
1448 3097 1476 3151 id
1490 3105 1532 3152 est
1546 3098 1653 3153 Christi.
1670 3100 1758 3154 lldam

115 3201 260 3259 possemus
266 3181 418 3255 justificari,
431 3197 482 3238 nec
497 3189 586 3236 tamen
602 3197 698 3252 pacem
714 3181 850 3253 perditam
866 3197 913 3237 re·
963 3182 1050 3239 lorma
1065 3185 1164 3241 Christi
1179 3185 1238 3253 luit,
1255 3185 1327 3257 quia,
1346 3185 1414 3241 sicut
1432 3185 1477 3240 ille
1491 3195 1569 3257 pater
1583 3195 1623 3242 est
1638 3187 1757 3242 omnium

115 3289 248 3346 cuperare
262 3288 323 3330 curn
338 3272 406 3339 Deo,
415 3270 452 3325 ait
467 3287 474 3326 ι
491 3271 561 3326 Vere
569 3269 708 3340 justificati
717 3270 786 3326 salvi
800 3269 911 3336 erimus,
962 3274 1113 3330 secundum
1136 3289 1260 3340 carnem,
1277 3274 1316 3331 sic
1336 3274 1461 3330 Christus
1483 3283 1561 3346 pater
1576 3274 1696 3330 fidelium
1711 3294 1757 3332 se-

119 3363 184 3419 dum
196 3362 253 3433 Jam
274 3358 475 3431 justificationis
489 3358 618 3415 meritum
632 3359 838 3430 praetendimus,
851 3359 912 3431 quia
962 3364 1081 3419 eundum
1110 3362 1205 3419 fidem.
1232 3365 1264 3418 Et
1280 3363 1349 3420 sicut
1373 3365 1504 3420 exlatere
1519 3365 1585 3420 Adae
1600 3366 1757 3421 dormientis

116 3469 182 3509 eam
192 3451 449 3516 inimiclcsaemor,
465 3456 491 3505 et
501 3449 627 3504 meritum
638 3448 819 3505 damnationis
829 3449 912 3504 habe·
962 3451 1074 3508 formata
1089 3460 1130 3508 εει
1143 3454 1211 3520 Era,
1225 3452 1265 3507 sic
1278 3469 1311 3508 ex
1321 3452 1406 3507 latere
1416 3451 1516 3507 Christi
1526 3452 1644 3521 soporati
1660 3469 1757 3509 somno

113 3557 216 3607 remus,
228 3555 326 3596 samaa
336 3539 514 3596 reconciliati
524 3541 578 3595 Dea
585 3554 636 3610 per
646 3554 703 3594 rem
717 3545 772 3592 tam
786 3553 909 3609 gravem,
962 3541 1057 3596 mortis
1070 3542 1099 3595 in
1113 3555 1195 3596 cruce
1206 3539 1337 3596 fabricata
1347 3547 1388 3595 εει
1402 3539 1535 3595 Ecclesia.
1549 3540 1579 3593 El
1594 3539 1656 3594 idea
1671 3540 1756 3594 Adam

114 3638 144 3687 ut
157 3632 279 3687 martem
292 3628 360 3684 Filii
370 3629 441 3691 eiar.
452 3626 511 3682 Etsi
521 3627 597 3697 prius
610 3626 721 3693 inimici,
732 3625 813 3680 modo
823 3633 910 3681 morte
960 3626 1049 3683 farma
1064 3627 1174 3694 Christi,
1191 3628 1254 3699 quia
1269 3628 1343 3683 Deus
1357 3627 1476 3682 decrerrt
1496 3643 1546 3697 per
1561 3643 1643 3681 unum
1659 3627 1755 3684 Chris-

114 3717 175 3774 Filii
189 3717 353 3786 ejussumus
371 3713 548 3783 reconciliati,
574 3715 664 3770 realta
687 3715 777 3785 magia
792 3712 910 3768 creden·
960 3722 1015 3770 turn
1038 3714 1195 3781 emendare,
1218 3716 1292 3786 quod
1311 3732 1362 3786 per
1390 3732 1474 3771 unum
1508 3717 1595 3771 Adam
1613 3727 1757 3787 peccatum

79 3830 82 3834 ⁸
114 3806 179 3861 dum
195 3803 324 3875 estquod
337 3803 587 3871 nosreeoncc'tiatt,
603 3802 692 3870 etjam
707 3800 909 3874 quodammodo
961 3810 1011 3858 est.
1037 3802 1086 3860 Vel
1107 3803 1146 3860 sic
1168 3803 1292 3876 legamus
1306 3804 1456 3860 secundum
1470 3805 1644 3860 Ambrosium
1661 3824 1667 3861 :
1685 3808 1756 3862 Vere

112 3893 228 3950 salutem
267 3891 418 3963 promeriti,
448 3891 659 3947 retulerimus.
687 3890 721 3944 Et
735 3889 802 3945 satis
815 3888 911 3945 leviter
959 3907 1055 3947 omnes
1069 3900 1251 3963 peccaverunt
1264 3893 1292 3947 in
1316 3893 1412 3959 Adam3
1426 3911 1487 3949 nam
1507 3893 1641 3966 originale
1652 3910 1754 3964 pocca-

113 3981 231 4038 salvabit
253 3995 305 4035 nos
318 3997 324 4034 :
337 3979 399 4052 quia
422 3981 455 4036 ιἰι
476 3981 536 4036 vita
556 3980 656 4051 ipsias.
681 3979 744 4034 Non
766 3977 838 4033 anim
851 3979 908 4048 jam
959 3990 1014 4036 tum
1029 3980 1128 4036 eratin
1155 3981 1257 4037 mundo
1284 3997 1371 4052 usque
1400 3983 1435 4036 ad
1459 3982 1560 4052 legem.
1579 3982 1633 4037 Sed
1648 3983 1711 4038 licat
1727 3983 1754 4038 in

113 4077 222 4143 oportet
243 4084 305 4125 eum
321 4067 401 4134 mori,
427 4066 498 4123 sicut
512 4066 597 4138 prius.
619 4066 853 4123 Considerandum
868 4074 908 4124 est
958 4069 1061 4125 mundo
1085 4077 1166 4136 esset,
1192 4077 1282 4124 tamen
1303 4085 1357 4125 non
1372 4070 1553 4141 imputabatur
1574 4071 1640 4124 illud
1654 4087 1756 4142 pecca·

113 4157 249 4232 quomodo
263 4156 370 4228 singula
383 4155 498 4227 singulis
512 4162 639 4227 opponat.
651 4156 814 4211 Peccatores
826 4156 908 4226 justi·
959 4166 1026 4225 tum3
1042 4157 1105 4230 quia
1119 4158 1162 4214 lex
1177 4174 1233 4213 non
1248 4167 1321 4214 esset
1337 4176 1397 4231 quae
1412 4168 1553 4230 peccatum
1569 4161 1621 4215 hoc
1636 4159 1756 4215 insinua-

112 4246 196 4315 ficati,
208 4245 310 4301 inimici
338 4243 515 4310 reconciliati,
531 4259 580 4315 per
594 4250 710 4300 martem
723 4243 750 4299 in
766 4243 831 4311 rita,
850 4261 907 4301 aaa
959 4254 999 4301 ret
1015 4264 1022 4301 ε
1038 4247 1086 4302 sed
1112 4246 1175 4303 licet
1192 4247 1344 4304 nesciretur
1366 4248 1418 4304 hoo
1432 4257 1583 4319 peccatam,
1600 4256 1691 4304 tamen
1705 4265 1755 4319 pro

113 4337 205 4393 rotam
220 4334 333 4391 salutem
349 4333 467 4389 laturam
481 4340 681 4404 exspectamus,
697 4332 745 4389 aed
759 4335 847 4390 ettam
859 4349 907 4405 spe
957 4350 1040 4405 poena
1063 4335 1143 4404 hujus
1157 4336 1262 4406 peccati
1289 4336 1412 4408 regnavit
1426 4353 1502 4392 mors
1517 4337 1552 4391 ab
1567 4337 1652 4391 Adam
1668 4354 1755 4409 usque

113 4431 140 4480 et
153 4423 254 4498 gaudio
268 4423 340 4479 illins
354 4422 512 4494 ptodamar
525 4422 558 4477 ιἰι
576 4423 673 4488 Deam,
690 4421 770 4478 etiam
785 4421 849 4477 dum
863 4413 944 4479 hieD
957 4424 992 4479 ad
1014 4424 1135 4495 Moysen,
1160 4439 1215 4480 non
1231 4424 1317 4479 solum
1331 4425 1360 4478 in
1374 4441 1421 4480 eos
1437 4425 1531 4497 quide
1546 4426 1696 4480 actualibus
1706 4443 1754 4481 ra-

112 4529 225 4568 aumus:
242 4511 401 4585 gloriamur,
427 4509 522 4582 inquit,
546 4525 597 4582 par
611 4511 762 4566 Dominam
776 4516 908 4568 nostram
958 4512 1009 4567 bus
1022 4519 1212 4583 peecaverunt,
1229 4512 1278 4568 sed
1292 4513 1374 4568 etiam
1388 4513 1417 4567 in
1440 4514 1548 4585 eosqui
1571 4522 1755 4584 peccaverunt

109 4603 206 4659 terram
222 4599 374 4667 Christum,
384 4615 436 4672 per
450 4614 533 4672 quem
544 4614 621 4654 nanc
651 4598 733 4669 paulo
747 4607 810 4656 ante
825 4616 907 4657 acce·
955 4601 984 4655 in
1006 4601 1209 4656 similitudinem
1231 4601 1463 4672 praevaricationis
1487 4604 1562 4669 Adae,
1591 4602 1618 4656 id
1644 4604 1755 4676 estqui

110 4693 205 4764 pimus
219 4688 322 4745 inimici
336 4688 599 4745 reconciliationem
610 4686 644 4742 ad
659 4687 760 4743 Deum.
956 4706 1005 4761 pro
1027 4689 1085 4744 sola
1109 4689 1284 4745 similitudine
1301 4707 1307 4746 :
1323 4690 1385 4762 quia
1401 4689 1509 4746 luerunt
1524 4691 1570 4744 srlii
1585 4692 1754 4762 pravarica-

146 4778 305 4850 Opponeret
326 4776 425 4848 aliquis
442 4794 449 4831 :
467 4776 590 4831 Christus
616 4775 728 4848 quidem
741 4775 807 4832 satis
818 4777 906 4846 justus
954 4778 1022 4834 toris
1036 4779 1102 4834 ddae
1116 4778 1235 4833 damuati
1250 4786 1322 4833 sunt.
1340 4777 1466 4834 Ostendit
1477 4779 1601 4850 saporius
1615 4779 1754 4835 Christum

108 4864 168 4932 luit,
185 4865 302 4921 sednon
326 4864 434 4921 ridetur
443 4863 546 4933 justitia
561 4863 620 4933 ejus
636 4863 774 4921 sufficiens
797 4865 832 4920 ad
847 4866 904 4921 sal-
953 4883 1038 4922 unum
1049 4865 1227 4922 sufficientem
1238 4882 1300 4923 esse
1311 4866 1346 4921 ad
1357 4867 1535 4923 salvationem
1545 4867 1677 4935 omnium,
1689 4870 1752 4941 quia

109 4953 245 5010 rationem
260 4952 391 5009 omnium.
408 4951 487 5021 Quod
502 4951 648 5023 Apostolus
662 4953 769 5024 probat,
784 4953 879 5010 diceus
896 4971 902 5009 :
954 4954 1123 5010 aolushdam
1139 4954 1276 5010 sufficiens
1295 4954 1343 5009 luit
1365 4956 1402 5011 ad
1419 4955 1602 5026 perditionem
1617 4958 1749 5012 omnium.

108 5041 176 5098 Cum
189 5057 238 5113 per
265 5041 345 5096 unius
366 5040 578 5097 inobedientiam
605 5041 694 5096 omnis
713 5042 794 5097 homo
809 5043 903 5114 lapsus
952 5043 986 5097 Et
1010 5042 1078 5098 sicut
1104 5057 1249 5113 personam
1269 5043 1368 5099 Christi
1391 5059 1518 5114 personae
1540 5045 1607 5100 Adae
1621 5045 1746 5111 contulit,

106 5130 151 5197 sit,
174 5130 288 5203 dignum
311 5136 338 5185 et
362 5145 438 5202 aeque
463 5137 647 5200 comparatum
677 5129 795 5197 videtur,
810 5138 838 5186 ut
852 5148 902 5202 per
952 5130 991 5187 sic
1018 5145 1129 5187 causam
1157 5131 1264 5198 Christi,
1295 5131 1322 5186 id
1346 5139 1388 5187 est
1416 5133 1611 5199 obedientiam,
1637 5135 1750 5205 opponit

102 5218 183 5275 unius
196 5217 379 5274 obedientiam
395 5217 489 5289 lapsus
500 5217 609 5272 humani
621 5217 733 5290 generis
749 5226 899 5289 reparetur,
951 5234 1040 5275 causa
1074 5219 1150 5284 Adae,
1180 5236 1241 5290 quae
1269 5229 1310 5275 est
1338 5220 1533 5287 inobedientia,
1565 5230 1591 5277 et
1621 5221 1747 5277 effectum

100 5324 153 5379 per
170 5308 262 5363 lesum
277 5306 376 5362 solum.
394 5308 547 5378 Propterea
572 5305 744 5361 reconciliari
764 5306 900 5377 potuimus
950 5321 1041 5363 oausae
1067 5307 1176 5377 Christi,
1201 5307 1229 5362 id
1255 5316 1295 5363 est
1316 5308 1537 5378 justificationem
1551 5309 1578 5364 in
1592 5311 1747 5380 praesenti:

104 5396 138 5450 ad
154 5395 341 5461 salvationem,
351 5394 427 5450 sicat
441 5409 492 5465 per
506 5409 597 5450 atnam
613 5393 754 5450 bominem
764 5398 897 5465 intravit,
948 5404 977 5451 et
1007 5397 1088 5452 vitam
1125 5405 1253 5452 artemam
1287 5397 1315 5452 in
1350 5398 1450 5463 lutura,
1490 5398 1601 5468 opponit
1637 5397 1747 5455 effectui

104 5498 160 5541 non
169 5484 322 5541 immissum
331 5499 349 5540 a
358 5483 426 5552 Dea,
437 5481 606 5557 sedquadam
615 5482 743 5542 violentia
750 5488 899 5558 peccatam
949 5483 1030 5553 illius,
1047 5484 1077 5542 id
1092 5493 1134 5543 εει
1147 5485 1228 5544 morti
1238 5486 1389 5559 temporali,
1408 5494 1434 5543 et
1448 5493 1556 5543 aeterna
1569 5486 1748 5560 damnationi,
