3742 5986
175 187 226 242 {23
451 185 480 240 S.
500 182 678 242 anuaomts
695 182 1020 243 cmmusmrtotmtt
1036 184 1280 244 msmutoars
1298 185 1376 242 OPP.
1395 185 1485 243 PARS
1503 187 1538 242 11.
1770 188 1821 243 ihi

174 309 306 382 mysteria
328 308 404 377 fidei,
420 308 444 364 si
456 308 497 365 eis
514 310 705 366 revelarentur
718 326 797 382 quam
813 309 945 382 prodesse
961 312 1008 372 :A
1022 325 1052 366 se
1066 310 1180 384 dignum
1196 327 1259 366 eum
1273 310 1347 383 quia
1361 310 1451 366 minus
1463 310 1548 384 digno
1563 309 1714 382 baptizatus
1729 316 1822 366 esset:

177 406 205 455 ει
222 399 285 455 ideo
295 400 396 454 bonum
409 398 545 471 {judicavit
560 398 761 470 simplicitatem
774 414 868 454 comm
883 398 971 469 magis
1022 399 1049 452 iu
1063 399 1116 455 hoc
1130 398 1223 471 utique
1236 399 1395 472 derogando
1410 400 1470 454 Deo
1484 400 1621 467 errabant,
1636 399 1720 455 etiam
1734 403 1765 453 in
1778 415 1822 466 eo,

174 487 204 542 in
225 487 393 559 simplicibus
418 485 564 542 fovendam
587 503 659 556 esse,
685 503 766 559 quam
779 487 807 541 iu
829 486 969 541 altitudine
1020 487 1082 558 quia
1106 502 1207 558 corpus
1226 488 1335 543 Domini
1349 487 1489 559 paululum
1503 487 1701 544 discernebant
1714 487 1751 542 ab
1762 487 1823 542 aliis

174 577 365 647 mysteriorum
374 575 424 630 Dei
434 576 480 646 (de
502 576 599 647 quibus
613 575 703 647 potius
717 575 873 630 haesitarent
888 591 970 646 quarn
1019 576 1099 632 cibis.
1116 578 1217 631 iterum
1230 577 1258 631 in
1273 592 1307 632 eo
1321 576 1383 648 quia
1396 576 1448 631 viri
1466 576 1556 633 velato
1579 576 1680 647 capite,
1694 576 1824 631 mulieres

173 665 325 735 crederent)
353 665 591 736 corrumpendam.
612 663 667 719 Sed
690 663 773 718 Paulo
791 680 807 717 a
825 663 970 718 Corinthiis
1019 664 1192 735 discooperto
1219 673 1339 720 orarent.
1367 666 1431 719 Erat
1457 665 1538 720 etiam
1561 664 1631 720 alius
1653 680 1745 732 error,
1763 665 1825 736 quia

175 769 296 822 reverso,
313 752 488 824 :introierunt
515 753 542 806 in
573 767 621 807 eos
650 752 893 824 pseudodoctores,
925 751 970 824 qui
1021 753 1138 808 futuram
1154 753 1386 809 resurrectionem
1400 769 1454 809 nou
1468 753 1552 823 (sieut
1570 753 1670 807 Paulus
1684 753 1824 824 pmdica-

173 843 272 898 bonam
294 842 494 913 simplicitatem
515 841 611 912 prioris
633 840 764 897 doetrinae
784 840 968 896 inverterent:
1019 840 1194 910 veratl85
1206 841 1747 908 credebanttocusabanturetianiude,
1762 840 1825 912 quia

174 947 291 1002 quomrn
305 930 430 986 doctrina
444 930 508 1002 quia
521 930 549 984 in
559 929 704 984 mundanis
717 929 865 984 rationibus
876 945 970 984 versa·
1020 929 1185 984 audiebatur
1199 930 1326 985 intereos
1336 929 1490 995 iomieatio,
1501 946 1583 1002 quam
1595 945 1648 985 nee
1662 937 1825 1000 paterentur

173 1019 263 1087 batur,
276 1037 336 1092 quae
350 1019 458 1090 penitus
471 1018 604 1090 spirituali
618 1017 749 1073 doctrinae
759 1015 968 1084 contradiceret,
1019 1018 1146 1091 gentiles.
1182 1017 1299 1086 Quidam
1336 1018 1409 1073 enim
1438 1034 1533 1073 eorum
1562 1033 1713 1074 novercam
1742 1034 1820 1072 suam

173 1108 363 1181 capiturgii
386 1107 506 1174 allicere,
523 1107 599 1162 etad
614 1106 833 1177 persuadendum
852 1104 904 1158 sibi
918 1105 969 1159 ad·
1018 1107 1133 1161 duxerat
1147 1106 1175 1160 in
1192 1122 1304 1162 uxorem
1321 1124 1328 1162 :
1346 1122 1427 1178 quem
1442 1122 1494 1162 nee
1508 1107 1675 1179 corrigendo
1686 1107 1821 1162 emenda-

172 1197 275 1252 ducere
297 1195 463 1263 Corinthios,
489 1195 553 1267 quia
577 1195 665 1268 magis
679 1193 781 1249 mundo
794 1193 970 1248 adherebant
1019 1203 1125 1262 verant,
1141 1210 1193 1250 nec
1207 1194 1443 1266 participationem
1454 1194 1586 1250 Ecclesia
1602 1195 1667 1250 huic
1681 1202 1736 1249 tam
1752 1194 1823 1251 faoi-

175 1300 255 1357 quam
279 1286 348 1352 Deo,
373 1291 402 1339 et
422 1283 605 1339 destruerem
618 1282 670 1349 eia,
685 1281 831 1338 calliditate
844 1282 970 1337 humanae
1017 1298 1117 1338 noroso
1127 1283 1330 1350 interdixeran13
1338 1285 1387 1339 sed
1395 1300 1445 1355 per
1458 1283 1580 1339 illicitam
1591 1283 1752 1355 patientiam
1761 1284 1825 1341 huic

173 1373 295 1442 rationis,
314 1373 388 1446 quod
411 1372 511 1428 Paulus
534 1370 726 1438 aedificaverat,
748 1370 887 1442 sequendo
901 1370 969 1424 sim-
1018 1371 1133 1427 incestui
1155 1372 1308 1428 consentire
1342 1372 1516 1427 videbantur.
1550 1370 1655 1440 Quibus
1684 1372 1825 1428 erroribus

176 1460 322 1533 plicitatem
360 1460 434 1516 fidei.
464 1460 594 1516 Corinthii
622 1468 713 1515 autem
738 1458 905 1514 declinantes
934 1459 970 1513 ab
1019 1460 1146 1532 coguitis,
1175 1460 1273 1514 Paulus
1296 1476 1346 1531 per
1367 1460 1530 1516 sosthenem
1553 1459 1669 1515 missum
1691 1460 1744 1515 sibi
1760 1476 1824 1515 cum

176 1549 352 1606 instructione
361 1549 447 1617 Pauli,
456 1549 615 1621 praecipitati
624 1556 687 1603 sunt
696 1548 724 1603 in
737 1546 838 1603 multos
851 1563 967 1616 errores,
1018 1548 1169 1618 Epistolaa
1191 1548 1327 1616 iratribus,
1353 1549 1399 1619 qui
1423 1555 1500 1603 erant
1522 1548 1613 1615 Cloes,
1631 1549 1679 1620 qui
1701 1548 1781 1604 locus
1796 1549 1824 1604 in

173 1646 203 1693 ut
224 1639 391 1694 aestimareut
414 1639 509 1693 merita
524 1637 718 1709 baptizantium
730 1637 863 1709 prodesse
878 1636 969 1707 bapti·
984 1636 1258 1726 Barchiepiscopatu
1286 1636 1489 1691 Corinthiorum
1504 1635 1695 1702 claudebatur,
1712 1636 1823 1708 scripsit

175 1728 242 1782 satis
257 1737 358 1800 quanto
372 1727 736 1796 majoraesseut,etnooere
751 1726 774 1780 si
789 1725 892 1780 minora
906 1725 970 1780 iuis·
1020 1724 1055 1779 ad
1070 1740 1118 1780 eos
1142 1725 1213 1780 hane
1234 1724 1392 1795 Epistulam,
1417 1724 1445 1778 in
1470 1740 1523 1796 qua
1546 1724 1602 1795 agit
1625 1724 1660 1780 de
1674 1724 1823 1780 Corinthiis

176 1819 295 1873 sentiit
317 1818 369 1872 hoc
392 1817 474 1872 modo
498 1816 600 1872 homini
619 1815 782 1879 tribuebant,
796 1814 870 1886 quod
884 1814 970 1869 solius
1020 1813 1187 1868 errantibus:
1204 1829 1309 1869 errores
1322 1828 1417 1868 eorum
1435 1812 1634 1879 enumerando,
1651 1813 1820 1884 eosdemque

175 1905 225 1962 Dei
240 1915 305 1974 erat,
322 1905 426 1962 scilicet
435 1906 571 1962 dimittere
580 1913 702 1977 peecata.
715 1903 775 1973 Qua
785 1903 820 1958 de
835 1919 863 1958 re
879 1901 968 1971 fiebat,
1019 1902 1147 1974 congruis
1157 1901 1305 1956 rationibus
1315 1901 1503 1972 improbando,
1513 1916 1546 1957 ea
1560 1901 1657 1974 utique
1667 1901 1820 1958 intentione

174 2002 203 2050 ut
217 1995 264 2067 qui
281 2012 296 2050 a
318 1996 444 2069 digniore
464 1996 613 2067 baptizatus
636 2002 703 2062 erat,
725 1992 858 2063 judiearet
881 1991 972 2046 minus
1021 1998 1049 2045 ut
1063 1990 1097 2044 ab
1111 1990 1153 2044 his
1168 1989 1240 2044 vitiis
1253 2006 1300 2045 eos
1315 1990 1447 2045 retrahat.

445 2298 760 2385 EPISTOLA
792 2297 869 2381 AD
905 2294 1295 2382 CORINTHIOS
1334 2294 1548 2389 PRIMA.

437 2484 550 2541 CAPUT
565 2483 709 2540 ratmunt.

209 2630 220 2659 r
242 2609 341 2665 Paulus
363 2617 474 2666 vocatus
496 2608 635 2680 apostolus
645 2607 744 2663 Christi
766 2608 831 2662 lesu
852 2623 901 2678 per
921 2621 969 2662 vo·

174 2720 185 2746 ·
208 2697 336 2754 luntatem
360 2698 420 2766 Dei,
446 2705 472 2754 ει
486 2698 634 2754 Sosthenes
662 2696 747 2752 irater
760 2695 891 2752 Ecclesiae
909 2695 969 2763 Dei,

174 2807 186 2838 ι
208 2795 320 2859 quaest
342 2786 475 2854 Corinthi,
491 2784 664 2842 sanctificatis
678 2785 706 2840 in
720 2784 829 2841 Christo
843 2785 907 2840 lesu
922 2801 971 2840 vo·

175 2896 187 2927 r
208 2875 275 2932 catis
302 2876 411 2943 sanetis,
437 2891 498 2932 cum
522 2874 648 2931 omnibus
669 2874 715 2946 qui
728 2872 856 2929 invocant
870 2889 970 2929 nomen

175 2989 186 3014 ιι
208 2964 316 3023 Domini
331 2964 418 3020 nostri
431 2965 495 3020 lesu
511 2962 626 3030 Christi,
642 2963 669 3017 in
683 2961 757 3018 omni
770 2961 831 3018 loeo
845 2962 1003 3041 ipsommc

174 3077 186 3104 ι
208 3063 234 3110 ει
248 3061 353 3110 nostro.
369 3052 465 3109 Gratia
478 3051 555 3108 robis
570 3058 597 3108 ει
610 3067 688 3123 paxu
703 3052 761 3107 Deo
774 3059 851 3123 patre
861 3059 966 3120 nostro,

174 3164 185 3194 ι
207 3150 234 3198 ει
248 3143 364 3199 Domino
372 3143 438 3198 lesu
447 3141 563 3197 Christo.
576 3140 686 3196 Gratias
696 3155 750 3213 ago
760 3140 818 3195 Deo
826 3156 887 3196 meo
895 3157 968 3195 sem-

175 3253 187 3284 ι
208 3248 259 3304 per
272 3248 322 3304 pro
334 3231 412 3288 vobis
426 3230 454 3286 iu
465 3230 554 3304 gratia
568 3229 627 3296 Dei,
644 3247 705 3302 quae
714 3230 775 3284 data
789 3238 831 3286 εει
849 3229 927 3285 vobis
939 3230 968 3285 in

174 3343 186 3370 ι
208 3321 317 3377 Christo
338 3321 422 3376 lesu:
439 3319 513 3392 quod
532 3319 560 3373 in
572 3318 698 3375 omnibus
712 3318 809 3374 divites
824 3318 887 3374 iacti
901 3318 967 3374 estis

174 3433 186 3459 ι
207 3409 236 3465 in
262 3409 318 3477 illo,
336 3409 364 3464 in
379 3408 452 3465 omni
467 3408 561 3475 verbo,
586 3416 614 3462 et
627 3408 655 3463 in
670 3408 744 3464 omui
759 3408 882 3474 scientia,
899 3407 968 3463 sicut

174 3521 186 3549 ι
207 3498 389 3556 testimonium
403 3497 501 3554 Christi
522 3495 709 3554 confirmatum
723 3505 765 3552 est
779 3497 807 3551 in
820 3497 897 3553 vobis
910 3517 917 3563 ;
929 3496 968 3551 ita

172 3611 184 3637 α
206 3595 235 3644 ut
249 3587 316 3644 nihil
342 3587 419 3644 vobis
442 3586 512 3643 desit
527 3585 618 3641 inulla
632 3586 732 3659 gratia,
749 3585 967 3657 exspectantibus

173 3698 185 3729 ι
205 3677 398 3734 revelationem
412 3675 521 3732 Domini
535 3676 618 3731 nostri
632 3676 697 3730 lesu
712 3675 820 3744 Christi,
837 3674 884 3746 qui
898 3690 966 3730 cou-

174 3788 185 3813 ι
207 3765 323 3820 firmabit
346 3781 395 3821 vos
417 3779 504 3836 usque
527 3763 554 3818 in
569 3762 649 3819 finem
665 3764 724 3818 sine
739 3763 864 3830 crimine,
881 3764 908 3818 in
922 3763 966 3819 die

175 3875 186 3905 r
208 3853 342 3909 adventus
370 3852 479 3909 Domini
502 3852 586 3908 nostri
608 3851 672 3908 lesu
691 3850 801 3908 Christi.
834 3852 967 3908 «Fidelis

174 3963 186 3995 s
207 3942 291 4007 Deus,
306 3958 450 4015 perquem
471 3941 561 3998 vocati
576 3941 642 3998 estis
657 3942 683 4012 (l
698 3941 790 3997 Thess.
806 3956 834 4009 v,
850 3941 896 4013 ii)
915 3941 966 3996 uin

174 4054 186 4080 v
208 4031 365 4089 societatem
386 4030 446 4087 Filii
465 4030 524 4101 ejus
546 4031 611 4086 Jesu
626 4029 724 4085 Christi
739 4029 848 4085 Domini
862 4029 961 4085 nostri.

173 4146 185 4172 v
208 4119 330 4179 Obsecro
354 4129 445 4177 autem
462 4136 511 4176 vos
533 4119 642 4183 fratres,
666 4135 716 4190 per
739 4135 838 4174 nomen
858 4118 967 4175 Domini

174 4235 185 4260 v
206 4211 294 4268 nostri
313 4212 379 4267 Jesu
404 4209 514 4276 Christi,
536 4217 565 4264 ut
578 4208 696 4281 idipsum
710 4208 806 4264 dicatis
820 4224 925 4274 omnes,
940 4215 967 4262 et

174 4324 185 4349 u
207 4316 261 4357 uon
277 4299 372 4356 sintin
387 4299 465 4356 vobis
489 4299 636 4355 schismata
653 4297 730 4353 :sitis
744 4305 837 4353 autem
851 4295 965 4368 perfecti

173 4413 184 4439 a
206 4389 234 4444 in
249 4389 346 4445 eodem
357 4405 448 4455 sensu,
464 4397 490 4444 et
504 4388 531 4443 in
541 4388 637 4444 eadem
648 4387 769 4443 scientia.
781 4384 966 4458 Significatum

174 4500 185 4531 r
207 4486 248 4535 est
260 4478 333 4535 enim
343 4479 407 4533 mihi
419 4478 453 4533 de
464 4477 550 4545 vobis,
563 4476 661 4532 iratres
672 4476 734 4543 mei,
745 4475 780 4530 ab
794 4475 837 4530 his
847 4475 892 4548 qui
904 4482 968 4529 sunt

173 4589 185 4621 ι
207 4568 296 4636 Cloes,
314 4568 378 4640 quia
388 4565 576 4624 contentiones
587 4573 648 4620 sunt
658 4566 796 4620 intervos.
808 4565 865 4620 Hoc
875 4571 966 4619 autem

173 4678 185 4710 r
207 4656 354 4731 dicoquod
377 4655 564 4728 unusquisque
583 4662 701 4710 vestrum
720 4652 785 4709 dicit
799 4670 805 4707 :
821 4654 881 4724 Ego
903 4652 965 4724 qui-

174 4770 185 4796 α
207 4748 269 4804 dem
283 4763 342 4802 sum
358 4745 443 4812 Pauli;
458 4759 512 4818 ego
522 4751 612 4798 autem
620 4741 718 4814 Apollo
728 4742 802 4811 (Aet.
815 4757 895 4808 xvuv,
907 4741 965 4810 25);

174 4857 185 4888 ι
207 4851 259 4908 ego
273 4850 339 4892 vero
364 4835 477 4905 Cephae3
494 4848 547 4906 ego
567 4839 656 4886 autem
676 4830 783 4886 Christi.
801 4830 911 4885 Divisus
925 4837 967 4886 est

174 4947 185 4971 ι
208 4924 354 4996 Christus?
368 4920 498 4993 Nunquid
513 4920 612 4975 Paulus
636 4918 781 4976 crucifixus
796 4928 838 4974 est
852 4935 901 4991 pro
916 4934 966 4975 vo·

174 5011 273 5066 «bisi
300 5015 354 5067 Aut
385 5011 413 5066 in
450 5009 559 5065 nomine
596 5007 672 5063 Pauli
707 5007 835 5079 baptizati
872 5008 967 5063 estis?

174 5125 185 5150 a
213 5099 322 5158 Gratias
349 5115 404 5172 ago
432 5099 490 5154 Deo
517 5113 579 5153 meo
594 5097 668 5169 quod
687 5095 823 5152 neminem
847 5103 968 5153 vestrum

174 5214 185 5239 a
209 5188 352 5261 baptizavi,
379 5187 431 5242 nisi
459 5186 584 5259 Crispum
608 5192 635 5241 et
649 5185 754 5254 Caium,
771 5175 805 5241 ne
820 5184 881 5257 quis
896 5185 968 5241 dicat

173 5301 185 5333 ι
207 5278 282 5352 quod
296 5278 324 5332 in
338 5277 449 5332 nomine
463 5291 525 5330 meo
540 5274 665 5346 baptizati
680 5274 756 5330 estis.
771 5273 907 5346 Baptizavi
921 5289 970 5329 au-

175 5393 187 5420 «
209 5376 264 5426 tem
278 5376 306 5424 ει
314 5366 457 5438 Stephanae
467 5364 578 5422 domum
595 5379 601 5418 :
616 5371 741 5420 caeterum
753 5362 878 5420 uesoiosi
887 5378 969 5433 quem

172 5457 292 5526 cauum
330 5461 452 5525 vestrum
483 5451 686 5526 baptizaverim.
720 5451 781 5508 Nou
815 5451 889 5516 enim
914 5451 968 5507 mi-

1024 2501 1035 2531 «
1059 2479 1094 2534 sit
1110 2495 1154 2534 me
1170 2478 1292 2535 Christus
1307 2478 1455 2549 baptizare,
1472 2478 1521 2534 sed
1535 2478 1744 2552 evangelizare:
1766 2496 1822 2536 nou

1022 2590 1033 2619 r
1056 2569 1084 2623 in
1099 2568 1231 2639 sapientia
1248 2567 1334 2633 verbi,
1351 2575 1379 2622 ut
1395 2583 1450 2623 uon
1464 2576 1610 2623 evacuetur
1623 2583 1690 2624 cmx
1709 2568 1819 2624 Christi.

1023 2678 1034 2707 r
1057 2657 1177 2714 Verbum
1192 2656 1265 2711 enim
1279 2655 1368 2711 crucis
1382 2655 1558 2726 pereuntibus
1580 2656 1692 2727 quidem
1706 2657 1821 2714 stultitia

1023 2768 1034 2793 v
1056 2753 1107 2811 est,
1122 2745 1165 2799 his
1180 2752 1271 2799 autem
1287 2743 1333 2815 qui
1350 2743 1419 2799 salvi
1434 2742 1509 2810 liunt,
1526 2743 1554 2798 id
1568 2751 1610 2800 εει
1625 2744 1716 2811 nobis,
1733 2745 1820 2801 virtus

1022 2856 1032 2882 r
1055 2833 1106 2889 Dei
1119 2841 1170 2888 εει.
1188 2833 1322 2903 Scriptum
1337 2840 1377 2888 est
1392 2832 1504 2887 enimzr
1523 2832 1639 2887 Perdam
1654 2832 1820 2904 sapientiam

1020 2922 1225 2993 «sapientium,
1260 2928 1288 2977 et
1313 2920 1485 2991 pmdentiam
1511 2920 1688 2993 prudentium
1717 2938 1818 2994 repro-

1021 3032 1032 3062 «
1054 3011 1124 3066 babo
1138 3011 1215 3067 (lsai.
1232 3024 1314 3076 xxix,
1331 3008 1385 3080 rt).
1402 3030 1413 3059 ι
1432 3009 1483 3067 Ubi
1494 3009 1627 3080 sapiens?
1643 3010 1690 3064 uhi
1704 3011 1820 3068 scriba?

1019 3123 1031 3148 a
1052 3099 1097 3154 ubi
1120 3098 1265 3171 inquisitor
1288 3098 1367 3167 hujus
1380 3097 1495 3153 saeculi?
1508 3098 1606 3153 Nonne
1629 3098 1741 3154 stultam
1756 3098 1820 3156 iecit

1019 3210 1030 3239 r
1052 3190 1126 3244 Deus
1141 3187 1305 3259 sapientiam
1330 3187 1409 3256 hujus
1424 3186 1543 3242 mundi?
1558 3187 1630 3241 Nam
1644 3187 1709 3258 quia
1723 3187 1751 3242 in
1768 3188 1820 3244 Dei

1019 3276 1184 3348 «sapientia
1212 3291 1265 3331 non
1295 3275 1423 3348 cognovit
1450 3275 1569 3330 mundus
1596 3275 1818 3346 persapientiam

1019 3389 1030 3414 v
1053 3367 1160 3422 Deum:
1184 3364 1286 3436 placuit
1309 3365 1367 3419 Deo
1390 3379 1441 3434 per
1456 3362 1597 3418 stultitiam
1612 3363 1818 3434 predicationis

1020 3476 1031 3505 ι
1052 3455 1143 3510 salvos
1159 3453 1251 3510 iacere
1265 3452 1422 3509 credentes.
1438 3451 1574 3521 Quoniam
1595 3445 1622 3507 ει
1634 3452 1723 3509 ludaei
1737 3454 1819 3527 sigua

1018 3566 1030 3592 a
1051 3551 1157 3615 petunt,
1174 3550 1201 3596 et
1214 3541 1303 3597 Graeci
1319 3540 1479 3611 sapientiam
1496 3548 1634 3612 quaerunt.
1653 3542 1712 3596 Nos
1726 3550 1818 3597 autem

1018 3647 1033 3678 a
1050 3627 1231 3697 praedicamus
1246 3625 1381 3681 Christum
1397 3623 1557 3680 emoitirum
1568 3640 1574 3679 :
1585 3625 1688 3680 Judaeis
1703 3626 1816 3697 quidem

1019 3739 1029 3764 u
1052 3714 1219 3780 scandalum,
1245 3714 1372 3787 gentibus
1396 3721 1486 3769 autem
1501 3713 1641 3769 stultitiam
1660 3729 1666 3767 :
1683 3713 1751 3785 ipsis
1765 3729 1818 3770 au·

1019 3825 1031 3855 r
1053 3812 1106 3859 tem
1127 3803 1230 3859 vocatis
1252 3802 1353 3857 ludaris
1376 3809 1457 3873 atque
1479 3801 1582 3858 Graecis
1608 3801 1743 3857 Christum
1767 3801 1818 3858 Dei

1018 3915 1030 3945 a
1051 3893 1178 3948 virtutem
1192 3900 1220 3947 et
1232 3890 1283 3946 Dei
1297 3891 1475 3962 sapientiam;
1491 3891 1555 3963 quia
1565 3891 1640 3962 quod
1654 3890 1766 3946 stultum
1775 3898 1818 3947 est

1019 4005 1030 4030 a
1051 3981 1102 4037 Dei
1125 3980 1274 4052 sapientius
1302 3987 1343 4034 est
1366 3978 1531 4044 hominibus,
1547 3987 1574 4034 ει
1589 3978 1663 4050 quod
1676 3977 1816 4035 infirmum

959 4118 965 4130 ,
1018 4093 1030 4119 a
1052 4079 1093 4126 εει
1115 4069 1165 4125 Dei
1189 4068 1284 4124 iortius
1309 4075 1348 4122 εει
1371 4066 1536 4122 hominibus.
1560 4066 1656 4123 Videte
1678 4066 1751 4122 enim
1766 4084 1818 4123 vo-

1018 4159 1184 4216 rcationem
1213 4165 1340 4221 vestram,
1368 4155 1477 4222 iratres,
1506 4155 1571 4226 quia
1600 4171 1654 4210 nou
1678 4154 1755 4210 multi
1771 4173 1818 4210 sa-

957 4296 963 4307 .
1021 4269 1032 4302 r
1051 4248 1157 4320 pientes
1167 4246 1318 4302 secundum
1327 4260 1447 4313 earnem,
1459 4260 1513 4299 non
1524 4243 1601 4298 multi
1615 4251 1752 4315 potentes,
1763 4261 1819 4300 uon

975 4343 1029 4403 Du
1051 4336 1126 4391 multi
1149 4334 1264 4399 nobiles,
1286 4333 1334 4389 sed
1356 4349 1416 4404 quae
1439 4332 1521 4387 stulta
1548 4339 1609 4387 sunt
1631 4332 1725 4387 mundi
1735 4333 1819 4407 elegit

1018 4449 1029 4473 u
1051 4427 1134 4489 Deus,
1155 4431 1184 4478 ut
1206 4420 1353 4478 confundat
1374 4420 1527 4492 sapientes;
1550 4428 1577 4475 ει
1599 4419 1708 4475 infirma
1723 4421 1818 4476 mundi

1018 4513 1136 4586 «elegit
1163 4512 1246 4577 Deus,
1276 4517 1305 4564 ut
1335 4509 1480 4564 confundat
1509 4507 1612 4564 fortia:
1637 4516 1661 4563 et
1685 4508 1818 4581 ignobilia

1018 4626 1029 4650 a
1051 4600 1155 4665 mundi,
1179 4607 1206 4654 ει
1233 4596 1448 4669 contemptibilia
1470 4596 1552 4670 elegit
1566 4597 1650 4666 Deus,
1667 4605 1693 4652 et
1707 4612 1741 4652 ea
1754 4613 1817 4668 quaa

1018 4713 1030 4739 ι
1050 4706 1106 4746 non
1120 4696 1201 4754 sunt;
1218 4696 1246 4742 ut
1261 4702 1293 4742 ea
1308 4693 1440 4757 quaesunt
1454 4686 1605 4740 destmeret
1622 4701 1628 4739 :
1645 4692 1673 4740 ut
1686 4700 1742 4740 non
1755 4685 1818 4758 glo-

1018 4778 1136 4834 «rietur
1164 4775 1253 4832 omnis
1281 4790 1346 4831 caro
1374 4774 1402 4829 in
1430 4781 1578 4844 conspectu
1601 4773 1669 4842 ejus.
1692 4774 1733 4828 Ex
1755 4773 1816 4845 ipso

1018 4890 1029 4917 a
1052 4875 1143 4923 antem
1157 4881 1206 4921 vos
1218 4864 1284 4919 estis
1297 4863 1326 4917 iu
1340 4863 1449 4919 Christo
1463 4863 1537 4929 lesu,
1553 4861 1599 4933 qui
1615 4860 1700 4917 iactus
1715 4870 1757 4917 est
1770 4877 1818 4918 no·

1019 4980 1030 5005 a
1052 4956 1095 5011 bis
1110 4953 1245 5025 sapientia
1259 4968 1275 5007 a
1288 4953 1356 5018 Deo,
1377 4959 1404 5005 et
1414 4950 1528 5020 justitia,
1547 4957 1574 5006 et
1587 4948 1774 5017 sanctificatio,
1791 4958 1817 5006 et

1019 5066 1031 5097 r
1053 5042 1212 5113 redemptio,
1229 5048 1267 5110 ut,
1277 5040 1508 5112 quemadmodum
1519 5037 1599 5095 86
1615 5038 1746 5109 scriptum
1762 5046 1817 5107 est,

1019 5154 1031 5185 ι
1052 5131 1104 5202 Qui
1128 5129 1268 5202 gloriatur,
1286 5129 1314 5183 in
1334 5128 1451 5184 Domino
1461 5126 1594 5199 glorietur
1608 5127 1645 5197 (ll
1659 5125 1718 5184 Cor.
1731 5142 1760 5194 x,
1771 5129 1816 5194 173

1019 5244 1030 5270 v
1053 5223 1110 5278 Jer.
1126 5219 1258 5291 11,22).¹·

1332 5338 1491 5379 EXPOSlTlO.

1053 5453 1173 5521 Paulos,
1196 5458 1250 5511 etc.
1279 5449 1351 5525 Quia
1370 5447 1531 5506 auctoritate
1545 5462 1614 5519 opus
1629 5455 1687 5504 erat
1702 5446 1738 5502 ad
1751 5463 1818 5520 pre·
