3742 5986
100 124 135 180 di
377 127 406 184 S.
431 124 608 184 BRUNONIS
631 114 957 183 caaaflbsmltoaua
977 117 1221 182 liastmona
1240 124 1320 182 OPP.
1343 125 1433 183 PARS
1458 126 1491 182 Π.
1729 127 1762 180 68

106 249 205 306 itonam
219 251 294 324 qnod
307 250 529 322 rationalitatem,
546 251 597 308 etsi
616 251 719 307 bonnm
733 250 825 317 vellet,
842 248 942 309 suc-d
957 248 1008 304 Dei
1022 249 1085 304 data
1099 265 1149 321 per
1163 252 1256 306 lesum
1270 249 1405 307 Christum
1433 266 1478 306 me
1506 249 1647 317 liberavit,
1675 251 1767 322 ipitur

107 339 236 396 cubuisse
250 347 341 396 tamen
355 341 509 396 carnalitati
532 340 607 407 dicit,
634 340 761 414 gentiles,
778 355 813 396 ne
833 354 863 393 se
877 338 913 393 de
961 353 1009 409 epa
1022 339 1080 411 ipre
1095 339 1142 411 qui
1157 348 1219 395 ante
1233 340 1350 412 gratiam
1362 341 1501 409 subjectus
1511 355 1586 395 eram
1597 338 1763 405 carnalitati,

106 426 193 484 libero
204 428 318 485 arbitrio
332 428 456 497 efferant,
471 429 611 501 deprimit,
627 437 654 485 et
678 429 718 485 sic
735 444 831 484 omnes
845 443 912 500 gra·
958 426 1015 496 jam
1030 428 1102 498 qaod
1118 428 1220 483 bonnm
1230 428 1355 484 volebam
1367 436 1468 500 potens
1477 427 1594 499 operari,
1606 443 1661 483 non
1676 427 1765 483 solum

107 516 151 573 tia
165 517 216 573 Dei
230 517 347 588 subjicit.
370 518 445 574 Licet
468 518 618 574 secundum
642 517 797 573 interiorem
812 516 913 573 cande·
961 515 1033 582 volo,
1050 516 1099 571 sed
1114 517 1195 572 etiam
1208 519 1297 574 servio
1311 521 1427 585 mente,
1442 517 1470 572 id
1485 525 1527 572 εει
1541 524 1702 587 potestatem
1713 515 1766 571 ha-

107 604 258 677 lectorlegi
267 606 327 674 Dei,
338 610 435 662 tamen
446 606 524 664 uideo
534 607 623 663 aliam
634 607 722 677 lepem
736 607 768 661 in
780 606 913 661 membris
961 603 1014 659 beo
1028 606 1179 661 secundum
1194 606 1266 677 quad
1282 606 1352 662 ratio
1367 606 1496 661 admonet
1514 606 1584 660 bene
1598 604 1681 661 44
1696 619 1765 676 ope-

108 695 190 760 meis,
206 694 233 748 id
248 702 289 750 εει
304 695 331 750 ia
359 695 519 752 carnalitate
544 711 614 751 mea.
632 695 734 767 Legem
758 694 820 750 ideo
835 692 910 763 dicit,
962 693 1051 748 tando
1062 693 1166 750 servire
1179 696 1233 767 ispi
1244 697 1303 750 Dei.
1314 694 1414 750 Necita
1424 702 1514 750 tamen
1525 701 1554 749 ut
1563 693 1650 749 lomes
1660 692 1767 765 peccati

108 783 173 856 quia
188 784 417 855 quemadmodum
433 783 503 841 ratio
517 783 600 841 dictat
623 798 707 854 agere
722 782 796 854 quod
811 783 913 837 bonum
962 782 1071 853 penitus
1085 782 1168 838 inme
1182 783 1336 839 destructus
1351 784 1397 850 sit,
1413 784 1461 839 sed
1488 790 1653 854 potestatem
1678 782 1766 838 babeo

107 878 159 941 eat,
174 872 213 927 sic
227 872 388 928 sensualitas
403 873 477 945 quod
492 872 593 928 malum
617 880 682 927 est:
712 871 802 945 legem
824 886 913 926 mem·
964 871 1067 927 servire
1082 873 1173 939 carni,
1204 871 1231 926 id
1256 880 1297 927 est
1321 872 1469 928 secundum
1498 871 1684 928 carnalitatem
1712 873 1768 942 iepi

110 960 224 1016 brorum
239 961 300 1017 dico
315 966 521 1034 repugnantem
537 962 591 1033 topi
613 961 718 1017 mentis
735 976 813 1025 meoe,
828 959 856 1014 id
871 968 913 1017 εει
963 963 1082 1031 pcccati.
1099 960 1128 1014 ln
1144 959 1196 1016 boc
1216 960 1299 1014 etiarn
1326 960 1474 1015 maximum
1498 968 1574 1016 notat
1595 960 1766 1028 miraculum,

109 1048 190 1106 banis
206 1065 265 1122 quae
275 1049 343 1104 ratio
368 1049 474 1105 suadet.
503 1051 562 1106 Nec
589 1048 678 1104 solum
705 1055 911 1119 repugnantem,
963 1047 1264 1119 quodiomespeocati‚
1281 1056 1470 1121 contraquam
1497 1047 1565 1103 nihil
1590 1048 1667 1120 prius
1689 1057 1768 1120 pote·

110 1138 159 1194 aed
174 1139 565 1211 etiamcaptiuamdacentem
575 1154 620 1194 me
630 1138 661 1192 in
682 1138 770 1208 leqem
780 1137 914 1208 peccati?
964 1145 1007 1191 rat
1021 1136 1100 1202 ratio,
1118 1152 1190 1193 nanc
1205 1137 1342 1207 subjaceat
1356 1136 1462 1206 rationi,
1478 1137 1502 1192 si
1517 1137 1581 1193 velit
1602 1138 1694 1192 homo.

109 1233 140 1281 ut
153 1241 252 1298 operer
272 1243 304 1282 ea
327 1243 389 1298 qua
411 1234 536 1297 corrupta
559 1225 723 1281 sensualitas
736 1224 838 1290 dictat;
854 1240 915 1297 quae

115 1312 159 1370 lex
173 1315 280 1386 peccati
294 1316 382 1371 estin
396 1315 529 1371 membris
551 1314 633 1380 mei,
650 1313 677 1368 id
693 1319 776 1368 estin
797 1311 914 1385 singtilis

114 1403 240 1459 sensibus
255 1402 366 1459 diffusa.
385 1403 420 1458 Et
435 1402 657 1475 quandoquidem
671 1401 715 1456 lex
729 1400 915 1456 membrarum

114 1492 249 1564 captivum
278 1507 321 1547 me
349 1491 423 1548 ducit
445 1492 471 1546 in
500 1498 653 1562 peccatam,
681 1506 746 1563 erpo
774 1488 915 1545 rationalis
1003 1489 1105 1544 «Nihil
1120 1505 1188 1562 ergo
1202 1506 1274 1547 nanc
1289 1491 1470 1546 damnationis
1499 1498 1540 1547 εει
1563 1490 1605 1546 his
1629 1491 1675 1562 qui
1704 1498 1768 1546 aunt

112 1596 173 1636 sum
187 1582 295 1652 infelix
306 1580 388 1652 :quia
403 1596 463 1635 sum
477 1579 567 1646 borno,
581 1579 608 1634 id
623 1586 665 1635 est
680 1579 744 1650 quia
759 1578 952 1664 carnalitateB
968 1598 979 1628 ι
996 1577 1025 1633 in
1039 1578 1147 1634 Christo
1160 1580 1235 1648 lesu,
1253 1580 1299 1651 qui
1314 1595 1369 1634 non
1393 1580 1541 1636 secundum
1571 1593 1682 1635 carnem
1710 1594 1770 1634 am·

1262 1350 1374 1407 CAPUT
1397 1350 1468 1406 v111.

112 1668 268 1740 deprimor;
285 1677 311 1725 et
325 1685 370 1724 me
381 1668 518 1724 infelicem
532 1669 594 1740 qaia
610 1668 737 1724 liberabit
754 1667 786 1723 de
801 1683 915 1738 corpere

111 1758 212 1832 mertia
223 1757 307 1829 injus
319 1761 331 1813 t
341 1757 414 1813 idest
429 1758 464 1812 de
474 1764 560 1813 morte
576 1763 761 1827 peccatorum,
779 1771 839 1827 quae
852 1760 915 1809 sunt

110 1845 139 1901 in
153 1861 270 1917 corpore
284 1861 346 1901 meo
362 1864 368 1900 :
386 1846 429 1902 vel
439 1846 474 1901 de
489 1860 609 1917 corpore
632 1845 735 1911 mortis,
765 1843 851 1900 idest
880 1843 916 1899 dc

112 1941 170 1991 tata
183 1935 235 1991 hac
249 1949 343 1989 massa
356 1942 530 2006 peccatorum
546 1950 607 2005 quaa
621 1932 723 1989 ducunt
737 1932 772 1987 ad
786 1939 914 1987 mortem.

114 2022 169 2079 Lex
183 2038 238 2078 non
253 2030 344 2095 potest
357 2022 473 2077 liberare
488 2037 533 2077 me
544 2021 665 2076 ludaeum
679 2040 686 2087 ;
711 2035 767 2076 non
784 2020 854 2075 ratio
868 2034 917 2074 na·

115 2110 209 2166 taralis
223 2126 268 2165 me
282 2110 432 2182 gentilem:
448 2125 510 2166 cum
523 2109 582 2165 baec
594 2108 622 2163 in
648 2116 765 2180 utroque
779 2106 915 2174 deficiant,

114 2199 172 2255 scia
186 2198 376 2254 liberationem
390 2212 490 2264 meam,
507 2198 630 2269 pratimn
645 2198 695 2253 Dei
708 2197 799 2251 datam
812 2212 863 2268 per
873 2198 917 2253 Je-

112 2303 177 2344 sane
189 2286 332 2342 Christum
345 2287 494 2343 Dorniaam
504 2289 646 2343 nastrum.
658 2283 708 2340 llla
717 2283 841 2355 prolecta
850 2283 917 2338 libe·

969 1687 980 1718 ι
996 1666 1100 1723 balant.
1116 1669 1171 1723 Lex
1186 1667 1258 1723 enim
1273 1668 1384 1740 spiritus
1412 1668 1474 1723 vitae
1487 1668 1516 1723 in
1531 1668 1639 1724 Christo
1651 1668 1715 1723 lesu
1732 1667 1768 1722 li-

969 1776 980 1807 ι
997 1755 1103 1811 beravit
1117 1773 1161 1812 me
1175 1773 1190 1810 a
1204 1757 1266 1830 lege
1281 1756 1386 1827 peccati
1401 1764 1426 1812 et
1442 1757 1549 1812 mortis.
1567 1757 1638 1812 Nam
1649 1757 1721 1829 quod
1732 1757 1768 1810 im

968 1866 980 1892 α
997 1844 1128 1915 possibile
1141 1852 1199 1900 erat
1209 1845 1273 1916 legi,
1283 1845 1310 1899 in
1326 1860 1379 1917 quo
1390 1843 1767 1916 infirmabaturpercarnem.

968 1953 980 1984 ι
999 1934 1073 1988 Deus
1088 1933 1184 1988 Filium
1200 1950 1279 1988 suum
1296 1934 1406 1989 mittens
1421 1934 1449 1988 in
1460 1933 1663 1989 similitudincm
1678 1934 1771 1991 carnis

969 2045 980 2071 a
997 2021 1114 2094 peccati,
1130 2030 1156 2077 et
1172 2022 1207 2077 de
1220 2029 1334 2093 peccato
1350 2023 1487 2078 damnavit
1510 2031 1651 2094 peccatum
1667 2023 1694 2077 in
1708 2038 1770 2079 car·

969 2126 1042 2176 «ne,
1060 2119 1089 2165 ut
1113 2109 1268 2180 justificatio
1295 2109 1366 2182 legis
1392 2111 1550 2181 impleretur
1577 2111 1605 2165 in
1620 2110 1709 2181 nobis,
1724 2110 1772 2183 qai

968 2222 980 2248 a
998 2214 1053 2254 non
1066 2198 1216 2254 secundum
1230 2213 1340 2254 aamem
1360 2198 1541 2265 ambulamus,
1557 2199 1606 2254 sed
1621 2199 1770 2255 secundum

969 2308 981 2339 e
999 2286 1131 2359 spiritam.
1149 2286 1200 2356 Qui
1215 2286 1288 2342 enim
1308 2288 1456 2343 secundum
1479 2302 1590 2344 carnem
1612 2295 1692 2354 sunt,
1709 2304 1771 2358 quae

111 2375 181 2430 rabit
194 2391 249 2441 me,
265 2382 293 2430 et
321 2374 384 2430 ideo
413 2390 463 2429 vos
490 2373 577 2430 Judaei
602 2373 698 2445 gratia
721 2371 833 2440 efficaci,
861 2388 918 2428 non
968 2375 1085 2432 «camis
1100 2382 1162 2429 sunt
1177 2375 1310 2446 sapiant:
1339 2376 1386 2448 qai
1412 2392 1479 2431 vero
1507 2376 1657 2432 secundum
1686 2375 1769 2447 spiri·

111 2463 166 2535 legi
183 2463 335 2535 impotenti,
351 2478 400 2519 vas
423 2462 521 2518 iterum
535 2461 652 2537 gentiles
676 2461 772 2534 gratia
797 2461 846 2516 Dei
862 2477 917 2516 non
970 2472 1054 2519 «tum
1069 2471 1139 2531 sunt,
1157 2472 1294 2536 quaesunt
1324 2464 1435 2535 spiritus
1465 2464 1594 2520 sentiant.
1621 2466 1690 2520 Nam
1705 2480 1771 2536 pru·

111 2551 209 2608 rationi
223 2550 381 2619 debilitatae,
411 2549 587 2620 subiicimini.
617 2549 850 2606 Considerandum
877 2555 918 2604 est
969 2552 1089 2608 «dantia
1103 2553 1193 2609 carnis
1207 2568 1282 2608 mars
1296 2560 1338 2608 est
1353 2570 1360 2608 :
1377 2553 1520 2624 prudentia
1544 2561 1633 2609 autem
1648 2553 1769 2625 spiritus,

113 2639 186 2713 quod
201 2639 300 2710 duplex
315 2638 387 2694 velle
415 2639 515 2695 bonum
531 2637 565 2694 sit
592 2638 620 2693 in
646 2637 767 2693 homine.
795 2637 917 2692 Alterum
969 2665 980 2690 α
997 2641 1052 2697 vita
1067 2649 1094 2696 et
1109 2657 1171 2712 pax.
1188 2640 1322 2709 Quoniam
1338 2641 1473 2713 sapientia
1499 2642 1590 2698 carnis
1605 2641 1715 2698 inimica
1730 2649 1772 2697 est

112 2727 262 2785 secandum
289 2727 441 2783 naturalem
482 2726 624 2794 rationem,
654 2742 715 2798 quae
742 2724 917 2796 corruptione
970 2731 1055 2785 «Deo
1071 2729 1137 2801 Legi
1151 2729 1223 2784 enim
1238 2728 1288 2785 liei
1317 2745 1372 2785 nan
1401 2738 1442 2785 est
1471 2731 1603 2799 subjecta,
1631 2745 1682 2786 nec
1696 2730 1769 2785 enim

111 2816 217 2889 peccati
231 2816 375 2888 depressa,
390 2816 492 2872 bonum
508 2814 581 2886 quod
596 2814 652 2870 vult
665 2813 773 2884 operari
788 2829 844 2869 non
857 2813 917 2868 sai·
970 2839 981 2867 ι
997 2824 1096 2889 potest.
1113 2816 1167 2886 Qui
1179 2826 1268 2873 autem
1283 2818 1408 2873 incarne
1423 2826 1496 2886 sunt,
1512 2819 1570 2874 Deo
1592 2818 1700 2889 placere
1715 2834 1771 2874 non

112 2903 180 2961 ficit.
199 2903 321 2960 Alterum
335 2904 407 2960 vella
418 2902 569 2960 secundum
581 2900 787 2974 inspirationem
798 2901 914 2973 Spiritus
970 2927 981 2958 r
998 2914 1121 2978 possunt.
1151 2906 1207 2962 Vos
1235 2914 1326 2962 autem
1353 2907 1381 2961 in
1409 2922 1492 2963 carne
1520 2908 1662 2974 nonestis,
1679 2907 1772 2962 sedin

113 2992 201 3051 sancti
213 3009 262 3066 per
277 3009 359 3066 quem
373 2992 461 3049 lomes
490 2991 596 3063 peccati
625 2990 794 3062 deprimitur,
810 2998 838 3045 ut
861 2954 949 3046 boo
967 3018 978 3043 a
996 2995 1103 3066 spiritu,
1120 2995 1144 3050 si
1158 3002 1250 3051 tamen
1272 2994 1382 3066 spiritus
1404 2996 1455 3052 Dei
1480 2996 1582 3052 habitat
1596 2996 1623 3052 in
1638 2995 1726 3051 vobis.
1743 2995 1773 3053 Si

111 3097 178 3138 num
191 3081 300 3154 operari
315 3079 462 3153 possimus.
477 3078 554 3135 Velle
577 3087 667 3135 autem
682 3078 812 3134 naturalis
827 3078 914 3135 ratio·
966 3105 978 3136 ι
994 3091 1082 3138 autem
1097 3082 1158 3155 quis
1173 3083 1297 3155 spiritum
1323 3083 1424 3140 Christi
1452 3100 1508 3140 non
1535 3084 1627 3153 habet,
1658 3085 1701 3139 bio
1715 3100 1770 3140 nan

111 3170 303 3236 niahoaerat,
318 3169 423 3241 dequo
446 3168 572 3241 superius
595 3167 725 3224 dicebat:
756 3168 816 3223 Nan
844 3166 915 3240 quad
967 3179 1036 3228 «est
1051 3172 1119 3242 ejus.
1134 3172 1163 3228 Si
1177 3181 1266 3228 autem
1281 3172 1405 3228 Christus
1431 3171 1459 3227 in
1487 3173 1566 3228 vobis
1594 3181 1644 3240 est,
1674 3189 1772 3244 corpus

113 3258 296 3318 catabanum
325 3258 375 3315 baa
389 3274 449 3330 apo.
967 3260 1105 3332 equidem
1128 3268 1263 3317 mortuum
1286 3270 1327 3316 est
1348 3268 1461 3332 propter
1483 3268 1634 3333 peccatam,
1661 3260 1771 3331 spiritus

151 3346 263 3403 Dixerat
290 3345 417 3418 superius
438 3344 591 3402 interiorem
606 3344 744 3401 hominem
772 3352 798 3400 et
824 3342 915 3418 legem
968 3371 979 3397 a
996 3365 1062 3405 vero
1077 3349 1142 3405 vivit
1156 3357 1270 3422 propter
1281 3348 1513 3419 justificationem.
1533 3347 1603 3418 Quia
1616 3349 1640 3404 si
1654 3349 1771 3421 Spiritus

116 3435 299 3492 condelectari
314 3435 341 3490 in
356 3434 428 3492 bono
443 3434 502 3490 sola
517 3433 664 3501 voluntate,
685 3449 740 3490 non
763 3441 834 3502 actu,
852 3433 917 3506 quia
967 3431 979 3485 i
997 3438 1055 3507 ejas
1071 3437 1116 3510 qui
1130 3438 1270 3495 suscitavit
1283 3439 1376 3494 lesum
1392 3453 1409 3493 a
1432 3439 1545 3493 mortuis
1562 3437 1706 3492 habitatin
1721 3453 1772 3492 vo-

113 3531 207 3580 contra
222 3525 281 3581 bac
294 3523 349 3579 duo
363 3522 548 3580 invalescebat
576 3523 662 3581 lomes
689 3523 804 3594 peccati,
826 3522 916 3594 legem
968 3526 1049 3592 «bis,
1066 3526 1112 3597 qui
1126 3526 1266 3582 suscitavit
1280 3526 1373 3580 lesum
1394 3524 1528 3579 Christum
1543 3539 1560 3579 a
1588 3524 1712 3589 mortuis,
1729 3524 1770 3579 vi·

115 3619 143 3669 et
156 3611 288 3668 rationem
304 3627 463 3686 expugnans
479 3629 486 3666 ε
502 3611 551 3667 sed
565 3619 710 3684 postquam
738 3611 811 3666 Deus
826 3618 917 3665 osten·
969 3634 980 3665 ι
998 3613 1124 3681 vificabit,
1141 3621 1168 3668 et
1182 3612 1307 3668 mortalia
1327 3627 1445 3683 corpora
1472 3618 1571 3675 vestra,
1599 3619 1711 3681 proptor
1725 3611 1771 3666 ia-

116 3700 155 3756 dit
170 3708 317 3771 utramque
330 3700 431 3755 bonum
446 3699 517 3773 legis
533 3707 560 3754 ει
574 3699 687 3754 rationis
701 3698 730 3752 in
743 3697 853 3753 homine
865 3696 917 3752 de·
968 3723 980 3749 a
996 3700 1163 3756 habitantem
1178 3701 1307 3771 Spiritum
1322 3700 1380 3771 ejus
1407 3700 1437 3755 in
1464 3699 1551 3755 vobis.
1582 3700 1658 3772 Ergo
1673 3698 1772 3754 iratres

114 3786 204 3854 iicera,
220 3787 295 3844 dedit
308 3786 343 3842 ad
356 3787 482 3842 ultimam
509 3785 627 3859 gratiam
649 3801 737 3853 suam,
767 3800 827 3858 quae
846 3784 918 3839 libe·
969 3812 980 3838 ιι
998 3788 1136 3845 debitores
1151 3805 1254 3860 sumus,
1271 3804 1326 3845 non
1341 3789 1417 3846 carni
1431 3796 1461 3844 ut
1490 3789 1639 3844 secundum
1659 3804 1772 3845 caraem

115 3891 175 3931 rum
199 3875 338 3930 arbitrium
361 3873 542 3941 confortavit3
558 3881 586 3929 ut
611 3873 667 3943 jam
695 3872 719 3928 si
745 3872 810 3929 velit
836 3872 918 3928 bomo
970 3876 1130 3934 «vivamus.
1165 3877 1193 3933 Si
1227 3878 1298 3933 enim
1328 3878 1476 3934 secandum
1504 3893 1614 3933 carnem
1638 3876 1770 3945 vixeritis,

115 3963 216 4020 bouum
231 3961 318 4034 possit
328 3962 447 4033 operari,
459 3970 485 4018 et
498 3962 569 4018 bene
579 3977 708 4018 coercere
721 3960 843 4018 fomitem
857 3976 920 4032 pec.
970 3963 1164 4020 «moriemini.
1180 3965 1211 4021 Si
1225 3974 1316 4022 autern
1346 3965 1444 4037 spiritu
1471 3965 1538 4022 iacta
1553 3965 1642 4021 carnis
1656 3963 1772 4019 martili-

115 4052 177 4109 cati.
194 4051 265 4122 Quia
279 4058 371 4108 autern
385 4051 522 4109 hominem
535 4051 707 4122 redemptum
722 4066 772 4122 per
790 4050 917 4124 gratiam,
971 4054 1136 4121 «caveritis,
1176 4054 1283 4110 vivetis.
1314 4051 1475 4126 Quicunque
1502 4053 1574 4109 enim
1602 4053 1703 4125 Spiritu
1721 4052 1772 4108 Dei

114 4142 189 4198 Deus
217 4156 272 4197 non
297 4141 436 4213 penitusa
469 4139 562 4196 fomite
587 4139 693 4212 peccati
719 4139 821 4206 divisit,
851 4153 919 4195 caa-
971 4150 1127 4214 «aguntur,
1144 4141 1172 4197 hi
1188 4140 1234 4198 lilii
1258 4150 1321 4198 sunt
1344 4142 1407 4199 Dei.
1439 4143 1500 4198 Non
1528 4142 1601 4198 enim
1629 4140 1772 4211 accepistis

116 4246 145 4286 aa
160 4230 218 4286 heac
232 4228 290 4297 init,
307 4229 371 4302 quia
384 4227 494 4301 reliquit
515 4229 641 4284 meritum
669 4227 785 4284 homini.
804 4227 833 4283 Si
847 4226 919 4283 enim
971 4231 1124 4302 «spiritum
1138 4230 1276 4288 servitutis
1290 4231 1390 4288 iterum
1404 4231 1432 4286 in
1446 4231 1553 4300 timore,
1584 4229 1633 4286 sed
1662 4229 1772 4300 accepi·

115 4319 197 4375 homo
212 4318 270 4374 sala
284 4318 446 4374 necessitate
472 4318 519 4391 qui
533 4333 588 4374 non
612 4324 713 4388 posset,
744 4332 798 4373 non
812 4309 952 4388 pecca-I)
969 4339 980 4369 ι
999 4319 1048 4374 ειίε
1063 4319 1186 4391 spiritum
1201 4319 1356 4390 adoptionis
1383 4318 1500 4375 tilianam
1514 4319 1573 4385 Dei,
1591 4318 1619 4373 ia
1634 4333 1688 4389 quo
1712 4317 1771 4373 cla-

115 4414 166 4475 ret,
182 4422 237 4463 non
252 4414 326 4463 esset
339 4406 465 4463 meritum
480 4423 535 4479 quo
559 4404 657 4463 salvari
672 4406 793 4463 deberet.
824 4406 859 4462 Ut
872 4422 918 4461 au·
970 4427 982 4458 r
999 4423 1095 4462 manus
1111 4424 1118 4462 ε
1135 4408 1212 4463 Abba
1229 4408 1338 4480 (pater).
1355 4409 1418 4480 Ipse
1432 4408 1503 4464 enim
1520 4406 1635 4477 Spiritus
1650 4405 1773 4461 testimo-

114 4503 171 4554 tam
184 4494 262 4552 locus
275 4503 349 4553 esset
362 4495 496 4563 merendi,
513 4495 635 4551 fomitem
663 4495 769 4567 peccati
783 4494 920 4551 reluctan·
970 4519 981 4544 ιι
999 4496 1073 4551 nium
1087 4495 1175 4551 reddit
1198 4496 1304 4567 spiritui
1327 4504 1429 4561 nostro,
1448 4496 1520 4568 quod
1535 4511 1628 4550 samus
1644 4493 1690 4548 lilii
1711 4493 1772 4550 Dei.

115 4593 169 4642 tam
180 4584 291 4654 dimisit,
321 4583 491 4641 debilitatam
516 4592 606 4640 tamen
620 4591 646 4640 et
673 4583 709 4653 (si
737 4582 802 4640 velit
825 4583 918 4655 homo)
971 4584 1028 4640 «Si
1042 4592 1131 4640 autem
1146 4583 1205 4651 lilii,
1221 4592 1247 4640 et
1261 4585 1387 4641 haeredes
1408 4583 1555 4640 :baeredcs
1579 4583 1689 4655 quidem
1710 4581 1771 4649 Dei,

100 4672 254 4730 -anbditum
268 4671 376 4729 rationi.
397 4670 467 4741 Quia
481 4672 581 4729 iterum
609 4671 779 4728 homiaema
805 4679 919 4743 peccato
971 4696 982 4722 ιι
1000 4673 1157 4729 cohaeredes
1180 4679 1270 4729 autern
1285 4672 1386 4728 Christi
1401 4690 1408 4729 :
1425 4673 1448 4728 si
1466 4680 1557 4728 tamen
1581 4670 1770 4743 compatimur,

116 4761 296 4834 redemptum,
322 4777 377 4818 non
405 4760 433 4816 ia
462 4767 536 4817 tanta
579 4760 709 4833 dignitate
737 4760 862 4828 restituit,
891 4761 920 4816 in
971 4770 1030 4817 «ut
1044 4768 1071 4816 et
1085 4760 1282 4836 glorificemur.
1296 4761 1430 4818 Existimo
1451 4760 1525 4817 enim
1548 4760 1622 4832 qnod
1641 4774 1696 4815 non
1711 4766 1775 4813 sunt

116 4858 217 4923 quanta
230 4849 318 4906 iuerat
333 4850 418 4906 adam
434 4865 495 4906 cam
511 4848 619 4918 cecidit,
644 4855 746 4907 tactum
761 4856 803 4905 est
817 4864 852 4904 ne
866 4849 919 4904 ite·
970 4849 1145 4923 «condigna
1161 4849 1304 4922 passiones
1330 4850 1409 4918 bujns
1433 4849 1566 4921 temporis
1596 4847 1630 4902 ad
1653 4847 1773 4903 laturam

115 4954 176 4995 rum
190 4939 272 4994 bomo
286 4939 321 4994 de
336 4938 425 4994 subita
435 4945 461 4995 et
475 4945 547 4994 mam
562 4937 691 4994 felicitate
719 4937 913 5010 superbiendo,

115 5025 330 5099 irreparabiliter
345 5026 463 5083 caderet.
481 5024 572 5095 Quare
581 5026 614 5081 ad
624 5026 785 5083 memoriam
799 5026 916 5099 peccati,

115 5123 143 5172 et
157 5115 191 5171 ad
210 5114 361 5171 custodiam
386 5114 544 5170 humilitatis
571 5123 724 5187 opportune
751 5114 848 5172 relicta
875 5121 917 5171 est

115 5218 197 5276 poena
211 5203 332 5276 peccati;
349 5212 376 5259 ut
391 5203 473 5259 etiam
484 5204 593 5275 perboc
603 5203 761 5260 ostendatur
775 5203 817 5259 vis
831 5202 918 5259 sancti

119 5292 247 5365 Spiritus,
276 5291 410 5362 adjutorio
438 5293 513 5361 cujus
541 5292 680 5348 rationalis
711 5293 792 5348 homo
819 5291 920 5366 subigit

116 5381 169 5437 sibi
183 5381 320 5438 carnalem
337 5396 344 5436 :
360 5381 404 5439 oui
419 5381 556 5451 subjectus
570 5380 628 5449 luit,
645 5380 765 5453 quandiu
779 5380 838 5436 sine
852 5397 919 5455 gra·

116 5469 154 5525 tia
169 5468 229 5527 luit.
246 5470 345 5528 Littera
359 5469 398 5528 sio
410 5470 555 5544 jungitur:
582 5468 811 5543 Quandoquidem
830 5470 920 5543 gratia

971 4937 1124 5011 «gloriam,
1142 4954 1202 5010 quae
1218 4937 1382 4994 revelabitur
1394 4937 1422 4992 in
1446 4937 1535 4993 nobis.
1560 4937 1631 4992 Nam
1655 4949 1773 5006 exspec-

971 5046 983 5077 ι
1001 5025 1066 5081 tatio
1081 5032 1211 5082 creatura
1226 5024 1419 5081 revelationem
1430 5023 1548 5080 tiliorum
1559 5024 1610 5080 Dei
1622 5031 1771 5094 exspectat.

971 5113 1118 5169 «Vanitati
1142 5113 1213 5168 enim
1237 5112 1326 5169 omnis
1352 5121 1476 5169 creatura
1499 5113 1621 5182 subjecta
1646 5118 1695 5180 ast,
1718 5127 1772 5166 nan

972 5223 983 5250 a
1002 5202 1105 5268 volens,
1123 5201 1172 5257 sed
1187 5209 1299 5274 propter
1311 5217 1374 5257 eum
1389 5201 1436 5273 qui
1451 5200 1566 5271 subjecit
1580 5216 1640 5255 eam
1655 5200 1683 5253 in
1698 5215 1747 5270 spe
1764 5215 1771 5252 ε

972 5312 983 5338 v
1002 5290 1067 5361 quia
1090 5297 1117 5346 et
1140 5289 1201 5363 ipsa
1224 5297 1346 5346 creatura
1359 5289 1519 5346 liberabitur
1533 5304 1550 5344 a
1565 5288 1693 5344 servitute
1707 5303 1773 5343 cor-

972 5399 984 5426 «
1000 5378 1133 5450 ruptionis
1147 5378 1174 5434 in
1189 5378 1340 5435 libertatem
1350 5378 1446 5453 gloriae
1457 5377 1573 5433 tiliorum
1590 5377 1649 5432 Dei.
1667 5375 1774 5432 Scimus

972 5487 985 5515 ι
1002 5467 1076 5523 enim
1091 5467 1163 5541 quod
1180 5466 1269 5524 omnis
1294 5474 1417 5525 creatura
1439 5464 1596 5539 ingemiscit
1620 5473 1646 5521 et
1659 5463 1776 5537 parturit
