3742 5986
164 162 217 215 tot
355 178 361 189 ·
584 160 756 218 GUlGONIS
775 163 785 218 l
804 160 1009 220 CARTHUSIAE
1028 161 1175 219 MAJORIS
1193 162 1332 221 Ptttottts
1351 165 1384 220 V.
1765 165 1815 220 'lod

167 285 265 355 Deam,
280 285 397 341 bumana
417 300 501 341 carue
516 285 652 352 vestitum,
669 286 759 358 impiis
774 287 886 342 ausibus
902 295 963 342 ten·
978 285 1102 347 ADcum
1117 303 1249 344 venerans
1265 286 1376 354 famulo,
1391 287 1445 355 diei
1460 284 1675 343 consecrationis
1690 286 1815 356 ejusne

169 381 227 428 tare
254 374 477 445 presumpserit3
502 382 528 430 et
550 383 698 445 postremo,
729 375 848 431 ostensis
883 374 966 430 totius
1016 375 1137 431 cessaria
1152 384 1250 432 cuncta
1264 374 1490 440 subministravit,
1505 372 1683 445 pastoralem,
1702 389 1758 445 quo
1772 374 1815 429 dia

168 460 262 516 mundi
277 462 372 534 regnis
387 478 448 518 cum
465 478 514 517 sua
529 462 626 535 gloria,
645 464 740 530 uilaeo,
755 463 891 535 inquiens,
904 478 965 518 om·
1016 481 1081 519 usus
1103 470 1154 531 est,
1171 464 1295 520 baculum
1311 465 1394 530 dedit,
1410 462 1509 518 additis
1523 460 1696 533 psalmorum
1711 477 1812 518 secun·

169 549 215 603 nia
229 549 277 603 tibi
291 549 374 614 dabo,
385 550 407 604 si
419 558 571 621 prostratus
580 551 736 606 adoraveris
747 567 791 605 me
802 551 911 620 (llattb.
925 566 964 617 iv,
1016 552 1081 608 dum
1095 553 1126 607 B.
1147 553 1329 625 augustinum
1352 550 1604 624 Explanationibns,
1621 565 1684 607 cum
1702 551 1735 606 B.
1751 557 1816 606 Am-

170 637 208 707 9),
227 658 238 686 i
261 637 425 713 idololatriae
449 639 530 694 otiam
551 639 640 694 soclus
663 639 830 709 persuadere
853 647 966 695 conatus
1018 641 1102 696 brosii
1118 640 1265 707 volumine,
1283 641 1358 710 cuius
1373 647 1415 696 cat
1429 638 1523 695 titulus
1536 637 1694 706 Deofficiis,
1706 645 1817 711 totoque

170 723 260 778 luerit.
288 725 361 782 Sicut
382 742 451 799 ergo
473 727 525 798 ipsi
540 727 657 782 Domino
672 727 822 782 incredibili
837 743 967 798 praesum·
1017 744 1071 800 quo
1094 728 1224 800 deinceps
1248 737 1370 800 tempore
1390 727 1465 794 vixit,
1491 735 1621 798 tanquam
1645 742 1746 784 verum
1770 727 1817 784 Dei

169 811 262 882 ptione
276 812 468 883 idololatriam,
485 815 525 869 sic
540 816 640 883 eteius
655 831 735 870 servo
751 815 918 888 suggerebat
931 814 968 870 vi·
1017 816 1147 872 famulum
1163 816 1270 873 sincera
1287 816 1435 874 devotione
1460 813 1615 887 specialiter
1630 815 1781 870 honorarit
1793 823 1818 872 et

170 915 253 971 perca
267 901 464 958 machinatione
480 903 685 974 blasphemiam,
698 904 801 959 scilicet
816 911 841 957 ut
854 905 888 959 de
898 905 966 971 Deo,
1018 904 1109 971 coluit,
1138 905 1232 960 sitiens
1253 905 1311 974 ejus
1332 905 1464 960 instanter
1484 911 1511 960 et
1533 902 1655 959 consiliis
1673 902 1776 959 instrui
1794 909 1819 959 et

169 988 214 1044 vel
229 990 263 1045 de
277 989 320 1044 liis
333 1007 393 1060 quae
409 992 443 1045 ad
458 993 544 1046 Deum
560 992 709 1062 pertinent,
726 992 827 1063 aliquid
838 992 968 1064 cogitaret
1018 993 1139 1049 oratione
1155 992 1274 1047 dolendi.

170 1075 322 1149 indignum.
347 1079 400 1134 Sed
416 1079 485 1134 siout
499 1096 514 1135 a
529 1080 655 1146 Domino,
672 1080 721 1147 sic,
738 1080 835 1135 eodem
847 1081 967 1150 juvante,
1055 1085 1080 1135 9.
1096 1081 1144 1135 llis
1168 1081 1204 1135 ita
1218 1096 1272 1136 non
1299 1080 1386 1136 solum
1401 1095 1531 1152 prospere
1559 1079 1608 1135 sed
1641 1086 1668 1134 et
1689 1078 1820 1153 religiose

171 1165 205 1219 ab
221 1166 279 1235 ejus
293 1182 372 1221 servo
386 1167 473 1222 victus
488 1175 515 1223 et
527 1168 657 1223 contusus
671 1168 815 1224 abscessit.
1019 1169 1146 1239 peractis,
1162 1169 1196 1223 ad
1212 1176 1367 1239 susceptam
1381 1184 1509 1224 reversus
1527 1166 1699 1234 Ecclesiam,
1720 1167 1820 1223 invenit

208 1255 235 1308 t.
252 1253 319 1309 Cum
335 1255 417 1326 igitur
438 1256 680 1328 impugnationem,
703 1264 732 1311 nt
752 1256 880 1322 diximus,
895 1257 970 1312 insu·
1019 1257 1122 1313 olerum
1138 1264 1164 1311 et
1177 1256 1317 1327 populum,
1332 1256 1359 1310 in
1374 1256 1473 1312 divinis
1484 1255 1564 1310 nimis
1575 1256 1671 1311 rudem
1684 1254 1820 1312 etinoom·

173 1341 332 1412 spicabilom
348 1343 479 1399 sensisset
489 1345 573 1399 bostis
584 1345 697 1416 antiqui,
710 1359 840 1415 reputans
851 1361 884 1399 ne
900 1345 970 1401 forte
1020 1344 1147 1415 positum,
1164 1352 1190 1400 ct
1201 1351 1359 1400 sanctarum
1375 1343 1596 1401 observationum
1611 1343 1639 1399 in
1654 1351 1764 1398 tantum
1778 1343 1819 1398 in-

173 1429 482 1501 indignatusadrersum
494 1449 523 1487 se
533 1432 628 1488 fuisset
638 1433 779 1498 Dominus,
790 1434 972 1506 quodeligen·
1008 1433 1116 1499 scium,
1134 1440 1162 1487 ut
1177 1447 1231 1488 non
1247 1433 1335 1488 solum
1350 1432 1451 1503 gradus
1466 1431 1601 1488 inferioris
1611 1431 1721 1501 clerici,
1732 1431 1782 1488 scd
1795 1438 1820 1487 et

172 1518 245 1573 tibus
260 1529 382 1575 cesserat
397 1521 439 1576 vel
454 1521 564 1587 invitus,
581 1521 708 1577 electioni
722 1522 750 1576 in
767 1538 796 1577 se
806 1521 972 1578 iactaeabre-
1021 1521 1180 1576 sacerdotes
1193 1536 1293 1577 uxores
1304 1520 1444 1590 ducerent,
1458 1519 1567 1591 nuptias
1577 1518 1688 1591 publice
1699 1519 1819 1575 celebra·

174 1607 296 1662 nuntiare
311 1608 399 1664 modis
415 1609 539 1664 omnibus
554 1610 724 1676 deliberavit,
741 1618 767 1665 et
782 1610 1006 1698 sacrasadmi-B
1022 1616 1090 1673 rent,
1108 1625 1200 1665 emere
1223 1624 1256 1665 ac
1269 1608 1389 1665 vendere
1404 1615 1500 1664 sancta
1513 1623 1568 1663 non
1581 1607 1757 1674 haesitarent‚
1774 1623 1818 1663 ec·

174 1695 357 1762 nistrationes,
387 1698 486 1768 quibus
519 1699 546 1752 in
570 1698 629 1754 dies
660 1715 690 1753 se
714 1698 803 1769 magis
827 1715 858 1755 ac
882 1699 971 1769 magis
1022 1696 1131 1762 clesias,
1155 1697 1317 1762 oblationes
1342 1696 1463 1752 decimas
1485 1703 1513 1751 et
1530 1695 1691 1752 coemcteria
1708 1695 1781 1763 laici,
1796 1702 1820 1750 et

174 1782 320 1853 deputabat
341 1785 491 1859 indignum,
514 1787 588 1842 nullo
603 1794 681 1857 pacto
697 1787 866 1860 contingere.
885 1786 971 1858 Quam
1022 1802 1117 1841 eorum
1141 1785 1236 1841 ditioni
1257 1784 1414 1841 sacerdotes
1428 1783 1529 1839 subditi
1543 1783 1740 1855 possiderent;
1756 1799 1819 1838 nsu-

175 1871 407 1949 delibcrationem,
434 1882 463 1928 ut
492 1875 616 1945 putabat,
647 1874 867 1941 saluberrimam,
893 1874 971 1930 simul
1022 1873 1086 1929 rarii
1102 1874 1159 1930 sive
1174 1873 1351 1928 loencratores
1365 1872 1462 1942 injusta
1478 1888 1510 1928 ex
1521 1870 1616 1928 alienis
1627 1870 1741 1927 damnis
1750 1871 1821 1929 lucra

175 1974 237 2016 cum
252 1960 312 2031 ipsa
326 1962 482 2030 tentatione,
499 1964 532 2017 ab
547 1963 601 2018 imo
616 1963 698 2018 corde
714 1963 843 2033 lacrymis
853 1963 972 2034 prolusis
1022 1970 1237 2028 coarcervarent,
1263 1977 1314 2018 nec
1327 1961 1363 2016 ob
1378 1961 1431 2017 hoc
1446 1968 1539 2015 tamen
1552 1960 1644 2014 minus
1656 1975 1757 2016 eorum
1771 1959 1819 2015 ali·

175 2056 256 2120 atque
272 2050 407 2120 suspiriis,
424 2051 460 2116 ei,
481 2051 528 2122 qui
543 2052 710 2119 seduxerat,
727 2051 863 2107 festinavit
877 2060 971 2108 osten·
1022 2051 1069 2122 qui
1083 2051 1127 2107 vel
1143 2050 1274 2111 ecclesias
1289 2049 1432 2115 intrarent,
1447 2048 1491 2105 vel
1505 2048 1638 2121 mysteria
1648 2053 1819 2104 sacrosancta

176 2138 251 2192 dero.
268 2139 302 2193 At
316 2137 361 2193 ille
377 2137 484 2195 deiecta
499 2139 567 2208 ejus,
585 2147 611 2194 et
620 2140 703 2195 nimio
713 2141 881 2212 (quanquam
897 2157 914 2195 a
929 2157 972 2197 re-
1022 2139 1204 2210 percipcrent.
1223 2137 1300 2194 Adeo
1314 2144 1392 2193 erant
1405 2152 1501 2192 omnes
1515 2135 1764 2208 disciplinaetotins
1774 2152 1821 2192 ex·

175 2224 277 2295 ligione
292 2225 424 2297 prolecto)
440 2226 546 2296 timore,
561 2244 593 2282 ex
609 2235 686 2298 parte
696 2227 806 2283 interim
817 2228 972 2284 rationabili
1023 2235 1122 2299 perles.
1148 2229 1233 2283 Porro
1257 2225 1409 2282 substantia
1432 2226 1530 2281 domus
1545 2224 1724 2298 episcopalis,
1741 2224 1821 2281 dissi·

176 2316 355 2383 responsione
371 2314 474 2380 sedato,
491 2316 525 2370 ad
539 2323 717 2371 memoratum
733 2333 833 2387 papam
843 2334 970 2390 pergere,
1022 2315 1149 2388 pontibus
1164 2330 1219 2370 non
1235 2323 1291 2370 tam
1308 2314 1445 2386 episcopis
1459 2329 1540 2386 quani
1555 2313 1680 2385 tyrannis
1696 2313 1745 2386 qui
1759 2328 1822 2385 prta·

176 2408 203 2455 et
217 2401 348 2473 quidquid
363 2403 421 2472 ejus
436 2404 552 2476 angebat
568 2404 687 2460 animum
704 2406 808 2475 (utpote
821 2406 918 2460 Christi
933 2405 973 2460 vi·
1023 2411 1173 2471 cesserant,
1190 2419 1261 2476 pene
1275 2401 1362 2458 luerat
1376 2409 1623 2473 totaconsumpta;
1640 2401 1821 2458 undemultas

176 2489 261 2560 cario)
283 2497 368 2546 totum
389 2492 508 2548 revelare
529 2493 621 2551 suasit.
644 2492 723 2562 Quod
748 2509 810 2549 curn
834 2494 972 2549 humiliter
1023 2492 1126 2547 ibidem
1137 2492 1218 2547 etiam
1228 2490 1375 2546 necessarii
1386 2491 1473 2546 victus
1483 2490 1587 2562 inopias
1596 2505 1649 2562 per
1658 2489 1756 2562 plures
1763 2505 1822 2562 per·

177 2574 329 2651 devoteque
351 2578 470 2649 iecisset,
494 2589 566 2636 tanta
587 2581 778 2637 consolationis
801 2582 835 2635 ab
850 2582 910 2651 ejus
923 2598 972 2638 ore
1023 2580 1083 2635 tulit
1098 2594 1194 2646 annos,
1216 2594 1250 2636 eo
1273 2579 1348 2650 quod
1362 2594 1413 2634 nec
1428 2577 1528 2635 illicitis
1542 2577 1729 2635 contractibus
1744 2578 1822 2649 (sicat

177 2667 273 2738 sagina
295 2666 422 2738 pertusus
446 2677 497 2735 est,
519 2676 678 2741 tantumque
693 2685 759 2743 erga
774 2686 804 2726 se
818 2669 972 2726 dilectionis
1023 2668 1145 2740 pluribus
1159 2684 1220 2724 mos
1235 2668 1288 2738 est)
1299 2683 1362 2722 suas
1376 2666 1541 2740 indigentias
1556 2665 1689 2739 supplere
1704 2667 1819 2734 volebat,

178 2762 306 2826 expertus
321 2753 458 2824 affectam,
481 2764 510 2811 ut
524 2757 558 2813 de
571 2758 624 2813 bac
639 2758 709 2828 ipsa,
725 2774 787 2829 quaa
800 2758 827 2813 in
841 2758 969 2830 despera·
1024 2764 1051 2813 et
1064 2765 1198 2823 mutuare,
1216 2756 1288 2812 uude
1302 2755 1431 2812 redderet
1445 2770 1501 2811 non
1520 2754 1623 2810 habere
1639 2770 1669 2811 se
1685 2754 1821 2830 cogitans,

176 2843 280 2898 tionem
295 2860 358 2899 eum
371 2859 441 2914 pene
452 2845 631 2917 compulerat,
643 2847 792 2901 tentatione
806 2847 936 2918 gaudere,
946 2856 974 2904 et
1023 2845 1134 2902 minime
1155 2843 1350 2916 praesumebat.
1380 2844 1482 2900 Verum
1504 2850 1544 2899 tot
1566 2851 1592 2899 et
1612 2850 1689 2899 tanta
1705 2842 1822 2917 suscepti

177 2929 305 2987 felicioris
320 2932 433 3004 insuper
456 2933 514 3004 spei
533 2933 676 2990 materiam
691 2950 800 2990 sumere
815 2944 971 3008 cogeretur.
1024 2933 1117 3008 populi
1131 2934 1197 2991 vitia
1211 2933 1255 2990 vel
1268 2939 1392 3005 peccata,
1416 2938 1516 3004 quanta
1534 2930 1675 3005 vigilantia
1690 2932 1822 3005 quibusve

178 3020 274 3077 Docuit
288 3021 360 3078 enim
384 3021 480 3078 beatus
499 3037 581 3094 papa,
601 3030 694 3095 utpote
719 3023 747 3078 in
770 3024 852 3081 rebus
866 3025 908 3079 bis
923 3041 973 3082 nec
1024 3019 1719 3096 predicationisetdisciptinaessageltispersecutus
1727 3019 1821 3088 ἰιιειίις

177 3108 252 3165 rudis
267 3124 318 3166 nec
332 3110 500 3182 inexpertus,
516 3126 632 3185 arguero
646 3112 790 3168 Dominum
802 3119 829 3168 et
839 3113 974 3185 castigare
1023 3127 1092 3185 quos
1106 3110 1208 3167 ibidem
1223 3110 1343 3178 labores,
1359 3124 1428 3183 quos
1437 3108 1591 3176 discursus,
1603 3123 1711 3181 quasve
1722 3108 1823 3166 solliei-

178 3213 247 3270 quos
262 3196 359 3272 diligit,
376 3206 402 3255 et
415 3215 524 3257 omnam
539 3198 623 3255 lilium
634 3200 773 3273 llagcllarc
785 3217 866 3273 quem
876 3202 974 3274 recipit
1023 3200 1132 3256 tudines
1141 3197 1335 3271 insumpserit;
1351 3197 1529 3270 quaejejunia,
1543 3195 1741 3269 quasvigilias,
1753 3211 1820 3271 quas

178 3286 270 3357 (licio.
286 3302 334 3353 xii,
351 3287 388 3359 6),
406 3295 433 3344 et
447 3287 510 3344 ideo
525 3297 625 3361 quanto
640 3289 735 3345 durius
750 3291 826 3346 cordi
845 3291 905 3360 ejus
920 3291 974 3346 im·
1023 3288 1201 3361 psalmodias,
1218 3303 1286 3360 quos
1301 3286 1429 3361 gemitus,
1446 3301 1514 3359 quas
1527 3301 1636 3358 preces,
1647 3301 1775 3359 quosque
1783 3286 1824 3342 la·

177 3383 308 3447 posuerat
322 3376 471 3448 flagellum,
488 3385 561 3433 tanto
577 3378 730 3434 evidentius
743 3379 902 3449 paternaein
913 3396 974 3435 cnm
1023 3392 1180 3448 crymarum
1204 3376 1320 3441 imbres,
1341 3375 1376 3430 ad
1391 3373 1590 3446 propitiandum
1603 3388 1656 3446 pro
1671 3373 1714 3430 eis
1729 3373 1822 3432 Domi·

176 3464 287 3520 dedisse
305 3464 458 3521 dilectionis
471 3465 611 3523 indicium.
629 3467 809 3523 Praesensisse
824 3468 906 3524 etiam
919 3469 974 3538 jam
1023 3481 1099 3530 num,
1114 3472 1230 3536 paterna
1244 3480 1293 3534 pro
1312 3463 1352 3519 eis
1372 3462 1563 3534 compassione
1587 3460 1753 3534 profuderit,
1768 3478 1837 3519 noa·

174 3553 287 3625 jamque
301 3553 439 3609 diabolum
462 3563 559 3627 quanta
581 3572 631 3627 per
645 3571 708 3610 eum
722 3557 781 3627 ipse
796 3556 896 3612 damna
909 3573 974 3628 pas·
1024 3562 1066 3609 est
1080 3562 1180 3610 nostrae
1193 3551 1328 3608 facultatis
1343 3551 1481 3608 evolvere.
1497 3551 1551 3607 Sed
1567 3565 1629 3617 uec,
1646 3550 1710 3622 quis
1722 3567 1755 3607 ex
1766 3559 1823 3608 tan-

180 3658 268 3708 surus,
284 3651 383 3715 quanta
402 3644 452 3699 Dei
466 3643 583 3715 populus
597 3644 706 3698 virtutis
721 3644 792 3700 soret
807 3645 976 3701 incrementa
1024 3643 1059 3698 tis
1068 3642 1208 3697 laboribus
1218 3640 1373 3712 provenerit
1383 3639 1496 3706 fructus,
1506 3639 1607 3697 nostris
1618 3639 1721 3711 exponi
1731 3639 1821 3696 verbis

178 3739 345 3802 sumpturus,
361 3739 388 3786 et
403 3732 505 3788 idcirco
520 3748 617 3805 omnes
631 3733 788 3789 inveteratae
798 3734 975 3806 malignitatis
1025 3739 1071 3786 aut
1085 3737 1175 3801 potest
1189 3737 1235 3785 aut
1254 3744 1322 3800 opus
1336 3737 1386 3795 est,
1403 3744 1464 3784 cum
1479 3744 1570 3784 rerum
1586 3727 1613 3782 in
1625 3727 1727 3783 melius
1740 3726 1822 3784 mani·

178 3819 317 3875 insumere
332 3828 456 3884 conatus,
472 3828 501 3874 ut
516 3837 530 3874 a
546 3820 704 3876 sacriseum
715 3823 916 3893 quoquomodo
927 3823 975 3879 de·
1025 3820 1093 3875 testa
1107 3818 1220 3875 mutatio
1234 3817 1352 3889 idipsum
1371 3816 1542 3874 cernentium
1557 3815 1701 3873 evidenter
1715 3815 1821 3890 ingerat

177 3914 280 3962 terrere
302 3906 389 3978 possit
412 3905 518 3975 officiis,
543 3909 715 3978 permittente
736 3910 812 3977 Deo,
830 3910 865 3965 ad
889 3911 975 3982 ipsius
1025 3907 1121 3964 oculis.

179 3995 290 4067 quidem
303 3995 482 4068 ignominiam
497 4002 524 4051 et
537 4011 661 4068 poenam,
678 3998 714 4053 ad
728 3998 807 4067 hujus
821 4007 912 4056 autem
925 4016 974 4057 co·

178 4099 273 4140 ronam
288 4091 314 4140 et
328 4082 458 4156 gloriam.
1330 4099 1443 4156 CAPUT
1457 4098 1504 4154 lll.

214 4176 240 4229 8.
258 4172 416 4242 liujusmodi
432 4173 611 4240 sermonibus,
628 4173 973 4247 etvaritateplcnisctau-
1026 4226 1209 4283 Monachum
1219 4224 1414 4281 cluniacam
1448 4239 1480 4278 er
1494 4238 1605 4278 annum
1632 4223 1686 4279 m
1795 4226 1802 4239 .

178 4261 303 4318 ctoritate
326 4261 469 4329 roboratis,
495 4277 549 4320 non
574 4263 683 4334 quidem
698 4264 845 4321 tentatione
861 4266 969 4336 penitus
1061 4295 1213 4353 Carthagi,
1228 4312 1293 4351 cum
1309 4295 1336 4352 s.
1353 4241 1485 4350 Bruogne
1498 4297 1527 4349 ct
1547 4264 1614 4349 aliis
1633 4240 1822 4352 mma

179 4349 321 4415 exstincta,
338 4351 387 4405 sed
404 4358 493 4407 tamen
508 4352 695 4408 consolatione
711 4362 846 4424 suscepta,
864 4338 1008 4410 animas-D
1060 4368 1137 4424 [mer
1151 4367 1320 4440 afflictione,
1335 4364 1441 4421 donum
1458 4365 1662 4435 lacrymarum.

179 4437 259 4510 quior
274 4438 396 4506 effectus,
419 4441 653 4496 consecrationem
675 4441 710 4496 ab
725 4441 822 4499 eodem
837 4450 898 4513 post
912 4458 974 4498 mo-

177 4527 269 4584 dicum
283 4529 401 4599 suscepit
416 4528 610 4600 episcopalem.
627 4521 998 4602 Tantusantemetinipsa'
1061 4535 1406 4607 to.1pseverotnterim‚
1431 4541 1611 4606 pennatorum
1635 4533 1664 4589 in
1679 4534 1822 4593 Ezechiele

179 4617 396 4683 consecratione,
413 4625 439 4672 et
454 4624 509 4672 toto
522 4617 569 4672 illo
585 4633 638 4689 quo
651 4617 753 4674 ibidem
763 4618 920 4674 demoratus
933 4627 976 4675 est
1024 4623 1189 4690 animalium,
1214 4638 1306 4680 coram
1330 4639 1381 4678 sua
1404 4638 1514 4695 semper
1535 4621 1604 4678 lacie
1624 4622 1820 4696 gradientium,

179 4712 313 4776 tompore,
329 4704 401 4760 illius
414 4705 464 4761 viri
480 4705 545 4759 tanti
568 4721 646 4760 amor
660 4705 687 4760 in
703 4722 765 4761 eum
780 4714 907 4763 ostensus
922 4715 973 4774 est,
1024 4713 1134 4767 sedulus
1148 4712 1277 4777 imitator,
1295 4728 1356 4767 sese
1370 4718 1432 4766 ante
1448 4727 1478 4767 se
1493 4726 1605 4782 ponere,
1622 4718 1647 4767 et
1662 4727 1713 4767 sua
1726 4712 1770 4768 vel
1778 4728 1824 4784 pe·

178 4801 207 4849 ut
222 4801 345 4865 patenter
368 4795 567 4859 ostenderetur,
593 4793 692 4850 divinae
711 4795 738 4849 in
758 4812 791 4851 oo
805 4797 898 4868 gratiae
912 4812 975 4851 ma·
1025 4801 1111 4856 ricula
1125 4800 1169 4856 vel
1191 4799 1330 4871 protectus
1354 4800 1446 4855 subtili
1471 4799 1672 4855 examinatione
1687 4800 1825 4857 discutere

178 4899 264 4956 gnum
278 4883 389 4955 aliquod
403 4882 582 4952 praesensisse
597 4884 773 4956 presagium.
790 4885 880 4940 Sedet
891 4885 975 4941 comi·
1025 4906 1079 4944 non
1094 4888 1230 4945 cessabat.
1247 4888 1439 4959 contemplans
1453 4888 1543 4959 itaque
1558 4903 1637 4941 suam
1651 4888 1696 4943 vel
1706 4897 1822 4956 atatem,

178 4971 245 5026 tissa
270 4971 407 5026 llatbildis
431 4974 497 5040 (to),
521 4969 629 5025 babitus
652 4972 761 5043 quidem
790 4973 909 5040 feminei,
926 4973 976 5029 sed
1025 4978 1068 5034 vel
1082 4993 1189 5033 morum
1203 4977 1436 5047 imperfectionem
1447 4976 1485 5047 (in
1496 4975 1725 5047 quampraecipue
1736 4994 1823 5050 usque

177 5059 259 5112 animi
272 5076 322 5130 per
337 5068 433 5115 cuncta
448 5059 542 5125 virilis,
560 5075 620 5131 quse
637 5075 725 5115 rerum
740 5062 919 5117 humanarum
934 5071 976 5117 tu·
1025 5066 1059 5120 ad
1073 5073 1188 5120 mortem
1210 5065 1309 5120 mentis
1325 5065 1418 5120 oculos
1433 5064 1551 5119 intentos
1570 5064 1671 5135 etipse
1686 5065 1784 5120 habuit
1798 5072 1823 5121 et

178 5146 279 5202 multus
303 5156 383 5219 atque
402 5148 531 5217 pericula,
550 5147 638 5204 instar
653 5150 833 5219 prophetissa,
847 5151 973 5218 Deborae,
1024 5155 1093 5209 alios
1118 5153 1217 5209 babere
1239 5153 1386 5224 persuasit)
1410 5160 1437 5207 et
1460 5152 1579 5223 suscepti
1600 5152 1711 5222 pondus
1729 5152 1821 5219 officii,

85 5304 91 5316 ι
177 5235 325 5308 prudenter
340 5237 436 5292 sectare
451 5244 477 5291 et
493 5236 599 5293 sortiter
612 5245 727 5295 noverat
742 5238 870 5305 tolerare,
883 5239 911 5294 in
925 5256 975 5296 sao
1025 5242 1140 5298 necdum
1153 5241 1259 5298 duobus
1273 5249 1334 5313 post
1349 5240 1582 5297 consecrationem
1598 5239 1718 5311 expletis
1732 5242 1821 5309 annis,

216 5413 270 5476 tio)
290 5418 350 5466 acta
367 5415 465 5478 collegit
488 5419 512 5467 el
531 5417 605 5469 edidit
634 5416 715 5467 italice
735 5417 878 5468 Franciscus
900 5419 977 5468 llaria
1025 5435 1065 5486 ep.
1078 5422 1204 5483 Lucensis,
1227 5435 1241 5471 a
1259 5421 1328 5472 nobis
1341 5421 1415 5484 edita,
1431 5421 1461 5473 ad
1472 5421 1538 5473 diona
1558 5421 1590 5471 ts
1610 5419 1703 5482 ilariii,
1726 5420 1823 5487 potiss-

181 5481 352 5534 Florantinins.
366 5483 471 5535 Plurima
485 5483 517 5536 de
534 5498 564 5536 ea
581 5484 695 5536 dicuntur
706 5483 732 5534 in
744 5484 798 5536 Vita
816 5486 843 5536 S.
868 5485 976 5539 lnselnii
1025 5501 1091 5540 mum
1103 5501 1158 5554 cap.
1171 5488 1196 5538 Ξ.
1665 5518 1672 5538 i
