3750 5984
93 183 146 238 etc
639 178 1032 240 ‘crnnunnuxauarnc
1052 179 1181 238 cneum
1691 137 1779 233 aaa

96 303 263 374 expetendo:
279 302 405 359 homines
419 319 539 377 quoque,
556 304 694 375 procando
708 297 817 361 veniam
832 307 934 376 peta-A
948 303 1137 374 variationem,
1154 305 1218 378 quin
1239 304 1376 361 mutabilis
1396 310 1447 359 est.
1464 305 1512 358 Est
1541 309 1632 357 autem
1655 306 1745 357 mutus
1803 379 1806 383 ἡ

95 398 229 459 catorum,
247 392 365 464 gratiam
385 393 555 461 meritorum,
572 393 688 466 gloriam
707 394 891 464 premiorum.
946 394 1096 449 secundum
1111 394 1211 463 locum,
1228 393 1376 450 secundum
1393 399 1512 463 tempus,
1525 390 1675 447 secundum
1688 387 1745 444 lor·

96 479 170 553 Lege
206 480 367 545 secundum,
392 488 419 535 et
451 481 615 554 vigesimum
644 490 769 539 octavum
794 482 894 537 librum
943 498 1026 537 mam.
1042 483 1118 537 lllius
1132 498 1199 539 vero
1212 490 1312 547 motus,
1328 482 1373 554 qui
1389 480 1537 537 secundum
1560 477 1675 533 formam
1691 483 1743 548 est,

47 569 50 573 ’
93 568 236 624 Moralium
266 568 338 623 beati
368 568 516 642 Gregorii3
532 571 561 625 in
588 571 628 626 eis
648 571 779 637 invenies,
810 586 892 642 quam

93 654 237 727 profunde,
252 658 479 728 quamqueuitide
494 658 568 713 idcru
593 659 636 715 vir
651 659 686 715 de
700 659 742 713 his
765 659 891 725 disserat,

95 760 175 815 quem
189 744 260 799 inter
276 753 390 800 caeteros
405 753 511 801 constat
527 746 611 802 luisse
627 748 755 804 doctores
770 754 796 802 ct
811 747 892 818 inge·

93 832 138 888 nic
153 840 275 898 acutum,
288 840 315 886 et
329 832 357 887 iu
368 834 477 906 eloquio
492 835 634 891 decorum.
654 835 723 892 Vide
736 836 808 890 inter
822 836 890 904 baec,

93 920 190 991 inipsa
213 921 390 978 meditatione
414 928 461 977 tua
475 922 601 990 interna,
632 923 704 994 quud
729 939 762 980 ex
788 924 891 979 duabus

92 1009 250 1064 substantiis
275 1010 358 1066 homo
375 1009 462 1066 lactus
478 1019 540 1077 est;
556 1026 610 1067 una
633 1027 776 1084 corporea,
797 1012 891 1068 inccr-

92 1113 176 1169 porea
190 1097 285 1153 altera.
303 1100 334 1154 ln
348 1107 479 1170 quantum
490 1099 530 1171 (ut
543 1107 606 1156 ante
616 1116 667 1156 nos
687 1100 770 1174 longe
788 1100 891 1161 dictum

92 1185 146 1256 est)
160 1201 194 1241 ex
208 1201 342 1257 corporea
353 1194 404 1253 est,
421 1202 484 1243 cum
500 1188 608 1244 ceteris
631 1188 794 1244 animalibus
812 1204 890 1245 coru·

90 1274 180 1329 munis
195 1282 298 1330 naturae
313 1275 394 1331 babct
407 1276 640 1347 participationem
663 1291 670 1331 z
686 1276 736 1333 scd
752 1277 780 1332 in
795 1275 889 1333 formae

91 1362 297 1433 compositione,
314 1363 413 1419 adalia
431 1364 560 1420 animalia
588 1363 768 1421 differentiam
796 1365 888 1424 babet.

90 1450 161 1506 Nam
172 1449 218 1505 illo
242 1450 356 1506 sormam
379 1452 415 1507 ud
435 1459 535 1508 terram
558 1452 660 1509 babent
687 1452 840 1509 inclinatam
863 1463 890 1510 et

90 1553 204 1610 pronam
222 1553 228 1593 :
247 1555 301 1611 quo
316 1539 495 1611 significatur,
524 1548 625 1612 praetcr
648 1556 755 1612 eaquae
780 1548 890 1598 terrena

943 577 999 625 tres
1014 570 1123 642 quidam
1136 571 1229 627 dicunt
1243 571 1350 642 species
1365 586 1436 636 esse,
1459 575 1644 640 augmentum,
1665 565 1745 620 dimi·

944 659 1096 725 nationem,
1127 660 1326 716 alterationem.
1356 660 1478 715 blovetur
1503 658 1614 729 quidem
1643 652 1746 725 aliquid

944 748 1094 801 secundum
1124 749 1223 815 locum,
1251 765 1312 804 cum
1342 749 1431 820 ipsum
1447 747 1482 801 de
1507 747 1568 802 loco
1596 743 1742 810 adlocum,

943 835 1080 908 mediante
1096 836 1158 892 loeo
1173 837 1270 892 transit
1282 853 1289 892 ε
1300 837 1372 909 quud
1382 837 1416 890 ad
1435 835 1522 891 solum
1539 849 1640 904 corpus
1655 831 1743 903 perti·

943 934 1005 991 net,
1030 940 1083 980 non
1099 927 1170 982 enirn
1191 927 1244 981 hoc
1258 925 1365 996 spiritui
1393 925 1519 989 humano,
1545 922 1589 978 vel
1617 918 1743 993 angelico

943 1017 1081 1074 convenit.
1097 1013 1252 1070 Secundum
1272 1021 1378 1085 tempus
1402 1012 1457 1068 alin
1472 1010 1575 1067 moveri
1604 1009 1740 1075 dicuntur,

944 1124 1004 1179 quac
1018 1105 1095 1178 prius
1110 1112 1136 1160 ct
1162 1102 1298 1174 posterius
1326 1101 1486 1173 suscipiunt.
1517 1098 1673 1155 Secundum
1692 1111 1742 1152 au·

943 1202 1085 1269 gmentum
1113 1190 1158 1248 vel
1187 1190 1393 1246 diminutionem
1422 1189 1468 1245 illa
1509 1194 1652 1244 moventur
1679 1199 1740 1256 quaa

944 1283 1090 1356 quantitate
1110 1288 1247 1353 augentur
1268 1279 1311 1334 vel
1340 1278 1507 1333 minuuntur.
1523 1278 1625 1332 blotum
1650 1281 1741 1330 autern

942 1370 1111 1428 alterationis
1125 1369 1174 1424 illa
1188 1366 1420 1438 suscipiuntque
1434 1366 1583 1422 lormamm
1597 1372 1623 1421 et
1631 1370 1740 1420 actuum

942 1459 1101 1517 diversitate
1129 1455 1331 1529 quodammodo
1356 1455 1510 1511 alterantur.
1550 1454 1619 1509 Sunt
1650 1457 1740 1506 autem

943 1565 988 1604 res
1002 1547 1138 1620 quaedam,
1158 1560 1219 1617 quae
1234 1543 1354 1600 omnium
1368 1559 1500 1616 generum
1515 1551 1637 1597 motuum
1648 1553 1741 1595 susce·

89 1634 161 1692 suut,
177 1627 213 1681 ab
232 1626 272 1683 eis
293 1629 367 1683 nulla
391 1644 453 1684 esse
480 1629 641 1700 appetenda.
670 1629 794 1685 Hominis
822 1646 926 1718 vcroB
941 1637 1023 1708 ptivae
1038 1634 1196 1701 sunt;velut
1212 1648 1256 1689 res
1267 1647 1417 1703 corporeae.
1434 1631 1600 1703 quialocoet
1614 1638 1739 1703 tempore

89 1715 216 1770 lcrmain
231 1714 315 1770 altum
330 1716 455 1787 erigitur,
471 1725 496 1773 et
511 1734 619 1773 sursum
636 1717 781 1784 elevatur;
802 1719 891 1790 quiet
940 1732 1093 1780 movantur.
1113 1722 1227 1794 Spiritus
1242 1736 1350 1793 quoque
1380 1719 1464 1776 creati
1487 1719 1570 1776 variis
1598 1718 1739 1776 affectibus
1843 1780 1849 1791 ,

89 1812 191 1874 praeter
205 1811 305 1859 caetera
324 1803 472 1859 animantia
503 1804 592 1878 [Pnr.,
617 1805 756 1879 animalia]
782 1814 889 1862 rectum
938 1822 1164 1883 mouenturquos
1178 1810 1310 1881 incipiunt
1324 1808 1434 1877 habere,
1451 1814 1478 1863 et
1498 1807 1635 1863 desinunt.
1653 1809 1687 1863 Et
1702 1809 1738 1864 ita

87 1891 170 1946 habel
186 1890 334 1959 incessum,
351 1900 377 1947 el
405 1892 440 1948 ud
455 1909 572 1964 superna
598 1901 747 1965 aspeclum·
773 1894 834 1964 Quo
857 1895 890 1950 li·
938 1909 1041 1956 motum
1061 1899 1211 1955 secundum
1226 1897 1351 1964 formam,
1378 1913 1488 1968 semper
1510 1896 1633 1967 sequitur
1646 1905 1736 1952 motus

89 1979 170 2051 quide
181 1979 348 2047 declaratus,
365 1988 392 2035 et
407 1997 469 2036 curn
489 1998 550 2053 quae
567 1998 677 2038 sursum
706 1990 768 2037 sunt
791 1999 890 2054 sapere
938 1989 1086 2044 secundum
1110 1996 1227 2058 tempus.
1259 1986 1376 2058 Spiritus
1403 2000 1470 2057 ergo
1498 1985 1590 2055 crcati,
1616 1985 1678 2056 quia
1701 1983 1736 2041 de

90 2066 202 2135 debere,
220 2075 247 2123 et
264 2075 318 2124 tcta
334 2068 432 2124 mentis
457 2069 607 2126 intentione
622 2070 686 2126 illuc
712 2071 827 2127 tendere
841 2070 889 2127 ubi
938 2077 1011 2133 bono
1025 2077 1053 2131 in
1069 2076 1171 2132 malum
1188 2082 1341 2142 moventur,
1366 2073 1400 2129 de
1429 2072 1548 2129 maloin
1567 2074 1678 2140 bouum,
1699 2073 1734 2129 dc

88 2155 209 2211 Christus
225 2156 303 2212 sedet
316 2156 344 2211 iu
354 2157 468 2214 dextera
483 2158 533 2214 Dei
548 2158 728 2216 PatrisUnde
744 2160 888 2232 etquidem
937 2165 1008 2221 beno
1019 2165 1046 2220 in
1060 2164 1172 2232 bonnm,
1189 2163 1223 2219 de
1238 2163 1311 2219 malo
1329 2162 1357 2216 in
1370 2161 1483 2229 malurn,
1504 2160 1611 2216 duabus
1629 2161 1736 2232 specic-

87 2238 146 2295 ⁰i²³
937 2254 989 2309 bus
1004 2261 1127 2308 motuum
1142 2260 1294 2309 moventur.
1324 2251 1411 2307 blotus
1425 2266 1492 2306 vcro
1521 2249 1672 2305 secundum
1690 2249 1736 2305 lo·

124 2365 750 2437 Proccqcecumspectentcnimcliccoeterc
766 2371 885 2433 terram,
936 2358 1009 2413 ‘⁰¹¹¹’
1024 2342 1122 2397 ‘'nimoe
1135 2340 1283 2397 ⁰⁰¹¹Ve¹¹if⁰
1309 2356 1364 2396 ”⁰¹¹
1393 2346 1503 2410 9⁰¹⁰⁵¹3
1530 2338 1579 2393 sed
1599 2337 1672 2395 imus
1688 2337 1736 2409 ‘³¹¹5

124 2450 159 2509 0,
171 2450 279 2509 pompm
289 2452 409 2508 sublime
419 2453 505 2521 gedig,
518 2454 675 2527 021„qu
685 2455 885 2535 vipereum]
936 2430 1087 2487 secundum
1102 2437 1219 2501 tempus,
1234 2437 1262 2485 et
1275 2429 1425 2484 secundum
1447 2427 1562 2482 formam
1578 2425 1617 2493 lit,
1638 2441 1732 2499 susce·

122 2540 222 2610 lacuit,
235 2544 265 2597 et
272 2544 378 2597 erectus
393 2541 428 2598 uu
438 2542 532 2599 ciuem
548 2543 647 2600 tuum
660 2544 766 2602 vultu,
935 2519 1037 2591 ptibilis
1051 2526 1104 2574 est.
1119 2519 1188 2574 Nam
1206 2517 1362 2589 pervarias
1386 2515 1543 2573 affectiones
1559 2531 1632 2586 saepc
1643 2515 1734 2571 varia·

118 2641 121 2648 '
425 2646 531 2719 (qu
556 2649 680 2718 Melam„
696 2653 722 2706 4·
738 2665 757 2720 ι)
774 2649 832 2722 84.)
935 2615 987 2678 tur,
1012 2607 1085 2679 quod
1109 2606 1168 2662 sine
1195 2613 1269 2662 motu
1296 2605 1439 2677 temporali
1463 2603 1523 2660 fieri
1549 2619 1605 2659 non
1632 2610 1732 2675 potest.

934 2697 995 2752 Non
1006 2697 1078 2752 enim
1089 2695 1224 2752 mediante
1239 2694 1310 2761 loco,
1325 2693 1360 2748 ad
1374 2693 1464 2748 locum
1480 2693 1513 2748 dc
1528 2692 1589 2747 loco
1598 2698 1731 2758 movetur,

123 2787 168 2845 Sic
182 2787 346 2860 ergobouto
361 2803 395 2843 ex
415 2788 538 2860 corporis
553 2788 640 2845 lorum
667 2790 840 2859 admonetur,
857 2791 885 2846 iu
935 2785 997 2857 quia
1011 2784 1135 2841 localiter
1162 2799 1217 2839 non
1233 2790 1371 2839 movetur.
1400 2782 1473 2838 Dicit
1501 2796 1609 2853 quoque
1638 2781 1735 2836 beatus

85 2875 208 2947 appetitu
240 2876 411 2932 bonoruma
439 2876 544 2934 caeteris
565 2876 677 2934 differre
711 2878 883 2948 animalibus,
936 2873 1103 2946 dirgustiuus
1120 2889 1127 2927 ε
1146 2893 1157 2924 a
1174 2872 1247 2927 Nihil
1267 2871 1341 2943 quod
1355 2886 1456 2942 corpus
1479 2884 1535 2926 non
1549 2875 1600 2935 etl,
1615 2867 1644 2924 iu
1670 2868 1733 2925 1000

85 2978 240 3038 quanquam
250 2963 363 3021 cumeis
384 2965 506 3037 corporis
521 2980 694 3024 communem
720 2967 818 3024 babeat
832 2983 885 3023 ua·
897 3013 921 3075 0
934 2969 985 3018 est.
1004 2982 1016 3011 ι
1034 2960 1089 3018 Sed
1118 2968 1143 3017 et
1166 2961 1274 3018 Boetius
1303 2960 1331 3014 in
1365 2958 1434 3015 libro
1462 2959 1497 3014 de
1523 2957 1657 3013 Trinitate
1682 2972 1733 3013 nec

85 3059 182 3108 turam.
198 3055 233 3109 At
246 3052 398 3110 secundum
412 3054 541 3124 animam,
557 3055 689 3111 cumaliis
703 3056 885 3112 animantibus
935 3049 1108 3122 quantitates,
1125 3064 1177 3104 nec
1192 3048 1337 3122 qualitates
1352 3048 1380 3102 in
1394 3046 1454 3103 loco
1468 3046 1533 3103 dicit
1562 3061 1643 3101 csse:
1660 3059 1729 3116 quas

83 3141 230 3198 nonhabet
251 3141 424 3213 proprietatis
452 3143 682 3200 communionem.
698 3145 738 3200 lla
767 3159 887 3217 namque
934 3147 1025 3194 tamen
1040 3154 1135 3194 verum
1151 3137 1233 3193 estin
1248 3137 1457 3206 subjectoesse.
1472 3135 1578 3191 Etenim
1601 3133 1674 3190 aliud
1689 3138 1732 3188 εει

84 3229 145 3286 sola
159 3229 193 3284 ad
221 3229 367 3301 imaginem
386 3230 438 3286 Dei
452 3238 479 3287 et
506 3230 711 3288 similitudinem
737 3231 809 3288 lactc
833 3240 884 3290 est.
935 3225 1257 3295 esseiusubjeetc,aliud
1281 3224 1310 3280 in
1324 3225 1386 3281 loco
1401 3245 1411 3281 .·
1426 3224 1496 3281 sieut
1521 3223 1595 3280 aliud
1617 3228 1659 3278 cst
1672 3219 1733 3277 ani-

83 3317 126 3373 ud
139 3316 339 3391 imaginemut
366 3317 451 3390 aiunt,
480 3318 532 3375 Dei
560 3318 634 3375 lacta
658 3327 710 3387 est,
735 3320 885 3377 secundum
934 3330 1007 3369 mam
1023 3330 1085 3371 esse
1099 3314 1127 3369 iu
1151 3328 1278 3385 corpore,
1309 3312 1382 3368 alind
1395 3312 1514 3368 animam
1533 3328 1595 3370 esse
1609 3312 1638 3369 in
1661 3314 1732 3372 loco.

83 3405 264 3464 substantiam
278 3413 305 3463 ct
318 3405 465 3477 puritatem
479 3406 602 3464 rationis.
624 3407 680 3464 Sed
700 3408 736 3464 ad
766 3408 887 3465 similitu·
935 3402 1002 3472 Quae
1016 3402 1088 3458 enim
1100 3402 1128 3457 in
1137 3401 1199 3458 loco
1214 3409 1284 3469 sunt,
1299 3402 1389 3458 locum
1399 3401 1515 3473 replent,
1532 3402 1622 3459 locum
1648 3418 1733 3460 occu-

85 3495 187 3560 diuem,
203 3495 355 3552 secundum
370 3495 550 3551 imitationem
568 3495 692 3567 puritatis
716 3504 744 3553 et
765 3493 885 3554 amorem
934 3499 1008 3564 pant,
1025 3491 1099 3564 quud
1113 3491 1164 3546 soli
1173 3491 1280 3562 corpori
1291 3489 1427 3547 convenit.
1438 3491 1507 3545 Nam
1518 3491 1637 3547 nonsinc
1647 3506 1733 3549 causa

84 3582 233 3640 charitatis.
263 3582 323 3650 Vel,
347 3584 383 3639 ad
403 3583 551 3658 imaginem
579 3584 630 3640 Dei
666 3584 739 3641 lacta
775 3585 884 3653 dicitur,
934 3580 1114 3652 philosophus
1128 3578 1192 3636 dicit
1206 3579 1300 3651 quod«
1318 3578 1434 3652 singulm
1454 3577 1594 3649 particula
1607 3578 1671 3647 loci,
1688 3580 1734 3636 ob

86 3679 218 3743 quantum
232 3671 266 3726 ad
275 3670 398 3728 veritatis
412 3672 596 3746 cognitionem
614 3673 665 3728 :ad
679 3672 885 3730 similitudinem
934 3670 1020 3725 tinent
1029 3668 1152 3740 singulas
1162 3667 1309 3739 particulas
1317 3665 1502 3738 corporis(lib.
1515 3682 1553 3734 rv,
1561 3668 1729 3740 Pincianus

85 3775 165 3829 vcro,
188 3766 319 3833 quantum
342 3759 377 3816 ad
400 3767 505 3817 naturae
532 3768 559 3816 et
592 3761 706 3817 rationis
729 3761 883 3833 puritatem,
934 3756 1040 3829 Corpus
1056 3757 1157 3828 quippe
1171 3756 1199 3811 in
1214 3756 1275 3812 loco
1288 3771 1358 3822 esse,
1376 3762 1417 3811 est
1430 3755 1519 3826 ipsum
1534 3755 1732 3827 corpusloeum

84 3848 136 3904 Est
167 3855 257 3904 cirtem
281 3848 371 3904 anima
391 3847 483 3920 imago
505 3848 556 3905 Dei
579 3849 614 3905 ad
638 3850 787 3922 imaginem
808 3866 886 3908 :nec
933 3847 1059 3919 replere;
1071 3845 1210 3916 calipsum
1224 3844 1381 3900 distantiam
1395 3842 1500 3911 lacere3
1516 3843 1545 3900 id
1560 3854 1728 3911 estsursum,

86 3936 208 4013 ejusdcm
221 3942 324 3992 naturae
338 3950 400 3992 cnm
416 3938 484 4005 Deo,
496 3936 545 3993 scd
558 3937 641 4010 louge
656 3939 690 3994 ab
705 3954 739 3996 ec
760 3938 886 3997 differeu-
934 3935 1073 4003 deorsum,
1091 3940 1165 3990 retro
1180 3941 1206 3989 et
1220 3941 1292 4003 ante,
1309 3933 1484 3989 dextrorsum
1500 3933 1730 3990 etsinistrorsum.

84 4025 139 4093 tis;
156 4025 220 4096 quia
238 4023 417 4096 proiectuset
431 4025 554 4084 delectus
582 4042 670 4098 capax
695 4036 746 4096 est,
775 4036 801 4084 ct
821 4029 884 4086 ideo
934 4023 992 4079 Hoc
1006 4023 1134 4078 nimirum
1144 4022 1301 4078 auimaeucn
1311 4021 1447 4087 convenit,
1458 4021 1564 4094 quaesic
1574 4029 1615 4078 cst
1624 4022 1651 4077 in
1659 4021 1733 4094 loce,

84 4112 227 4172 variationi
242 4113 365 4183 subiecta
379 4121 433 4171 est.
460 4115 495 4172 Et
508 4114 535 4170 in
550 4116 603 4172 boc
625 4115 786 4189 longissime
800 4119 885 4175 abeo
934 4119 961 4168 et
975 4112 1014 4168 sic
1029 4111 1291 4183 circumscriptibilis
1306 4118 1356 4180 est,
1374 4111 1446 4183 quod
1456 4110 1555 4166 nullius
1566 4111 1619 4168 loci
1629 4111 1731 4168 ambitu

84 4201 168 4256 distat
181 4202 361 4274 (quanquam,
377 4201 469 4276 imago
498 4203 558 4272 ejus
580 4204 705 4275 quaedmn
733 4204 777 4270 sit,
798 4212 825 4260 et
847 4204 885 4259 si·
934 4200 1089 4256 continetur
1102 4208 1129 4255 et
1144 4199 1300 4266 includitur,
1324 4199 1395 4255 sicut
1422 4199 1574 4254 continetur
1589 4206 1615 4254 et
1642 4198 1731 4256 inclu-

84 4289 230 4359 militudo),
246 4290 319 4346 unda
334 4298 360 4346 et
375 4290 410 4346 ab
421 4291 468 4346 illa
482 4291 603 4364 imagine
618 4292 697 4349 valde
720 4299 882 4362 remotaest‚
934 4288 1008 4344 ditur
1022 4302 1133 4359 corpus.
1146 4288 1205 4344 Hoc
1223 4295 1314 4343 autem
1334 4286 1432 4342 laisum
1459 4302 1521 4342 csse
1541 4286 1632 4343 nullus
1655 4287 1730 4357 dicit,

85 4394 147 4453 quae
160 4393 223 4434 curu
236 4378 297 4450 ipso
311 4378 370 4435 Deo
389 4379 602 4452 circumquaque
617 4378 690 4436 idem
718 4387 770 4448 ust,
795 4381 823 4436 id
843 4369 921 4438 ustD
935 4377 981 4449 qui
997 4383 1129 4447 quantum
1143 4383 1238 4432 natura
1249 4375 1360 4448 spiritus
1374 4390 1533 4448 ncorpcrea
1546 4375 1629 4432 distet
1636 4385 1732 4434 natura

84 4465 186 4523 cliuo
213 4466 263 4522 Dei
290 4466 389 4533 Patris,
406 4467 451 4540 qui
476 4467 690 4541 circumquaque
714 4468 787 4525 idem
822 4484 885 4527 cum
934 4463 1149 4537 comprehendit.

84 4554 162 4610 Patre
175 4561 226 4612 εει.
252 4555 326 4611 Inest
348 4562 438 4612 autem
454 4557 552 4612 culmea
571 4557 704 4613 naturalis
727 4556 884 4630 simplicitas
1166 4570 1363 4628 cgpppnggpg
1376 4569 1494 4629 xxvffl

85 4642 212 4700 “⁵⁰⁰5ae
226 4659 292 4700 ⁵⁰³³·
307 4644 447 4743 'Fi‘fflll‘
462 4643 487 4700 ‘³³
500 4644 573 4701 taem
593 4661 656 4745 ⁰5³⁰
681 4645 755 4718 l¹¹⁰d
781 4645 882 4703 vivere.
934 4680 1042 4736 nectte
1057 4678 1382 4751 teatnsptratttcsuuae
1396 4678 1588 4737 auctentum
1601 4680 1661 4736 stne
1687 4695 1731 4736 aa

82 4732 146 4787 Non
173 4738 264 4788 autem
292 4732 410 4788 dicimus
434 4733 507 4804 quod
531 4740 573 4790 est
596 4749 699 4801 vrvcre,
742 4733 786 4790 vel
815 4735 885 4792 bene
969 4749 1006 4806 aa
1021 4765 1066 4806 00,
1079 4749 1277 4821 pertenene,et
1289 4750 1356 4821 quus
1370 4750 1404 4805 de
1418 4750 1655 4822 iuggpnpumme
1677 4752 1733 4806 pta.

84 4828 216 4893 quautum
230 4820 265 4875 ad
276 4821 456 4890 sanctitatem,
474 4821 518 4878 vel
531 4821 611 4878 beate
630 4829 761 4894 quantum
776 4822 811 4877 ad
822 4822 885 4879 leli·
971 4822 1048 4877 tione
1062 4836 1125 4890 suc,
1136 4820 1216 4876 celita
1225 4820 1323 4876 debent
1340 4820 1422 4876 intra
1438 4821 1620 4878 cohabitator
1638 4822 1731 4876 reuol-

83 4908 203 4966 citatem.
219 4909 284 4964 Cum
297 4910 369 4964 enim
391 4925 447 4966 non
472 4910 559 4981 possit
582 4927 616 4966 cx
640 4927 695 4982 quo
723 4918 817 4968 create
842 4919 885 4969 est
970 4907 1043 4948 lm·

83 4995 232 5068 aliquando
246 5012 302 5052 non
317 4997 565 5064 vivere,sicutnec
580 4999 724 5071 aliquando
738 5015 792 5056 nou
811 5015 882 5066 essc,
968 4998 1047 5053 Nunc
1062 5004 1153 5052 autem
1169 4996 1227 5067 tibi,
1243 4997 1288 5068 qui
1310 4997 1446 5053 habitator
1460 4996 1537 5053 cellae
1566 5014 1610 5063 cs,
1640 4997 1732 5070 aliqua

83 5090 173 5157 potest
188 5093 279 5140 tamen
303 5085 397 5142 vivere
410 5085 492 5153 male,
517 5102 580 5143 cum
595 5095 636 5142 cst
660 5087 754 5160 iniqua
770 5106 777 5156 ;
793 5094 819 5144 ct
834 5088 885 5142 mi·
935 5086 968 5142 dc
979 5086 1039 5141 istis
1054 5085 1210 5142 coelestibus
1232 5085 1372 5158 spiritibus
1396 5085 1487 5142 dicere
1500 5084 1576 5144 libet.
1603 5087 1672 5142 Nam
1688 5095 1733 5144 tua

84 5187 154 5241 sere,
168 5189 228 5230 cum
249 5180 290 5229 cst
304 5174 442 5230 damnata.
458 5176 507 5231 Est
515 5175 543 5230 in
557 5191 590 5231 ea
604 5184 631 5230 et
647 5176 758 5232 libertas
768 5176 884 5246 arbitrii,
934 5173 1106 5245 potissimum
1120 5175 1362 5232 conversatiocum
1374 5173 1428 5229 illis
1443 5191 1505 5232 csse
1513 5192 1561 5247 per
1574 5175 1729 5247 puritatem,

83 5276 138 5332 qua
153 5260 222 5317 inter
237 5261 337 5317 bouum
352 5270 380 5318 et
394 5263 641 5331 malumdiscemit,
660 5272 686 5319 et
701 5265 774 5335 quod
788 5279 884 5320 eorum
935 5270 961 5318 et
977 5263 1149 5330 aviditatem,
1167 5272 1248 5336 atque
1275 5280 1326 5335 per
1354 5263 1520 5320 desiderium
1548 5265 1640 5321 debet.
1670 5266 1731 5321 Non

84 5350 201 5407 volucrit
215 5349 304 5423 diligit
319 5359 345 5406 et
361 5350 446 5424 eligit,
460 5361 489 5408 ut
515 5353 542 5407 in
557 5353 589 5408 iis
610 5352 736 5409 meritum
751 5354 810 5421 ejus
839 5352 882 5407 sit,
935 5351 1007 5405 enim
1021 5359 1117 5421 putare
1131 5351 1216 5408 debes
1228 5353 1301 5425 quod
1317 5353 1426 5425 quando
1441 5354 1469 5408 iu
1484 5353 1555 5410 cella
1565 5370 1605 5419 εε,
1618 5353 1693 5409 solus
1703 5353 1732 5409 iu

83 5437 157 5494 Ecce
170 5437 198 5494 iu
214 5438 315 5506 anima,
327 5440 454 5497 essentiae
468 5440 638 5512 simplicitas,
658 5440 721 5497 vitae
747 5440 885 5512 perpetui·
935 5455 967 5496 ea
981 5439 1029 5495 sis.
1044 5441 1115 5495 Nam
1129 5456 1269 5513 nunquam
1283 5442 1374 5498 minus
1389 5443 1464 5499 solus
1479 5459 1519 5510 cs,
1536 5458 1618 5516 quam
1631 5458 1692 5500 cum
1704 5443 1732 5498 in

84 5534 137 5593 tas,
168 5526 273 5584 arbitrii
302 5527 427 5586 libertas.
470 5529 588 5602 Suscipit
616 5529 726 5602 quidem
763 5537 885 5588 motuum
935 5544 969 5586 ca
986 5529 1062 5586 solus
1077 5544 1108 5584 es
1122 5529 1172 5601 (its
1186 5528 1303 5587 dicimus
1320 5532 1394 5605 boc),
1410 5531 1433 5588 si
1447 5531 1532 5588 iuilla
1552 5548 1586 5589 eo
1605 5548 1636 5590 es
1650 5532 1733 5590 modo
