3742 5986
63 205 113 260 dil
749 201 1019 260 uabtrnrtortas.
1655 201 1706 256 622

67 331 141 381 certe
154 324 229 379 nardo
244 322 326 379 modu
340 322 521 394 prohiberes,·
535 323 558 379 si
573 324 734 393 benevolis,
750 327 861 398 puteris.
875 325 977 397 Aquid
991 323 1162 394 hujusmodi,
1177 321 1315 379 materiam
1339 337 1447 394 quoque
1462 321 1535 376 unde
1563 321 1630 377 illud
1646 320 1707 376 sieri

66 412 130 468 Non
158 412 230 466 euim
252 427 365 482 possum
403 411 518 467 Domino
545 412 701 470 modulante
739 429 860 484 manere,
910 413 1006 484 possit,
1024 411 1313 484 amat,lignascilicet
1328 417 1373 464 aut
1388 408 1506 479 lapides.
1527 407 1624 463 Omnis
1638 424 1706 481 ergo

67 499 169 572 quippe
183 498 299 570 syllaba.
911 501 957 572 qui
972 501 1059 557 bonus
1074 500 1171 572 diligit,
1187 498 1282 565 malos,
1299 513 1332 553 eo
1347 497 1420 569 quod
1435 512 1572 567 nunquam
1598 495 1707 551 aliunde

104 587 134 644 Si
148 603 216 659 erga
229 586 354 642 homiues
366 587 500 657 pessimos
512 588 585 644 velut
595 605 683 662 agnus
692 605 754 646 esse
763 590 859 658 debas,
911 588 976 643 boni
989 587 1063 657 liant,
1080 588 1175 659 diligat
1189 602 1303 642 neeesse
1318 592 1370 641 est.
1391 586 1446 641 Cur
1473 584 1544 639 enim
1559 599 1614 640 non
1629 598 1706 638 amas

66 675 132 750 quid
145 676 180 731 ad
194 676 291 740 Deum,
306 690 368 731 curn
379 673 413 730 ab
428 690 461 730 eo
471 675 619 747 corriperis
629 677 738 750 flagello
748 677 862 751 aliquoi
910 675 938 730 id
952 675 1023 731 unde
1038 682 1127 747 potest
1142 676 1256 747 angelus
1270 672 1338 743 fieri,
1355 672 1378 727 si
1392 672 1459 727 illud
1473 688 1549 727 amas
1559 671 1630 726 unde
1641 687 1705 742 scy-

103 763 171 821 llide
199 762 337 834 quomodo
360 762 399 817 sis
421 763 499 835 quasi
513 763 541 818 in
570 764 661 820 bello:
677 765 741 820 Sitis
764 773 858 832 torret,
909 763 979 834 pbus
992 762 1051 818 lieri
1065 763 1175 835 possiti
1191 763 1327 834 Scriptum
1345 776 1463 832 namque
1479 768 1520 814 est
1534 759 1569 814 da
1583 758 1705 814 homini·

66 851 183 925 opponis
201 859 294 923 potum
306 866 312 905 τ
326 850 412 906 fames
440 851 551 917 cruciat,
567 852 684 923 opponis
698 868 793 920 escas;
808 852 861 908 iri-
910 850 960 906 bus
976 866 982 905 :
999 852 1091 907 Erunt
1105 850 1226 924 (equales
1240 851 1348 922 angelis
1363 849 1502 918 lleitlsuc.
1517 862 1568 915 xx,
1586 847 1646 917 35).

65 940 137 1014 gori,
157 946 262 995 vestem
280 944 325 992 aut
338 938 447 1008 ignem3
462 938 576 1005 morbis,
595 939 769 996 medicinam.
786 941 859 997 Con·
945 937 1032 1007 Quam
1047 937 1159 1009 pulchra
1174 954 1219 993 urs
1234 939 1344 994 vincere
1358 937 1385 991 in
1408 936 1480 992 buno
1503 934 1622 1003 malum;
1639 950 1705 992 con-

63 1035 108 1083 tra
122 1029 181 1083 haec
203 1025 293 1081 omnia
320 1040 389 1096 opus
404 1033 445 1080 est
467 1025 609 1096 patientia,
632 1035 659 1083 ει
682 1028 776 1083 mundi
791 1043 860 1084 cun·
908 1025 990 1080 traria
1003 1025 1076 1080 enim
1091 1041 1107 1080 a
1121 1027 1265 1081 contrariis
1280 1032 1454 1097 superantur.

64 1122 179 1187 tempto,
194 1129 229 1169 ne
243 1111 389 1183 aliobe110,
415 1113 488 1184 quud
502 1113 565 1169 hinc
589 1114 687 1186 surgit,
708 1115 857 1186 supereris,
945 1112 1052 1168 Positus
1066 1129 1096 1168 es
1111 1114 1188 1184 quasi
1203 1113 1355 1186 signumad
1366 1111 1537 1168 retundenda
1549 1108 1704 1184 jaculaini-

62 1201 180 1260 catervis
194 1198 321 1257 videlicet
340 1199 476 1256 vitiorum.
908 1199 981 1268 mici,
997 1200 1025 1255 id
1047 1208 1087 1255 est
1105 1201 1140 1256 ud
1168 1201 1361 1256 destmendum
1389 1199 1501 1266 malum,
1532 1197 1703 1269 oppositione

101 1287 341 1360 Quandoquidem
356 1287 699 1360 solavoluptatecaperis,
715 1288 775 1345 sola
788 1289 860 1346 dele·
908 1286 981 1341 boni.
998 1287 1124 1342 Reddere
1146 1297 1234 1343 autem
1263 1286 1364 1342 malum
1392 1303 1443 1358 pru
1463 1285 1535 1340 malo
1551 1300 1604 1340 non
1620 1284 1703 1340 debes

62 1376 173 1436 stabilia
189 1383 250 1431 sunt
274 1375 405 1430 carenda.
430 1375 573 1448 Nusquam
596 1392 664 1448 ergo
692 1392 790 1433 secura
818 1384 860 1433 est
907 1390 1035 1445 unquam,
1052 1374 1104 1429 nisi
1117 1374 1184 1431 forte
1202 1374 1406 1443 medicinaliter,
1424 1373 1497 1446 quod
1510 1373 1564 1441 jam
1579 1388 1633 1427 nou
1662 1378 1704 1427 εει

63 1465 155 1521 enims
170 1461 333 1530 Christiana,
345 1462 397 1516 uisi
411 1462 439 1516 in
454 1462 587 1519 adversis.
907 1461 1010 1516 malum
1025 1477 1075 1532 pro
1089 1462 1170 1529 malo,
1183 1463 1237 1518 imo
1248 1463 1347 1517 bunum
1362 1477 1412 1533 pro
1427 1460 1511 1525 malo,
1521 1459 1648 1515 reddere.

98 1551 196 1608 Dabis
210 1566 272 1622 quae
286 1549 388 1621 diligis,
408 1548 457 1603 tibi
483 1549 547 1606 lecit
570 1550 643 1607 Dens
667 1551 773 1625 virgas·
793 1552 858 1607 Pro·
943 1548 995 1617 Qui
1009 1549 1139 1604 muudum
1153 1557 1254 1616 amant,
1272 1556 1357 1604 artem
1386 1547 1480 1619 quaid
1510 1544 1582 1618 quod
1611 1555 1703 1602 amant

62 1653 144 1710 spera
158 1637 297 1709 fugiendo,
311 1637 338 1691 in
353 1637 471 1692 adversa
484 1637 611 1694 irruendo
632 1639 770 1696 cruciaris.
787 1638 1086 1729 Om-Bassequantur
1118 1637 1161 1692 vel
1197 1635 1338 1704 fruantur,
1367 1634 1503 1690 laboriose
1541 1633 1699 1701 addiscunt;

61 1727 109 1783 nis
122 1725 232 1799 flagella
254 1731 325 1790 snut,
341 1731 443 1795 prater
456 1724 554 1797 ipsum,
572 1726 618 1798 qui
638 1726 776 1799 flagellum
790 1727 856 1783 des·
908 1729 936 1777 tn
950 1724 1036 1779 Deum
1052 1723 1094 1780 vis
1106 1724 1226 1796 assequi,
1241 1732 1268 1779 ει
1282 1732 1368 1779 artem
1384 1738 1437 1796 qua
1452 1720 1609 1794 acquiritur,
1625 1720 1703 1776 idest

61 1814 137 1882 truit,
153 1813 229 1886 quasi
244 1811 317 1868 lilius
331 1821 372 1868 est
395 1812 442 1885 qui
455 1813 561 1887 uirgam
579 1814 666 1884 patris
686 1814 856 1872 verberantis
907 1811 1059 1867 retribuere
1073 1811 1175 1867 bonum
1191 1811 1339 1883 promulo,
1364 1814 1525 1870 contemnis.

60 1900 174 1974 frangit.
941 1902 995 1954 Aut
1008 1899 1072 1956 hina
1085 1899 1200 1966 recede,
1217 1908 1262 1954 aut
1281 1908 1393 1971 propter
1407 1902 1480 1973 quod
1493 1903 1538 1961 hic
1550 1904 1654 1974 positus
1670 1920 1700 1961 es

97 1990 201 2060 Corpus
215 2003 232 2042 a
246 1987 424 2044 validioribus
452 1989 552 2045 victum
580 1998 626 2045 aut
647 1990 796 2062 impellitur
809 1998 856 2046 ant
906 2001 968 2058 age,
984 1986 1069 2042 idest
1086 1987 1207 2054 medere,
1223 1995 1326 2058 patere.

60 2075 212 2141 attrabitur,
242 2075 366 2131 similiter
394 2076 529 2131 voluutas.
554 2076 595 2133 Tu
617 2092 683 2133 reru
706 2094 760 2134 nou
783 2080 854 2149 quod
941 2075 991 2131 llic
1009 2075 1106 2147 stultus
1121 2083 1171 2138 est,
1189 2075 1216 2129 id
1230 2083 1272 2130 est
1285 2076 1367 2130 homo
1394 2075 1520 2134 inimicus
1537 2096 1545 2146 ;
1560 2078 1605 2136 ille
1618 2080 1697 2136 calli-

61 2179 160 2234 corpus
175 2162 309 2219 uincendo
323 2170 442 2231 moreat,
458 2164 507 2219 sed
520 2172 640 2222 mentem
655 2173 682 2220 et
691 2165 854 2223 uoluntatem
904 2162 965 2228 dus,
978 2161 1104 2218 diabulus
1118 2162 1220 2219 scilicet
1234 2163 1281 2234 qui
1292 2178 1341 2234 per
1355 2163 1426 2219 hunc
1437 2172 1462 2220 ιε
1476 2165 1625 2238 impugnat.
1638 2169 1697 2224 Cir·

61 2266 137 2309 eura,
356 2311 361 2326 1
904 2263 938 2305 cn
960 2250 1032 2305 hunc
1061 2250 1185 2317 blandus,
1202 2257 1230 2305 ut
1258 2265 1321 2306 eum
1338 2250 1448 2320 liberes,
1465 2261 1539 2322 est0;
1557 2255 1697 2311 contraii-

92 2339 141 2395 tte
155 2353 210 2393 non
223 2337 267 2392 his
285 2337 331 2410 qui
344 2337 521 2409 perdiderunt
539 2339 716 2411 temporalia,
734 2341 783 2396 sed
811 2341 854 2396 his
902 2335 969 2403 lum,
985 2345 1091 2393 cautus.

59 2425 107 2498 qui
135 2425 311 2495 perdiderunt
342 2424 540 2481 sustinentiam.
564 2427 645 2482 Nulla
665 2427 738 2482 enim
760 2428 853 2499 passio
938 2425 1076 2495 Turbaris,
1093 2425 1157 2497 quia
1171 2441 1224 2496 ego
1239 2425 1358 2481 turbatus
1374 2442 1453 2494 snm;
1469 2429 1590 2484 turbatus
1602 2430 1697 2486 turba-

59 2519 213 2584 superatnr,
229 2511 281 2566 uisi
296 2527 345 2582 per
362 2511 459 2583 ipsam.
480 2513 542 2568 Non
567 2513 639 2568 enim
667 2514 774 2570 edendo
788 2530 853 2571 eun·
902 2519 958 2567 tum
973 2513 1160 2583 reprehendis.
1177 2512 1200 2568 0
1215 2513 1320 2585 pudorl
1337 2514 1498 2585 Loripedem
1513 2524 1604 2573 rectus
1618 2518 1694 2574 deri-

59 2600 159 2656 traitur
172 2598 248 2665 fami,
263 2599 311 2655 sed
327 2599 453 2666 servitur,
471 2600 669 2657 sicutbibeudo
679 2601 732 2658 siti.
744 2603 785 2658 nd
800 2603 853 2660 huc
903 2600 974 2667 deut,
989 2601 1141 2671 AEthiopem
1164 2601 1251 2655 albus.
1280 2602 1340 2672 ligo
1355 2601 1466 2673 quidem
1494 2605 1628 2678 corrigar,
1645 2623 1696 2665 nec

59 2687 131 2745 enim
146 2687 260 2743 tendunt
273 2687 325 2741 ista
339 2695 368 2741 ut
386 2687 489 2743 scilicet
507 2687 698 2745 adfruendum
712 2690 852 2746 exteriori·
903 2687 1018 2759 amplius
1032 2689 1083 2744 hoc
1096 2688 1197 2744 malurn
1226 2688 1332 2745 faciam.
1349 2691 1388 2744 Tu
1417 2699 1507 2746 autem
1530 2693 1596 2765 quid
1610 2692 1696 2752 iacies

58 2776 110 2831 bns
147 2789 292 2845 corpomm
320 2773 415 2829 formis
436 2774 565 2831 inclinent
600 2776 730 2833 animum.
772 2777 853 2848 Quod
902 2774 937 2831 de
949 2776 1002 2832 hoc
1015 2775 1080 2832 uitio
1104 2783 1159 2843 tuo,
1176 2791 1230 2848 quo
1245 2793 1298 2832 non
1326 2778 1415 2833 sulum
1428 2778 1494 2834 milri
1522 2781 1627 2837 mederi
1640 2798 1696 2838 non

56 2862 167 2936 quando
189 2860 240 2930 fit,
256 2876 311 2917 uon
337 2869 507 2933 superantur,
532 2863 582 2919 sed
607 2872 740 2937 regnant,
769 2863 852 2921 finem
901 2863 987 2930 vales,
1004 2863 1054 2918 sed
1068 2879 1119 2920 nec
1134 2863 1206 2919 serre
1222 2865 1336 2920 salutem
1351 2867 1452 2937 potes?

58 2966 149 3017 suum,
164 2949 193 3005 id
208 2955 249 3005 est
264 2948 348 3004 animi
360 2949 563 3006 inclinationem
578 2959 605 3007 et
622 2953 852 3024 preparationem
938 2949 1029 3019 Quare
1044 2951 1086 3007 vis
1098 2950 1208 3007 fratrem
1221 2951 1296 3006 illum
1317 2952 1476 3009 dimittere?
1490 2953 1559 3022 Quia
1582 2956 1694 3014 iracun-

57 3037 93 3093 ad
108 3036 257 3094 foediorem
270 3043 299 3092 ει
312 3037 443 3106 majorem
457 3038 660 3095 inclinationem
685 3040 848 3097 obtinentes.
900 3038 945 3094 dia
960 3047 987 3094 et
1001 3039 1126 3094 omnibus
1140 3040 1211 3095 vitiis
1225 3041 1321 3111 plenus
1335 3045 1398 3096 estt
1412 3040 1538 3114 sicergo
1552 3043 1633 3100 saciat
1647 3045 1695 3101 tibi

93 3124 222 3182 Ouinium
234 3123 358 3179 dolomm
386 3132 413 3180 ει
441 3125 610 3183 cruciatuum
633 3127 692 3182 sola
715 3128 852 3185 medicina
899 3127 983 3182 Deus.
999 3127 1040 3181 Ex
1054 3140 1103 3181 ore
1115 3126 1290 3197 tuoprobasti
1304 3129 1377 3200 quod
1391 3145 1446 3184 non
1461 3130 1563 3186 debeas
1577 3147 1638 3186 enm
1653 3133 1695 3188 di-

55 3221 100 3270 est
112 3219 283 3284 contemptus
297 3227 394 3268 eorum
408 3229 468 3285 quae
481 3213 549 3270 lesa
574 3221 647 3282 sunt,
658 3223 684 3270 et
707 3216 850 3272 conversio
899 3213 1015 3268 mittere.
1033 3214 1144 3269 Noaest
1156 3215 1235 3269 sanis
1249 3232 1316 3287 opus
1335 3217 1470 3283 medicus,
1488 3219 1535 3275 sed
1550 3219 1626 3276 mata
1641 3220 1694 3277 itu·

53 3300 155 3357 meutis
169 3298 204 3356 ad
222 3300 320 3356 Deum.
900 3301 1027 3357 bentibus
1055 3300 1166 3370 (narrt.
1195 3316 1235 3368 rx,
1263 3305 1318 3372 ta).
1343 3302 1371 3358 Si
1398 3312 1513 3360 matrem
1539 3307 1694 3379 interroges

91 3385 164 3455 Quot
192 3386 343 3458 uoluptates
370 3387 496 3444 camales
518 3395 544 3445 et
571 3404 653 3461 quam
675 3391 851 3446 vehementes
900 3404 983 3460 qnare
997 3387 1081 3443 lilium
1095 3404 1173 3443 suurn
1196 3389 1375 3462 derelinquat,
1392 3399 1418 3446 ει
1446 3394 1617 3463 responderit
1630 3396 1695 3466 quia

53 3475 174 3546 spernis,
189 3474 301 3530 totidem
315 3482 341 3530 ει
354 3482 410 3530 tam
424 3475 529 3531 validos
547 3476 648 3533 diaboli
661 3477 774 3549 laqueos
798 3479 850 3534 de·
899 3475 999 3532 debilis
1014 3483 1056 3531 εει
1083 3483 1109 3532 ει
1135 3483 1266 3548 aegrotus,
1295 3477 1431 3551 interroga
1446 3479 1470 3533 si
1497 3480 1616 3552 idipsum
1630 3482 1695 3538 uelit
1777 3478 1779 3483 ’

52 3562 134 3618 ritas.
164 3561 236 3630 Quot
261 3561 459 3632 tribulationes,
475 3565 626 3635 praesertim
653 3581 703 3636 pro
726 3565 848 3637 veritate,
898 3563 958 3634 ipsa
971 3562 1031 3619 lieri
1052 3563 1214 3620 sibialiliu.
1230 3566 1340 3621 Etcum
1360 3565 1480 3622 dixerit:
1496 3568 1574 3635 Νοιι;
1598 3570 1668 3626 adde
1685 3584 1692 3624 ε

53 3648 138 3722 fugis,
159 3649 280 3719 totidem,
296 3649 469 3706 medicinalia
484 3651 605 3708 remedia
618 3653 737 3723 spernis.
898 3646 968 3702 llala
984 3661 1050 3719 ergo
1065 3661 1148 3703 causa
1167 3646 1257 3702 odisti.
1274 3648 1319 3705 Sic
1346 3656 1388 3705 est
1416 3650 1450 3704 de
1469 3650 1586 3707 medico.

933 3736 995 3791 Non
1011 3735 1045 3789 sit
1059 3742 1171 3792 exactor
1187 3734 1314 3792 vindictae
1328 3736 1374 3808 qui
1389 3738 1487 3809 petitor
1503 3746 1545 3794 est
1557 3739 1655 3796 veniae.

935 3822 963 3877 Si
977 3822 1093 3894 teipsum
1107 3831 1161 3878 mm
1175 3823 1344 3879 immundum
1359 3824 1471 3894 toleras,
1487 3842 1535 3881 cur
1549 3842 1603 3883 nou
1614 3827 1693 3884 etiam

312 3891 509 3949 CAPITULUM
524 3892 585 3949 XV·
899 3909 1047 3980 quemlibet
1074 3910 1181 3966 alium?

933 3997 1102 4054 Hiemsalam
1120 4007 1184 4054 eant
1201 3999 1257 4067 alii,
1273 4008 1302 4056 tu
1317 4001 1453 4073 usquead
1475 4002 1631 4073 patientiam
1648 4013 1695 4061 aut

52 4067 93 4122 ⁰0
101 4081 166 4122 ”m
184 4067 341 4139 pauentia*
357 4083 415 4150 ΨΜ,
439 4066 581 4153 &lelandi
594 4072 622 4124 el
649 4071 767 4154 “mandis
781 4076 851 4128 itm!
897 4083 1087 4153 humilitatem,
1102 4087 1155 4143 buc
1171 4095 1213 4142 εει
1226 4087 1298 4143 enim
1312 4096 1338 4144 ιε
1356 4087 1397 4145 ire
1413 4097 1490 4144 extra
1503 4079 1645 4158 mundum,
1661 4091 1694 4146 il·

86 4141 247 4208 pcecotorcs
262 4140 292 4193 et
304 4137 424 4205 infimis,
435 4153 480 4209 pte
495 4139 634 4211 sperando
644 4145 849 4199 comestionem
898 4170 945 4227 lud
957 4173 1035 4228 im

89 4222 198 4262 emm·
933 4259 1048 4329 Qualem
1061 4276 1129 4334 erga
1143 4269 1168 4317 te
1183 4263 1268 4319 Deum
1288 4271 1315 4319 ει
1328 4263 1453 4319 homines
1463 4263 1630 4323 voluntatem
1644 4268 1693 4324 ha-

88 4344 158 4402 Vide
172 4347 308 4417 quomodo
322 4346 350 4401 in
363 4363 411 4419 spe
425 4347 542 4421 diligere
560 4349 650 4420 possis
669 4348 846 4418 frumentum,
862 4347 963 4407 Dbere
979 4348 1029 4414 vis,
1051 4357 1269 4421 quatumcunque
1285 4358 1331 4406 aut
1345 4351 1589 4424 quomodocunque
1605 4354 1694 4412 olien-

50 4432 79 4489 in
98 4427 182 4490 herba
196 4434 313 4491 triticum
330 4435 495 4507 gibbosum:
508 4437 547 4493 sic
561 4452 609 4492 eos
624 4436 708 4510 dilige
719 4438 766 4510 qui
780 4454 847 4495 nou·
898 4435 963 4500 das;
980 4435 1061 4491 talem
1076 4444 1102 4492 te
1117 4437 1176 4491 aliis
1191 4437 1297 4504 exhibe,
1308 4447 1548 4512 quantumcunque
1562 4451 1609 4498 ant
1623 4458 1694 4516 quu-

51 4520 119 4576 dnm
133 4521 197 4577 boui
211 4529 282 4576 sunt.
298 4522 371 4577 Talis
385 4531 445 4578 esto
460 4539 526 4596 erga
553 4540 660 4591 omnes,
676 4526 765 4597 qualis
781 4541 848 4597 erga
897 4523 1086 4596 mnducunque
1100 4523 1266 4598 delinquant.

50 4616 78 4663 ιε
93 4609 200 4665 Veritas
214 4609 324 4664 exstitit.
341 4609 457 4678 Qualem
471 4617 498 4666 te
516 4612 643 4667 sustinuit
658 4621 684 4668 ει
698 4614 799 4671 amarit
818 4621 848 4670 ut

49 4694 193 4752 meliorem
208 4695 320 4764 laceret,
341 4696 411 4753 tales
434 4698 538 4754 sustine
554 4707 581 4755 ει
590 4715 661 4769 ama,
676 4707 706 4755 ut
719 4701 847 4758 meliores

49 4781 147 4838 ιεείεε.

87 4869 265 4942 mail)hemas
280 4872 425 4940 mimum*
442 4873 613 4944 desperand⁰
626 4883 768 4946 ΨΜ·
780 4877 847 4931 Tam
895 4921 935 4977 De
948 4923 997 4993 piu
1011 4925 1202 4996 compassione
1217 4930 1244 4981 at
1258 4927 1445 4985 uredicamina
1456 4927 1646 4998 infirmorum,
1662 4936 1693 4987 et

51 4954 140 5011 facilis
164 4957 234 5012 enim
254 4967 296 5013 est
315 4960 374 5028 ejus
382 4960 502 5058 sanitas,
528 4968 630 5034 quanta
657 4961 730 5018 illins
743 4963 771 5018 in
785 4979 846 5020 me·
931 4993 1065 5063 quomodo
1079 4998 1174 5052 ment,
1197 4998 1364 5070 incorrupta
1387 5000 1535 5056 mendum
1549 5005 1592 5057 Μ
1614 5003 1694 5059 inm

50 5041 274 5114 dendoputestas
290 5053 316 5100 et
326 5046 491 5120 benignitus.
932 5077 987 5117 cos.

87 5131 156 5186 Vide
170 5148 214 5202 ne,
242 5140 355 5204 propter
368 5149 437 5205 opus
456 5135 589 5201 hominis,
607 5145 764 5193 contemnas
778 5155 847 5211 opus

50 5217 112 5273 Dei.
128 5217 204 5290 Opus
227 5220 300 5275 enim
319 5221 448 5289 bominis,
468 5222 646 5279 homicidium
675 5233 725 5293 εει,
743 5225 847 5282 adulte·
931 5231 1007 5287 Laesa
1022 5242 1136 5290 matera
1152 5233 1206 5292 lilio
1225 5252 1279 5292 non
1302 5238 1416 5310 requirit
1435 5240 1463 5294 in
1479 5240 1626 5297 vindictam
1641 5242 1691 5297 lu-

50 5303 123 5360 rium
144 5314 202 5373 est,
228 5314 254 5362 et
278 5315 378 5364 eaetern
398 5309 515 5376 similia;
531 5326 600 5382 opus
623 5326 689 5368 vero
711 5312 771 5380 liei,
787 5313 846 5385 ipse
896 5333 989 5374 suram
1002 5321 1069 5390 ejus,
1087 5338 1120 5378 eo
1138 5323 1211 5395 quud
1234 5326 1303 5380 hanc
1329 5340 1436 5398 qunque
1464 5344 1544 5384 suam
1568 5329 1689 5399 deputet.

50 5392 143 5450 humo.
160 5392 213 5463 Qui
237 5394 326 5466 diligit
348 5396 460 5469 aliquid,
489 5398 560 5454 sicut
580 5397 692 5456 domum
719 5407 767 5456 aut
793 5401 846 5457 ali-
895 5404 984 5475 Quare
999 5407 1022 5462 si
1045 5410 1106 5481 quis
1119 5425 1181 5467 eam
1204 5411 1299 5470 ulcisci
1313 5412 1409 5470 rolens
1431 5415 1512 5473 laedat
1525 5415 1619 5483 lilium,
1635 5430 1690 5474 nou

1131 4755 1339 4814 destruenti.
1369 4758 1443 4814 xvt.
