3742 5986
57 196 1703 251 :a

399 475 658 652 nrvr
752 346 1445 650 nnunours‘

581 764 905 824 drnrfldsthrtotwd
922 766 1165 824 lNSTITUTORlS

10 850 13 937 ἶ
150 971 560 1121 OPERUM
617 972 949 1123 TOMUS
1004 974 1184 1122 SEU
1224 972 1475 1122 PARS
1530 969 1601 1122 ΙΙ

781 1250 980 1309 CONTINENS

260 1429 644 1582 llrtturttu
688 1433 740 1582 u
787 1431 960 1583 trun
1005 1370 1297 1583 lttlltllt
1338 1434 1494 1585 ritu

579 1693 835 1757 RECENSITUS
857 1693 911 1757 ΕΤ
933 1694 1183 1758 EMENDATUS

16 326 22 367 r

16 376 21 413 r

14 454 19 521 i

60 1878 168 1939 Studio
183 1878 391 1941 nolaboreP.
408 1881 564 1943 Theodori
579 1881 714 1957 Parnm,
733 1880 935 1961 Campensis,
966 1882 1163 1944 Coloniensis
1188 1880 1362 1943 Carthasiae
1390 1881 1523 1957 alumni;
1549 1880 1644 1961 idque
1666 1881 1707 1942 de

312 1986 471 2049 voluntate
487 1987 743 2049 reverendissimi
757 1987 861 2048 Patris
876 1987 1049 2067 generalis,
1066 1989 1161 2049 totius
1175 1988 1294 2048 ordinis
1308 1987 1452 2048 ministri.

874 2176 929 2246 Epo
945 2177 1041 2230 oetam
1055 2174 1130 2231 sicat
1143 2173 1216 2231 oliuo
1229 2173 1383 2245 fructifera
1396 2173 1429 2228 ia
1444 2171 1524 2229 domo
1539 2171 1599 2229 lici.

1082 2270 1165 2343 (Psal.
1182 2286 1223 2341 nr,
1239 2287 1311 2328 vers.
1329 2270 1386 2341 ld.)

755 2454 1008 2474 ψ

555 2630 806 2696 vaunnaenn
826 2631 869 2694 nr
883 2593 1067 2695 'onmsuo
1088 2629 1213 2693 rhum

826 2811 936 2857 boumo

443 2973 719 3074 HECTORI
758 2973 1011 3087 ΗΟΕΝΙΟ,
1052 2973 1324 3084 VITENSb

184 3201 370 3263 Carthasim
387 3203 589 3264 Trevirensir
604 3203 731 3281 Priori,
748 3220 788 3263 ac
798 3203 978 3281 provinciae
992 3200 1100 3263 Rbcai
1119 3200 1296 3262 Visitatori
1309 3197 1583 3279 prudentissimo.

92 3492 261 3565 diphonsns‚
289 3493 504 3566 aragoniam,
533 3501 562 3550 nt
575 3494 618 3551 vir
641 3501 698 3551 erat
720 3492 818 3549 litteris
840 3501 867 3550 et
889 3509 984 3550 earam
998 3493 1146 3550 cultoribus
1160 3492 1284 3564 apprime
1298 3493 1416 3560 deditus,
1432 3508 1495 3549 oum
1506 3492 1653 3565 aliquando
1667 3493 1702 3549 de

57 3591 241 3661 pretiosarum
265 3607 357 3647 rerum
378 3591 488 3660 iactura
509 3607 602 3647 sermo
616 3592 772 3658 haberetur,
793 3590 941 3647 admodum
964 3591 1114 3647 reverende
1128 3590 1156 3645 in
1180 3589 1288 3646 Christo
1304 3590 1391 3657 Pater,
1406 3588 1706 3662 persancteaffirmarit

54 3688 136 3744 malle
151 3704 182 3744 se
196 3703 329 3760 gemmas,
346 3687 461 3745 uniones
475 3703 509 3745 ec
520 3689 691 3762 margaritas,
707 3703 775 3761 quas
795 3688 903 3760 quidem
917 3687 1074 3760 possidebat
1087 3687 1115 3742 in
1129 3702 1239 3743 omnem
1253 3694 1387 3743 terrarum
1407 3687 1502 3743 orbem
1516 3685 1705 3743 diffametissi-

55 3801 127 3851 maa,
139 3801 222 3857 quarn
235 3785 319 3841 libros
334 3785 537 3858 qualescunque
551 3785 693 3842 amittere:
708 3785 836 3841 nimirum
848 3784 988 3855 judicabat
1000 3784 1086 3840 libros
1097 3800 1158 3841 esse
1173 3784 1346 3841 scientiarum
1361 3784 1704 3856 serinia,animorumpes·

53 3899 115 3951 cua,
132 3882 257 3938 drotum
271 3883 392 3951 oracula3
406 3897 457 3939 nec
471 3883 629 3939 damnosius
643 3883 781 3939 hominem
795 3883 831 3937 ab
844 3883 899 3938 ulla
913 3899 941 3938 re
956 3898 1036 3954 quam
1051 3881 1125 3938 hisce
1140 3882 1252 3938 conchis
1266 3888 1293 3937 et
1307 3880 1592 3952 eanahbussapientiae
1606 3881 1704 3938 abesse

53 3996 148 4051 posse.
178 3978 257 4050 Quod
272 3980 295 4036 si
323 3980 369 4037 ille
382 3994 434 4036 nec
448 3979 588 4036 immensis
602 3980 700 4053 opibus
713 3978 856 4036 aestimavit
870 3994 1046 4054 quoscunque
1071 3978 1165 4048 libros,
1181 3978 1286 4035 nullum
1300 3976 1401 4052 quippe
1411 3980 1522 4035 rebatur
1535 3979 1604 4035 adeo
1617 3978 1703 4034 insul-

52 4095 113 4133 sum
123 4079 237 4149 reperiri
252 4078 316 4151 quin
329 4077 430 4134 micam
444 4078 564 4151 aliquam
578 4093 652 4134 senae
666 4077 797 4134 doctrinae
812 4085 929 4149 saperet;
944 4084 1044 4149 quanto
1057 4076 1146 4148 pretio
1165 4077 1286 4149 pendant
1298 4082 1406 4148 oportet
1421 4074 1590 4131 carthusiani
1610 4074 1698 4132 clien-

53 4186 95 4232 tes
110 4176 275 4232 sanctissimi
293 4176 453 4248 patriarchae
468 4177 510 4232 sui
525 4176 670 4246 volumina,
687 4175 785 4248 quibus
800 4175 937 4249 religiose
950 4174 1127 4247 perfeetionis
1141 4174 1263 4231 medulla
1278 4182 1305 4230 et
1318 4174 1457 4246 incognita
1471 4174 1518 4229 illa
1527 4172 1591 4229 filiis
1606 4174 1699 4232 saeenli

53 4274 195 4329 dulcitudo
209 4274 398 4330 concluditur?
411 4276 475 4330 llaee
488 4273 611 4346 prolecto
626 4274 775 4347 spiritualis
788 4271 900 4346 penaria
914 4280 985 4340 sunt,
1002 4272 1038 4328 ad
1051 4271 1174 4329 omnium
1186 4272 1359 4329 alumnorum
1376 4279 1528 4329 vestrorum
1543 4273 1698 4329 necessita·

52 4379 109 4428 tem
123 4373 163 4428 sic
178 4373 318 4441 instructa,
335 4379 361 4428 et
377 4387 463 4429 sacrae
477 4371 718 4428 Carthnsianorum
732 4370 841 4427 familiae
855 4370 973 4443 propria,
989 4371 1078 4427 alieno
1094 4378 1122 4426 nt
1142 4377 1296 4427 commeatu
1309 4369 1376 4425 nihil
1390 4378 1480 4443 egeat,
1496 4369 1530 4424 iis
1543 4385 1611 4426 vero
1624 4369 1696 4426 deli-

54 4469 196 4536 eientibus,
211 4484 275 4524 mox
288 4476 443 4524 exterorum
458 4468 584 4524 ordinum
598 4468 746 4539 implorare
760 4467 953 4524 abundantiam
975 4475 1130 4542 cogeretur.
1146 4469 1210 4525 llaec
1229 4467 1377 4525 domestica
1391 4466 1530 4536 viridaria,
1546 4484 1606 4540 quae
1621 4469 1697 4526 salu-

49 4566 185 4622 berrimas
199 4565 282 4639 aegris
297 4565 424 4638 sanisque
444 4566 541 4622 animis
564 4567 664 4622 herbas
684 4582 717 4623 ac
738 4566 844 4624 radices
857 4566 1044 4639 suppeditent.
1064 4566 1129 4623 llaee
1142 4565 1256 4638 vestigia
1271 4565 1403 4640 engelicae
1417 4564 1557 4637 doctrina,
1573 4583 1655 4640 quam
1667 4575 1697 4626 nt

51 4663 177 4720 haeredes
191 4663 233 4718 sni
246 4671 434 4736 sequerentur,
451 4663 624 4720 beatissimus
638 4665 727 4721 Bruno
741 4664 828 4720 tribus
838 4673 900 4737 post
914 4680 944 4721 se
958 4664 1142 4721 monumentis
1157 4663 1347 4738 consignatam
1362 4663 1481 4737 reliquit.

85 4761 265 4817 Ulterioribus
288 4762 466 4834 supersedeo;
479 4762 537 4831 jam
550 4762 623 4819 enim
636 4762 813 4834 conspicaris,
844 4762 1008 4820 venerabilis
1020 4762 1049 4818 in
1072 4762 1180 4819 Christo
1202 4763 1290 4829 Pater,
1314 4777 1396 4836 quem
1414 4760 1442 4817 in
1463 4776 1576 4834 scopum
1597 4762 1695 4836 hujus·

52 4857 129 4912 modi
143 4873 160 4912 a
173 4874 215 4914 me
229 4859 438 4915 commemorari
452 4867 538 4930 coepta
553 4859 616 4927 sint,
628 4860 755 4917 videlicet
768 4868 798 4915 ut
812 4861 877 4915 satis
891 4860 939 4915 tibi
954 4860 1055 4917 iactum
1066 4860 1173 4930 judices
1187 4859 1313 4917 semestri
1322 4859 1454 4915 industria
1468 4875 1538 4927 mea,
1556 4859 1601 4933 qui
1616 4877 1698 4918 ouras

50 4965 78 5014 et
95 4955 235 5013 sacrdtates
248 4973 282 5014 eo
296 4957 408 5024 contuli,
426 4974 481 5030 quo
491 4957 662 5013 haereditaria
676 4956 722 5012 illa
737 4957 879 5031 suppellex
893 4974 1007 5031 operum
1022 4958 1078 5016 divi
1095 4957 1258 5031 patriarchae
1272 4957 1357 5015 vestri
1370 4974 1386 5012 a
1398 4957 1513 5030 pulvere
1526 4973 1559 5014 ae
1569 4959 1698 5032 squalore

47 5071 173 5111 errorum
186 5056 296 5111 tandem
311 5056 511 5127 detergeretur,
527 5063 554 5111 et
564 5055 687 5130 vestigia,
703 5072 764 5128 quae
778 5056 843 5126 dixi,
860 5056 979 5114 coelestis
994 5057 1135 5125 doctrinae,
1151 5073 1203 5113 usu
1216 5064 1243 5112 et
1257 5055 1387 5128 temporis
1401 5054 1577 5113 diuturnitate
1595 5074 1698 5131 prope-

46 5153 162 5209 modum
175 5152 274 5223 deleta,
291 5151 479 5210 reformarem.
494 5156 583 5226 Atque
597 5154 656 5211 haec
670 5153 760 5210 omnia
770 5154 828 5210 zelo
843 5154 973 5211 excitatus
998 5155 1030 5212 lt.
1048 5156 1078 5211 P.
1095 5156 1140 5225 V„
1165 5171 1226 5227 quae
1240 5169 1257 5210 a
1266 5153 1395 5226 praesenti
1421 5152 1529 5210 interitu
1550 5154 1699 5213 vindicarit

49 5251 78 5306 in
107 5251 285 5324 lotharingia
311 5250 479 5307 carthusiam
507 5252 679 5319 Rutilunem;
695 5251 888 5309 Trevirensam
904 5268 970 5309 vero
985 5269 1018 5309 ea
1033 5253 1171 5326 rigdantia
1184 5253 1325 5326 hucusque
1339 5259 1440 5325 tuetur,
1456 5251 1536 5310 citius
1550 5260 1579 5308 ut
1594 5255 1699 5327 Argum

48 5348 142 5416 iulias,
159 5365 240 5422 quam
255 5349 372 5406 inillam
387 5350 443 5407 vitii
457 5348 549 5421 iacies,
565 5350 717 5408 excubante
732 5351 849 5408 lleotore
863 5351 978 5420 Hoenio,
994 5351 1107 5424 irrepat.

84 5446 224 5515 Quacum
238 5446 276 5503 ita
285 5447 348 5515 sint,
360 5449 431 5506 sient
440 5447 567 5506 dubitare
580 5447 664 5504 nolim
674 5447 905 5521 quinclarissimis
919 5447 1124 5523 utilissimisque
1137 5448 1240 5524 passim
1255 5448 1421 5507 facinoribus
1431 5450 1516 5525 ipsias
1530 5462 1626 5505 omnes
1635 5447 1703 5515 boni

161 5570 282 5630 Persea.
298 5570 389 5630 Cllll.
1188 5644 1192 5650 ,
1580 5575 1592 5628 ¹

10 5756 278 5946 utcu
