3750 5984
42 159 91 213 961
725 153 817 210 vtro.
837 181 872 195 -
890 153 954 211 LIB.
974 152 1012 210 11.
1643 155 1697 212 aaa

45 288 73 338 et
87 296 168 354 quem
183 294 238 336 non
264 279 355 335 minus
375 284 549 335 contemnere
573 293 655 351 quam
670 278 886 350 comprimereA
898 277 1000 336 Verum
1016 293 1076 350 quae
1091 276 1126 332 ab
1140 289 1189 332 cre
1212 273 1285 331 illius
1312 272 1348 331 de
1367 271 1508 332 curatione
1521 274 1580 345 eius
1594 274 1718 345 audiri„

46 378 121 426 esset
135 368 301 426 facillimum.
318 367 383 424 llaec
398 366 503 424 idcirco
518 366 645 432 dixerim,
654 366 717 440 quia
726 366 805 423 aliter
813 365 849 422 de
897 365 1041 425 uerissime
1055 363 1187 438 expressi.
1207 384 1218 416 ι

46 458 90 516 his
100 457 184 513 alium
199 456 345 530 quemdam
360 457 417 527 (36)
431 455 577 528 scripsisse
597 455 702 527 accepi,
718 470 848 512 asseren·
934 455 994 510 lam
1009 471 1042 511 ve
1048 469 1079 512 ro
1092 454 1128 511 'de
1142 450 1267 526 llugonis
1280 449 1366 508 nostri
1379 450 1415 507 de
1429 450 1586 525 Burgrmdia
1597 451 1655 524 (37)
1671 453 1700 510 in

46 553 103 607 tem
117 545 256 613 videlicet,
274 545 348 617 quod
362 560 413 615 per
441 544 550 601 beatam
578 544 723 618 virginem,
753 543 845 601 Domi·
899 543 1027 617 linglism
1042 541 1218 598 translatione
1236 549 1262 597 et
1277 539 1363 612 gestis
1377 538 1500 609 ejusdem
1522 540 1701 613 sequentibus

48 651 110 691 nam
125 641 258 702 nostram,
274 633 324 690 Dei
339 632 508 690 Genitricem
522 632 574 688 sibi
603 640 782 706 apparentem
804 632 849 690 ui-
899 631 1056 699 tractaturi,
1088 629 1170 688 linem
1189 618 1374 703 ‘imponentes
1400 627 1568 700 praecedenti
1594 628 1698 700 libello,
1731 706 1737 718 ι
1830 702 1834 711 ¹

49 723 157 790 sitatus,
173 721 366 780 eunuchizatus
380 729 407 777 et
421 721 463 777 ira
477 728 587 778 curatus
601 720 691 790 suerit,
703 722 774 795 quod
786 721 848 776 nul·
894 719 977 778 abunt
1000 720 1182 778 advertamus.

48 811 104 868 lam
115 811 245 884 deinceps
255 810 345 868 carnis
354 809 534 868 titillationem
545 809 579 866 sit
589 811 701 868 omnino
707 817 846 882 expertus.

705 1020 831 1140 lleptioit
845 1066 915 1124 iiber
928 1066 1048 1138 primm.

594 1306 817 1371 PROLOGUS
837 1307 946 1370 LIBRI
974 1306 1159 1372 SECUNDI.

88 1547 155 1603 Cum
184 1545 382 1603 lincolniensis
407 1544 538 1602 Ecclesiae
565 1545 741 1616 praesulatum
772 1546 852 1602 annis
902 1552 1043 1602 curatores
1062 1545 1236 1614 exstiterunt,
1262 1545 1380 1618 accepi:
1397 1545 1522 1604 similiter
1546 1553 1574 1603 et
1591 1545 1704 1604 modum

51 1637 109 1707 iam
131 1637 211 1708 llugo
239 1637 296 1705 (38)
324 1633 466 1702 bissenis,
493 1641 519 1690 et
534 1633 632 1689 diebus
659 1634 855 1707 quinquaginta
906 1649 959 1707 quo
987 1633 1087 1691 dilecta
1114 1649 1165 1690 sua
1187 1634 1331 1690 carthusia
1359 1634 1497 1701 discessit,
1522 1650 1577 1707 quo
1591 1635 1704 1693 domum

55 1724 143 1780 tribus
157 1722 365 1797 religiosissime
380 1722 606 1790 administrasset,
622 1722 724 1795 placuit
752 1722 855 1778 sancti·
905 1722 1134 1778 withamiensem
1157 1737 1174 1778 a
1189 1721 1374 1779 fundamentis
1382 1723 1592 1780 construendam
1608 1723 1705 1796 dispo-

56 1813 106 1869 tati
120 1829 177 1870 suae
189 1811 354 1885 parvitatem
377 1826 468 1868 meam
482 1812 517 1867 de
540 1811 601 1868 vitae
629 1811 686 1882 (33)
702 1810 857 1867 claustralis
906 1810 968 1879 suit,
985 1810 1111 1879 instituit,
1131 1818 1158 1867 et
1188 1810 1253 1869 viris
1277 1811 1386 1883 optimis
1409 1811 1578 1884 adimplevit,
1599 1827 1631 1869 ac
1645 1818 1709 1884 post

56 1900 202 1958 dulcedine
220 1901 249 1956 in
275 1898 486 1956 sollicitudiuem
527 1915 639 1955 suarum
667 1899 857 1972 qualecunque
906 1898 1011 1956 baeoad
1036 1899 1222 1972 episcopatum
1241 1899 1366 1957 accessit.
1387 1901 1427 1957 De
1451 1900 1504 1970 bis,
1529 1916 1589 1974 quae
1602 1901 1631 1956 in
1645 1900 1708 1974 epi-

59 1989 183 2047 solatium
210 2003 362 2055 assumere,
406 2002 511 2061 suoque
538 1987 758 2060 inseparabiliter
779 1987 857 2044 lateri
907 1996 1021 2059 scopato
1035 1987 1132 2061 gessit,
1147 1995 1294 2061 antequam
1309 1987 1484 2047 eiadbaerere
1498 1989 1655 2062 coepissem,
1670 1989 1706 2046 de

59 2079 175 2135 sociare.
192 2082 283 2151 Aquo
295 2086 419 2148 tempore
436 2092 523 2133 annos
538 2083 594 2132 tres
609 2083 636 2132 et
651 2076 710 2132 dies
726 2075 856 2149 quinque,
907 2075 1041 2132 industria
1057 2085 1192 2149 praetereo
1208 2077 1360 2146 innumera,
1386 2076 1539 2134 certissime
1553 2083 1706 2151 comperte,

58 2181 141 2240 quam
155 2166 203 2223 diu
216 2166 320 2223 scilicet
343 2166 372 2221 in
396 2180 511 2237 corpore
526 2173 620 2236 postea
646 2164 726 2232 vixit,
750 2164 785 2220 ab
800 2166 858 2235 ejus
908 2164 1004 2222 notitia
1017 2173 1178 2222 cunctorum
1198 2164 1370 2239 dignissima.
1396 2163 1466 2235 Quia
1490 2165 1563 2222 enim
1589 2165 1710 2238 plurima

58 2271 205 2329 nunquam,
232 2254 285 2311 nisi
321 2270 372 2326 per
400 2269 484 2309 unam
507 2253 592 2309 solam
629 2261 752 2319 noctem,
784 2252 860 2309 ablui
908 2269 941 2311 ex
956 2253 998 2309 bis
1019 2254 1153 2326 quosdam
1177 2269 1222 2311 me
1253 2254 1337 2326 longe
1365 2254 1423 2325 (tt)
1442 2253 1581 2311 doctiores
1610 2253 1708 2311 litteris

58 2344 199 2413 comitatu,
235 2343 280 2399 die
309 2358 417 2415 semper
445 2357 479 2399 ac
518 2348 598 2399 nocte
626 2341 768 2398 adherens
792 2341 818 2397 ei
833 2348 861 2398 et
908 2341 1056 2399 mandasse
1071 2342 1174 2416 accepi,
1199 2342 1369 2416 superfluum
1382 2342 1438 2399 imo
1456 2349 1484 2398 et
1505 2350 1706 2416 presumptuo-

58 2433 217 2490 ministrans
231 2429 284 2488 sibi
298 2429 361 2503 ipsi.
384 2431 471 2500 Hujus
498 2429 582 2504 igitur
605 2430 694 2502 spatio
731 2429 860 2501 temporis
909 2446 969 2487 sum
983 2447 1046 2488 esse
1068 2429 1198 2503 judicavi,
1220 2430 1256 2487 ab
1282 2429 1343 2486 aliis
1366 2431 1560 2504 congruentius
1575 2431 1708 2504 exposita,
1764 2492 1769 2502 Ι

59 2521 152 2578 omnia
180 2520 246 2589 fere,
263 2535 324 2593 quse
338 2518 373 2575 de
391 2533 424 2576 eo
438 2517 548 2575 libellus
562 2534 685 2591 praesens
699 2518 859 2586 continebit,
909 2518 1062 2592 insipidiori
1091 2517 1201 2591 eloquio
1227 2518 1371 2590 replicare.
1400 2517 1443 2574 dd
1457 2534 1494 2574 es
1529 2535 1596 2576 vero
1619 2518 1711 2576 seria·

59 2618 108 2667 aut
134 2609 253 2683 propriis
267 2607 324 2666 uidi
338 2605 435 2676 oculis,
455 2607 588 2664 asanctis
606 2606 694 2680 ipsius
716 2607 796 2664 labiis
810 2623 861 2665 au·
909 2607 958 2662 tim
981 2606 1134 2674 referenda,
1160 2623 1276 2679 quorum
1298 2607 1366 2664 istos
1392 2606 1517 2665 notitiam
1558 2607 1649 2664 minus
1676 2606 1713 2664 ad

60 2698 126 2756 diui.
910 2694 1044 2768 liquidnm
1079 2694 1218 2752 credimus
1253 2703 1405 2765 assecutos,
1440 2695 1574 2753 mamam
1609 2695 1713 2768 pariter

97 2787 223 2855 Causam,
246 2801 300 2860 qua
319 2785 347 2841 in
361 2791 486 2842 nostrum
510 2784 567 2857 (lb)
583 2783 658 2842 venit
680 2785 786 2852 orbem,
802 2791 859 2840 tum
909 2782 1083 2841 intendentes
1096 2791 1123 2841 et
1141 2783 1271 2854 animum,
1287 2784 1341 2840 tale
1360 2783 1486 2843 invocato
1510 2784 1626 2858 Spiritus
1646 2800 1712 2842 san-

62 2874 98 2932 ab
112 2890 155 2946 eo,
172 2882 229 2933 turn
245 2883 271 2932 et
285 2874 320 2931 ab
335 2873 407 2944 aliis,
423 2872 469 2946 qui
483 2873 564 2943 bunius
585 2873 718 2933 adventus
739 2872 781 2929 sui
794 2887 858 2945 pro-
911 2872 948 2930 cti
970 2872 1107 2944 atb‘utorio
1120 2888 1261 2932 sumamus
1275 2871 1426 2931 exordium.

744 3103 872 3175 Explicit
889 3104 1035 3174 Prologus.

593 3315 781 3418 LIBER
819 3311 1168 3417 SECUNDUS.

280 3586 481 3646 CAPlTULUbl
504 3586 650 3644 PRIMUM.
881 3583 1029 3653 osecundi
1045 3583 1168 3641 notitiam
1179 3583 1307 3641 virtutum
1317 3582 1405 3641 nostri
1419 3585 1543 3659 lingonis
1553 3585 1654 3642 lamam
1667 3585 1714 3642 tali

70 3689 200 3760 Qualiter
220 3704 272 3760 pro
286 3689 365 3746 domo
380 3688 590 3746 Cartbuaieust'r
613 3687 732 3755 ordinis,
754 3686 786 3741 t’a
804 3686 865 3741 An·
920 3673 1066 3730 occasione
1079 3673 1250 3745 P0fl0ssi880·
1268 3672 1391 3743 Quadam
1406 3673 1442 3731 de
1457 3689 1523 3748 ¹⁶80
1537 3674 1632 3747 (ἦ)ἰιι
1644 3682 1718 3731 iim·

101 3759 160 3829 gilo
175 3760 250 3830 opud
266 3759 449 3817 Witbcmicm
462 3758 664 3827 construenda,
688 3758 816 3814 mittitur
830 3755 866 3812 cd
920 3761 1048 3817 smarinis
1062 3769 1173 3835 agente,
1189 3761 1264 3818 uenit
1277 3761 1313 3818 ad
1335 3777 1398 3818 enm
1412 3762 1453 3820 vir
1483 3762 1591 3835 quidam
1618 3763 1719 3821 nobilia

103 3829 287 3901 tuoei'ffldum
301 3832 452 3903 Hud‘m‘m·
919 3850 955 3906 de
970 3850 1093 3923 partibus
1107 3852 1163 3922 (ts)
1182 3850 1400 3908 Nortbmanniae.
1416 3852 1474 3909 lter
1496 3867 1561 3909 vero
1574 3852 1609 3908 de
1624 3852 1721 3910 ordine

104 3941 224 4016 Contigit
239 3957 271 4001 eo
285 3951 407 4017 tempore
421 3945 456 4002 ad
471 3960 554 4019 reges
565 3940 736 4017 Angelorum
754 3939 866 3997 Henrici
920 3939 1157 3997 carthusiensium
1182 3938 1253 3997 inter
1275 3938 1329 3996 alia
1356 3948 1456 3998 mutuae
1483 3940 1721 3999 sermocinationis

401 3410 418 3453 θ

107 4123 156 4183 (36)
168 4122 227 4186 Quis
239 4123 273 4173 ita
283 4123 420 4188 scripserit,
433 4124 513 4176 adbuc
526 4123 595 4175 latet.
616 4122 728 4174 Giraldus
739 4120 870 4172 cambren·
957 4113 1013 4184 (tt)
1026 4119 1062 4170 Er
1073 4120 1206 4171 &nansia
1217 4118 1306 4181 majori
1318 4118 1344 4169 in
1356 4119 1478 4183 taglam,
1500 4131 1572 4183 gnam
1585 4119 1642 4170 dum
1662 4131 1722 4171 nos·

72 4188 108 4239 sis
120 4190 184 4251 apud
197 4190 361 4241 Wartbonum
382 4194 449 4254 part.
471 4204 498 4253 u,
512 4203 568 4254 pag.
581 4189 651 4240 tat:
669 4209 680 4232 ι
702 4187 753 4239 Viri
773 4187 871 4250 guidem
922 4186 988 4237 trum
1000 4189 1071 4237 vocat
1082 4186 1176 4248 orbem,
1188 4186 1280 4237 indicat
1290 4197 1318 4236 se
1330 4186 1434 4249 anglum
1455 4186 1531 4237 misse
1549 4185 1657 4238 natione.
1669 4188 1724 4238 lto-

71 4256 193 4319 tngetici,
208 4276 220 4300 ι
234 4259 259 4307 at
278 4256 334 4307 sine
358 4257 469 4320 nomine,
488 4257 610 4318 meminit,
632 4256 676 4306 sed
696 4253 757 4304 nibil
774 4253 805 4304 de
827 4253 871 4305 bel
922 4253 1028 4303 uacbunr
1041 4263 1101 4303 vero
1113 4251 1190 4304 inisse
1201 4251 1404 4304 cantuariensem
1417 4251 1498 4315 colligi
1510 4252 1606 4305 ridetur
1626 4265 1657 4305 ex
1675 4253 1721 4307 lib.

70 4322 195 4372 Genitrice
207 4323 292 4373 babet.
307 4324 352 4385 Qui
362 4324 383 4373 si
393 4324 530 4387 aliqualiter
538 4334 593 4374 cum
600 4322 641 4372 bio
652 4321 726 4372 dictis
737 4320 871 4382 discordat,
922 4331 952 4380 a,
962 4331 988 4369 c.
1004 4319 1050 4370 22.

69 4386 149 4448 maior
159 4388 297 4440 adhibenda
306 4389 366 4440 tides
376 4394 414 4441 est
424 4390 527 4454 auctori,
539 4389 581 4456 qui
590 4388 725 4440 relataas.
739 4387 872 4451 Hugonetn
959 4419 1012 4484 (Η)
1026 4420 1158 4485 Scripsisse
1169 4419 1200 4473 de
1216 4421 1243 4472 S·
1261 4421 1361 4484 „ugone
1383 4420 1509 4474 mmmm
1530 4422 1721 4488 cambrensem,

73 4457 194 4505 ΝΜ
206 4457 296 4551 ham:
498 4540 504 4552 ,
923 4487 1053 4548 Rogerium
1066 4493 1091 4538 et
1111 4487 1230 4539 Parisium
1243 4489 1308 4551 lego.
1321 4488 1412 4539 llorunr
1425 4489 1520 4553 primus
1543 4490 1669 4554 umigatus
1683 4492 1723 4542 est

117 4537 160 4616 37)
182 4539 288 4592 Subffl‘h
307 4554 313 4585 ²
331 4540 362 4591 ⁶0
383 4540 521 4617 Buram?
544 4539 598 4591 ¹³¹⁰
619 4542 726 4603 sumile.
753 4538 778 4587 ⁰2
799 4538 873 4600 91⁰¹st
924 4554 1088 4605 awartbono
1100 4555 1124 4604 in
1137 4555 1225 4618 anglia
1234 4567 1315 4614 sacra,
1326 4555 1370 4607 sed
1383 4567 1432 4607 non
1444 4557 1506 4608 adeo
1519 4557 1594 4608 multa
1604 4557 1682 4608 refert
1692 4557 1723 4608 de

70 4606 104 4656 ⁰0
114 4606 230 4670 immitis
242 4607 288 4658 ⁸⁰1³
303 4620 333 4658 ⁰²
345 4606 569 4669 willehelmi&-
924 4624 1019 4670 saneto.
1034 4621 1103 4672 Alter
1114 4621 1234 4681 elegatur
1245 4634 1260 4672 a
1270 4622 1347 4673 uariis
1366 4625 1391 4673 ot
1403 4621 1435 4673 de
1445 4627 1531 4674 sancto
1540 4623 1637 4675 ridetur
1646 4623 1724 4686 scrip-

108 4690 161 4753 (33)
175 4691 237 4742 loito
256 4690 349 4743 calculo
361 4703 480 4742 annorum
501 4694 526 4742 et
544 4690 650 4754 dierum,
669 4691 710 4754 qui
729 4691 755 4741 in
774 4691 874 4754 prologo
924 4687 985 4738 sisse
997 4686 1141 4738 incidenter.
1162 4688 1261 4739 Tertius
1283 4688 1353 4753 plura
1376 4689 1495 4741 mutuavit
1506 4702 1539 4740 ex
1559 4689 1675 4752 ltogerio,
1699 4691 1725 4740 et

72 4755 220 4817 indicantur,
234 4761 301 4808 recte
314 4758 400 4808 Surius
418 4757 443 4807 in
463 4757 518 4808 Vita
530 4757 616 4808 scribit
629 4776 635 4806 :
653 4777 664 4800 ‹
678 4757 767 4808 Tenuit
785 4756 910 4818 catha-1)
923 4756 1008 4805 nostro
1026 4759 1126 4805 auctore
1139 4759 1176 4804 eat
1185 4753 1277 4816 iunior.
1302 4757 1340 4806 ltu
1352 4755 1393 4805 alii
1405 4767 1464 4807 vero
1476 4767 1506 4807 eo
1517 4768 1569 4806 aevo
1580 4755 1611 4806 de
1623 4756 1725 4818 lingone

72 4823 142 4873 dram
155 4824 317 4887 episcopalem
329 4823 401 4874 annis
422 4823 562 4886 quindecim
575 4828 600 4875 et
619 4823 795 4887 qunquaginta
818 4827 873 4875 octo
924 4820 1078 4883 scripserint,
1092 4821 1186 4883 ignoro.
1198 4820 1268 4885 Vide,
1282 4833 1337 4884 quae
1355 4821 1484 4874 observata
1506 4825 1565 4874 sunt
1583 4821 1614 4873 ab
1636 4821 1684 4873 alio
1694 4819 1727 4872 ad

72 4888 168 4940 diebus.
183 4906 193 4937 ι
211 4891 309 4954 Quodsi
321 4890 356 4940 ita
367 4891 436 4952 llugo
449 4891 586 4941 comecrari
597 4890 682 4941 debuit
694 4891 721 4941 in
732 4891 872 4954 episcopum
924 4887 968 4938 lib.
982 4901 1020 4950 ιιι,
1033 4899 1088 4950 cap.
1101 4887 1127 4951 6,
1140 4889 1199 4938 nota
1211 4887 1257 4938 eo.

10 4955 534 5087 ,ausuum:esurus
550 4957 874 5086 :suasurus
959 4994 1010 5060 o
1025 5015 1036 5039 ·
1050 4996 1494 5062 ι
1513 4996 1543 5048 ι

924 5060 1730 5181 >

111 5239 166 5303 (39)
179 5242 245 5291 satis
257 5241 335 5293 innuit
355 5241 393 5292 bis
403 5242 485 5292 uerbis
497 5244 581 5293 auctor
592 5254 619 5291 se
630 5241 775 5293 monachum
786 5241 875 5301 misse,
925 5208 1019 5313 222¹„ss
1028 5198 1471 5325 ffifflfflffisffiffiffi,,2
1478 5196 1729 5315 ξῗῐῗὲιωοὲῗοὴψο

75 5312 100 5359 et
114 5307 175 5358 idem
188 5307 317 5358 confirmat
338 5308 392 5358 altis
413 5309 437 5358 in
457 5308 528 5372 locis,
546 5308 684 5372 prasertim
700 5308 743 5359 lib.
755 5322 779 5368 v,
794 5321 817 5358 c.
833 5306 877 5371 33,
1513 5368 1520 5376 ,

75 5375 116 5426 ubi
128 5373 237 5437 postilla
250 5387 258 5424 ι
273 5376 354 5425 «Hac
375 5375 431 5437 ipsi,
443 5375 485 5437 qui
495 5375 593 5438 scripsit
613 5375 670 5438 ista,
689 5373 783 5425 locutus
804 5379 878 5433 est.»
965 5373 1019 5437 (ta)
1032 5375 1102 5425 Anno
1121 5374 1196 5438 igitur
1210 5374 1274 5425 llil
1297 5374 1407 5426 creditur
1426 5375 1464 5427 vir
1481 5375 1521 5426 ille
1542 5374 1630 5426 nobilis
1648 5385 1731 5426 coram
1757 5399 1760 5405 ·

76 5441 144 5493 addit
155 5445 295 5504 postpauca
309 5459 315 5490 :
331 5440 408 5491 «Sub
430 5441 569 5493 testinmnio
590 5442 658 5504 prius
679 5441 801 5505 ejusdem,
823 5452 880 5493 cum
930 5453 988 5504 rege
1006 5440 1030 5490 iu
1041 5440 1138 5493 laudem
1156 5441 1264 5506 lingonis
1277 5440 1423 5506 excurrisse,
1443 5441 1545 5494 etcirua
1564 5441 1639 5493 bnem
1657 5440 1731 5504 buius

75 5519 124 5572 quo
135 5506 279 5571 loquebatur
295 5508 409 5560 monacbi
422 5511 447 5560 et
460 5508 597 5572 presbyteri
610 5509 657 5560 sut.
678 5521 692 5556 a
931 5510 973 5560 aut
982 5507 1077 5560 luridum
1089 5509 1215 5571 seqmntts
1225 5509 1296 5573 lingo
1307 5521 1351 5575 par
1362 5507 1458 5574 legatos
1466 5508 1557 5574 petitus
1567 5507 1593 5561 in
1605 5507 1725 5573 priorem.
