3742 5986
188 137 256 193 ttae
799 133 941 192 OlilllNlS
960 132 1207 191 clamusmnd.
1771 134 1836 190 llil

185 258 275 331 aliqua
294 256 498 330 malignantium
527 256 726 315 machinatione
747 256 853 328 possint
876 257 905 312 in
918 257 1019 319 imi-A
1033 257 1155 315 Toresbi.
1179 259 1221 315 lix
1234 258 1306 316 dono
1320 256 1412 315 laonia
1439 258 1473 314 de
1501 257 1592 314 strobi
1605 266 1633 315 et
1662 257 1780 314 ilenrici
1793 256 1837 314 filii

186 354 243 402 tum
258 347 388 413 revocari,
405 346 491 402 solers
506 345 681 418 antiquorum
696 345 919 416 cavitprudentia
930 361 978 401 eas
1031 347 1089 415 eius
1103 346 1285 419 quadraginta
1307 347 1375 402 duas
1402 361 1483 403 acras
1512 354 1592 402 terrae
1611 346 1640 400 in
1651 347 1798 401 Crareker
1811 354 1836 401 et

186 434 334 506 episcopali
377 434 534 491 auctoritate
562 432 718 490 confirmari
732 453 739 500 ;
755 433 819 490 inde
838 441 880 489 est
907 433 980 505 quod
1031 433 1183 506 croxhage.
1199 437 1239 489 Ex
1254 435 1326 492 dono
1351 433 1495 491 willielmi
1508 434 1543 490 de
1557 434 1697 505 wdetorp
1715 441 1745 490 et
1760 433 1835 488 Alani

184 539 343 579 noseorum
358 530 503 594 sequentes
523 522 650 595 vestigia,
682 529 709 578 et
732 522 825 577 domui
839 521 873 577 de
889 521 982 577 Gene-
1030 520 1080 577 silii
1093 522 1152 591 ejus
1168 522 1309 589 Motteker,
1326 531 1352 578 et
1373 539 1455 577 unam
1470 522 1599 577 bovatam
1621 529 1706 577 terrae
1723 521 1754 576 in
1771 522 1833 576 Far·

184 610 329 683 leldatqne
343 609 505 665 monialibus
521 609 548 664 in
566 624 600 665 ea
613 609 673 665 Deo
700 609 879 666 servientibus
894 624 980 681 quan·
1031 608 1090 666 lord
1105 625 1166 665 cum
1185 609 1253 666 talto
1279 624 1346 666 uno.
1372 611 1413 666 Ex
1435 611 1508 667 dono
1531 609 1676 666 willielmi
1690 610 1729 665 de
1745 609 1834 666 welle

184 698 276 754 tamin
286 698 364 754 nobis
374 697 568 768 estprovidere
583 696 718 764 videntes,
733 713 764 753 ea
779 697 921 770 quaeipsis
936 697 981 769 pie
1031 705 1059 753 et
1073 697 1183 753 lioberti
1199 697 1247 753 lilii
1265 698 1323 767 ejus
1336 714 1384 754 sex
1399 713 1480 755 acras
1499 705 1581 755 terrm
1599 698 1627 753 in
1643 697 1788 754 territorio
1803 697 1835 752 de

185 786 282 843 collata
297 793 360 840 sunt
375 785 531 841 auctoritate
546 801 598 856 qua
620 783 759 857 fungimur
773 783 899 839 duximus
913 784 981 855 ipsis
1030 784 1130 841 wiern
1144 785 1171 840 in
1185 784 1247 842 loco
1264 786 1310 858 qui
1320 793 1432 843 vocatur
1444 787 1584 843 Harlbam.
1600 789 1644 843 Ex
1661 787 1741 843 dono
1757 786 1835 841 llere

182 875 353 940 confirmare,
370 880 397 929 et
410 888 441 929 ca
456 872 575 945 propriis
589 872 729 929 vocabulis
743 879 872 928 annotata
880 871 981 942 scripto
1030 872 1101 928 berti
1115 873 1151 928 de
1164 873 1252 940 hlebi
1269 881 1296 928 et
1305 873 1423 930 walteri
1438 881 1465 929 et
1478 874 1622 931 willielmi
1638 873 1764 930 tiliorum
1778 874 1834 943 ejus

94 976 97 980 ·
183 962 337 1019 authentico
360 960 528 1032 imprimere,
544 960 679 1027 videlicet,
697 977 730 1016 ex
759 960 831 1017 dono
859 959 982 1015 liudonis
1031 960 1162 1033 quidquid
1176 960 1228 1033 ipsi
1238 961 1429 1017 habueruntin
1452 962 1665 1036 wlurikehage,
1680 970 1710 1020 et
1725 963 1835 1018 Proste-

182 1050 217 1106 de
236 1048 370 1105 Grenesbi
385 1056 412 1104 et
427 1047 533 1105 liedulfi
548 1047 597 1104 lilii
611 1049 670 1118 ejus
684 1047 859 1104 fundatorum
874 1046 980 1119 praelati
1030 1049 1112 1120 bage,
1122 1056 1149 1104 et
1159 1048 1291 1122 quidquid
1301 1049 1353 1120 ipsi
1363 1049 1517 1106 hahuerunt
1526 1050 1598 1107 inter
1608 1051 1833 1122 bolandewange

181 1137 244 1205 loci,
270 1135 415 1194 ecclesiam
444 1137 478 1193 de
501 1135 552 1192 ilbi
570 1152 632 1193 cum
656 1136 784 1193 omnibus
810 1134 981 1207 pertinentiis
1030 1144 1058 1192 et
1072 1136 1298 1205 Derwennebille,
1313 1145 1340 1193 et
1354 1137 1425 1193 inter
1444 1138 1579 1194 abbatiam
1599 1147 1627 1195 et
1650 1138 1791 1195 fossatum
1803 1138 1835 1193 de

181 1225 247 1291 suis,
264 1233 291 1281 et
305 1225 439 1281 culturam
454 1225 489 1280 de
504 1224 606 1281 Boland
619 1232 647 1281 et
660 1224 695 1280 de
710 1223 936 1295 wargarthweit,
953 1229 981 1278 et
1031 1223 1232 1281 crakethweith
1254 1241 1305 1296 per
1317 1232 1406 1281 metas
1434 1226 1581 1297 dispositas
1609 1242 1625 1282 a
1648 1225 1836 1283 crakethweit

181 1314 216 1369 de
230 1312 393 1378 catecrooft,
409 1327 471 1368 aum
485 1312 592 1368 cultura
599 1313 674 1382 juxta
694 1312 808 1367 boscum
822 1311 858 1368 de
872 1310 980 1367 Swine-
1031 1328 1118 1385 usque
1133 1313 1283 1380 Trentesic,
1299 1328 1362 1370 cum
1377 1314 1515 1370 communi
1537 1323 1649 1386 pastura
1662 1315 1700 1371 de
1715 1314 1782 1370 Abi.
1797 1314 1835 1369 lix

180 1401 236 1469 wit,
253 1409 279 1458 et
293 1409 399 1473 pratum
415 1399 614 1473 quodpertinat
637 1400 672 1456 de
697 1399 845 1456 catecrolt.
875 1397 980 1453 Sende-
1031 1401 1102 1456 dono
1116 1400 1230 1457 Gunteri
1240 1400 1275 1457 de
1290 1401 1368 1457 hlebi
1379 1402 1510 1474 quidquid
1527 1403 1588 1474 ipse
1601 1402 1699 1458 habuit
1714 1402 1745 1457 in
1759 1402 1835 1458 wlu-

180 1489 234 1546 cim
248 1504 327 1546 acras
349 1487 420 1560 prati
449 1489 477 1543 in
494 1487 599 1558 campis
624 1488 658 1543 de
686 1487 748 1554 hbi,
760 1494 788 1543 et
815 1486 928 1542 boscum
946 1485 981 1542 de
1031 1488 1169 1560 rikebage‚
1185 1496 1212 1545 et
1227 1489 1359 1562 quidquid
1373 1490 1468 1545 babuit
1483 1491 1554 1547 inter
1568 1490 1709 1547 culturam
1724 1490 1830 1546 dePre·

179 1576 331 1633 hitterlund
341 1583 368 1632 et
381 1575 488 1632 Tiedoll
500 1575 659 1644 barnewde,
669 1581 696 1632 et
710 1574 844 1631 decimam
869 1573 978 1629 molen·
994 1577 1139 1662 Bstbage,
1158 1585 1185 1632 et
1203 1584 1304 1632 terram
1331 1577 1446 1633 Gilherti
1461 1578 1496 1634 de
1511 1579 1671 1650 campania.
1697 1579 1744 1634 Ex
1766 1579 1832 1634 dono

180 1665 308 1720 diuorum
322 1664 357 1719 de
376 1664 445 1730 abi,
461 1671 488 1719 et
511 1670 597 1719 totum
629 1663 743 1720 boscum
778 1663 813 1718 de
837 1660 979 1733 croxhage
1031 1665 1114 1720 Picoti
1128 1665 1163 1721 de
1176 1665 1285 1720 Houton
1303 1673 1330 1720 et
1344 1664 1474 1722 Richardi
1487 1665 1534 1721 lilii
1549 1667 1608 1736 ejus
1623 1682 1710 1722 unam
1721 1666 1830 1722 salinam

181 1753 254 1825 qnod
268 1753 444 1808 Normannns
459 1750 561 1809 habuit.
574 1751 614 1806 Ex
628 1750 701 1806 dono
711 1749 847 1808 noscclini
858 1750 893 1805 de
911 1749 980 1820 nig—
1029 1753 1058 1808 in
1079 1753 1198 1810 marisco
1220 1753 1254 1809 de
1266 1754 1383 1808 Newton
1397 1772 1404 1819 ;
1420 1761 1448 1810 et
1475 1754 1595 1826 quinque
1622 1770 1708 1811 acras
1723 1755 1794 1827 prati
1808 1754 1832 1809 in

181 1840 261 1913 gesbi
275 1849 301 1897 et
316 1840 423 1896 Jodlani
438 1838 485 1894 filii
501 1840 559 1908 eius
579 1839 708 1911 quioquid
723 1838 776 1909 ipsi
789 1837 980 1894 habueruntin
1029 1840 1172 1897 Twallates
1188 1841 1256 1897 etin
1276 1840 1447 1913 westinges.
1463 1843 1504 1898 Ex
1534 1843 1606 1899 dono
1636 1844 1755 1899 Thomas
1768 1844 1831 1898 Bnr·

182 1928 390 2000 wlurikehage.
406 1929 445 1983 Ex
461 1927 534 1983 dono
549 1926 663 1982 Gilherti
678 1927 713 1982 de
724 1925 856 1999 Riggesbi
872 1933 898 1981 et
908 1927 980 1980 ller-
1029 1928 1128 2001 gelurn
1143 1928 1211 1984 duas
1226 1944 1307 1985 acres
1331 1937 1410 1985 terre
1424 1929 1451 1985 in
1479 1930 1614 1986 territorio
1634 1931 1670 1986 de
1697 1931 1789 2004 linge,
1807 1938 1831 1985 et

183 2015 253 2073 berti
276 2013 323 2071 filii
335 2017 394 2086 ejus
408 2014 540 2087 quidquid
556 2014 608 2085 ipsi
631 2015 786 2070 babuerunt
798 2013 825 2068 in
837 2012 979 2068 wlurike·
1030 2024 1113 2073 tetam
1127 2025 1228 2073 terram
1243 2032 1321 2073 snam
1335 2017 1363 2073 in
1377 2018 1501 2074 Northon
1511 2034 1573 2091 qum
1582 2019 1658 2087 iacet
1677 2018 1831 2075 inserviam

182 2104 254 2176 hage
267 2110 294 2161 et
307 2103 483 2176 Prestehage,
499 2110 526 2158 et
547 2109 650 2157 sartum
662 2101 736 2171 justa
759 2101 938 2174 Prestehage,
953 2107 981 2156 et
1030 2113 1056 2162 et
1070 2106 1205 2162 culturam
1234 2120 1321 2161 suam.
1342 2105 1384 2160 Ex
1401 2106 1475 2161 dono
1502 2106 1618 2162 Gilherti
1644 2106 1766 2162 'lestard
1780 2115 1831 2161 tres

183 2200 300 2265 quatuor
323 2207 400 2248 acras
429 2199 509 2247 terrae
524 2192 551 2246 in
567 2189 791 2263 heregerethage
821 2205 882 2244 eum
906 2187 981 2244 omni
1008 2267 1011 2272 Ι
1029 2193 1174 2265 perticatas
1189 2193 1310 2249 terrain
1325 2193 1510 2251 territoriode
1527 2194 1587 2251 nbi.
1604 2194 1648 2249 Ex
1666 2195 1744 2250 dono
1762 2193 1832 2248 Wil-

181 2287 294 2352 pastura
309 2280 343 2335 de
372 2278 513 2352 Riggesbi.
539 2278 580 2333 Ex
603 2278 677 2334 dono
701 2276 816 2333 nintrini
843 2275 878 2332 de
902 2276 982 2349 linge
1029 2280 1114 2337 lielrni
1127 2280 1280 2353 Bur-gelum
1295 2296 1378 2336 unam
1390 2296 1481 2337 acram
1499 2289 1579 2338 terrae
1601 2282 1631 2337 in
1645 2282 1788 2338 territorio
1802 2282 1833 2338 de

183 2366 380 2441 quinquaginta
393 2367 512 2439 quinque
526 2381 604 2423 acres
617 2366 652 2422 de
667 2373 743 2421 terra
759 2363 840 2430 culm,
857 2371 884 2420 et
897 2365 980 2436 quin·
1030 2369 1131 2436 Swabi,
1145 2369 1172 2423 in
1182 2368 1287 2426 cultura
1302 2385 1364 2441 qnae
1377 2376 1491 2426 uocatur
1513 2371 1828 2441 Brenthebuskewange.

184 2473 237 2529 que
251 2471 329 2512 acras
343 2455 415 2527 prati
430 2455 457 2510 in
478 2454 614 2512 communi
641 2461 751 2525 pastura
775 2453 810 2509 de
836 2453 923 2524 Hage.
940 2453 981 2507 Ex
1030 2458 1094 2514 liaec
1107 2457 1197 2513 omnia
1211 2457 1280 2513 sicul
1295 2456 1335 2512 eis
1348 2457 1421 2526 juste
1434 2458 1530 2514 collata
1548 2466 1651 2514 suntet
1665 2458 1832 2514 rationabili·

183 2544 255 2600 dono
269 2543 392 2599 Alanide
407 2542 498 2598 ldunbi
514 2551 540 2598 et
558 2541 681 2598 liudonis
704 2539 753 2595 lilii
767 2541 826 2610 ejus
850 2539 980 2612 quidquid
1029 2553 1081 2611 ter,
1101 2545 1230 2617 presenti
1251 2544 1351 2616 scripto
1366 2552 1393 2600 et
1412 2545 1496 2617 sigilli
1524 2546 1578 2601 mei
1592 2546 1753 2617 patrocinio
1767 2560 1831 2603 oon·

183 2632 234 2704 ipsi
263 2632 416 2687 babuerunt
451 2630 480 2686 in
516 2630 722 2702 wlurikehage,
740 2636 766 2684 et
781 2627 924 2685 eeclesiam
947 2628 981 2683 de
1029 2632 1122 2689 firmo.
1140 2632 1227 2689 Salvis
1243 2632 1443 2705 episcopalibus
1459 2633 1709 2690 consuetudinibus
1724 2644 1751 2690 et
1770 2634 1831 2689 Lin-

183 2719 369 2777 combrewrth
389 2726 517 2791 quantum
542 2719 577 2772 ad
600 2718 676 2789 ipsos
699 2716 861 2788 pertinebat,
877 2715 981 2771 scilicet
1030 2721 1177 2778 calpiensis
1192 2721 1322 2778 Ecclesiae
1335 2721 1539 2794 dignitate,·his
1551 2722 1680 2790 testibus,
1698 2723 1829 2779 Haimone

182 2815 239 2863 tres
256 2814 349 2878 partes
367 2806 490 2875 eiusdem
519 2805 653 2862 ecclesiae.
669 2805 704 2860 Et
731 2802 905 2860 Snouteerost
919 2818 980 2858 eum
1029 2808 1133 2866 decano
1155 2808 1353 2865 Lincnlniensis
1366 2809 1511 2877 Ecclesia,
1525 2810 1662 2882 magistro
1677 2811 1829 2883 liogemde

183 2894 320 2953 communi
348 2902 461 2965 pastura
475 2893 510 2950 de
524 2893 620 2949 Sutton
645 2899 672 2948 et
699 2907 783 2948 unum
798 2889 894 2948 toltum
907 2890 981 2963 quod
1031 2897 1831 2971 lloveltonarchidiaconodeleicestria,llagistrollicardo

183 2983 234 3040 init
256 2981 397 3039 Gunebien
426 2989 453 3038 et
475 2988 615 3053 pasturam
635 2980 669 3036 ad
697 2987 835 3037 trecentas
864 2993 930 3035 oves
953 2949 1016 3033 inc
1030 2985 1065 3042 de
1078 2984 1288 3055 Swnleweclira,
1320 2984 1445 3042 Gallrido
1467 2984 1503 3043 dc
1532 2987 1705 3054 Lechedale,
1720 2987 1831 3044 lloberto

183 3078 298 3144 pastura
315 3070 387 3126 ultra
401 3070 523 3126 Habedie
538 3069 573 3125 de
586 3067 689 3125 Munbi.
706 3068 828 3123 Exdouo
838 3066 982 3122 Willielmi
1033 3073 1068 3130 de
1082 3072 1204 3145 Capella,
1213 3073 1361 3130 Eustachio
1373 3074 1409 3131 de
1423 3073 1529 3131 wilton
1542 3082 1571 3132 et
1583 3074 1646 3132 aliis
1655 3076 1762 3132 multis.

183 3158 231 3215 lilii
245 3158 339 3216 Otreri
354 3157 466 3231 triginta
486 3166 541 3214 tres
566 3171 646 3213 acras
660 3157 688 3212 in
701 3156 806 3227 campis
830 3154 865 3212 de
891 3154 942 3210 Abi
957 3160 985 3211 et

335 3498 607 3649 tltllll
650 3496 922 3672 llllttlt
965 3493 1210 3644 tllllll
1254 3494 1685 3645 tllllltttll.

599 3755 691 3824 (bom.
708 3755 873 3822 Marianon,
895 3755 1002 3811 lanai.
1019 3753 1122 3810 bened.
1138 3751 1184 3822 Vl,
1204 3755 1274 3825 App.
1296 3769 1323 3824 p.
1343 3755 1418 3819 nat.)

819 4113 1181 4266 „monrium

223 4392 350 4448 vixerant
364 4389 481 4463 primum
490 4390 541 4445 snb
556 4387 748 4460 episcoporum
760 4382 951 4454 jurisdictione
966 4379 1077 4449 Maioris
1091 4378 1239 4437 carthusiae
1252 4376 1390 4447 monachi,
1404 4377 1434 4434 in
1452 4375 1510 4432 suis
1524 4371 1601 4430 cellis
1613 4370 1717 4428 visitati
1732 4375 1768 4429 ab
1782 4373 1829 4454 eis.

185 4472 213 4522 at
226 4471 305 4536 prout
319 4463 422 4519 libebat
435 4461 582 4518 emendati.
598 4459 652 4516 Sed
665 4472 728 4514 cum
742 4454 838 4511 inillis
855 4454 944 4525 magis
958 4451 1024 4524 quid
1038 4451 1209 4518 mirarentur,
1226 4463 1307 4523 quam
1335 4447 1409 4529 quod
1434 4445 1615 4524 corrigerent,
1629 4443 1829 4524 deprehendis·

186 4544 255 4602 sent,
273 4541 369 4605 sponte
383 4548 413 4587 se
423 4530 666 4600 suajnrisdiatione
681 4529 708 4583 in
722 4525 907 4582 sanctissimos
936 4521 1064 4578 eremitas
1082 4526 1224 4588 exuerunt,
1240 4534 1299 4575 eam
1321 4533 1392 4574 nean
1416 4532 1513 4572 manus
1528 4512 1637 4585 capituli
1653 4515 1796 4586 generalis
1807 4520 1830 4594 et

205 4605 285 4661 rionis
300 4603 448 4660 carthusiae
462 4603 656 4674 deposnerunt,
674 4598 755 4679 plena
769 4596 809 4650 eis
825 4594 914 4675 quoad
938 4591 1082 4665 regiminis
1106 4589 1275 4661 disciplinam
1331 4595 1416 4670 mata
1430 4599 1571 4667 concessa.
1581 4584 1667 4664 'Hanc
1681 4584 1787 4664 dudum
1799 4584 1829 4638 lr-

185 4623 347 4732 iertatemo
368 4674 459 4728 tabant
477 4672 523 4727 alii
537 4671 661 4740 ejusdem
675 4666 789 4723 instituti
823 4680 920 4729 nores,
941 4663 1091 4719 scribentes
1107 4661 1251 4716 hnthelmo
1262 4661 1370 4728 Marone
1383 4658 1533 4736 carthusie
1546 4668 1688 4735 prtem-ac
1702 4663 1830 4710 msmnbr

187 4753 312 4818 petentes
331 4691 366 4799 ai
381 4759 414 4799 eo
429 4743 455 4799 in
478 4740 600 4815 generali
620 4737 749 4810 capitulo,
775 4751 792 4792 a
856 4734 910 4790 nod
925 4731 1038 4804 praefixo
1052 4741 1176 4813 ternpore
1189 4729 1377 4812 convenirent,
1393 4727 1545 4808 emendari.
1553 4726 1634 4780 Pium
1648 4723 1762 4780 illorum
1770 4739 1830 4852 gm-

186 4817 305 4889 positum
319 4814 438 4871 laudarit
462 4812 631 4878 anthelmus,
641 4808 820 4878 consultoque
835 4752 950 4876 iiugone
963 4804 996 4869 ll,
1022 4802 1274 4872 Gratianopolrtano
1284 4813 1424 4880 episcopo,
1440 4795 1586 4879 puniuerat
1600 4796 1757 4851 monachus
1791 4811 1830 4849 ar·

188 4887 345 4953 thusianns,
362 4883 502 4954 rescripsit
522 4890 551 4939 ut
564 4882 625 4950 jure
640 4881 692 4936 hoc
714 4879 741 4934 in
769 4877 879 4949 negotio
898 4874 1084 4945 precederent,
1114 4880 1141 4928 et
1156 4871 1346 4942 episcoporum
1373 4885 1401 4924 in
1424 4885 1467 4923 sin
1506 4867 1540 4947 lis
1564 4865 1712 4920 domomm
1727 4881 1831 4922 suanum

186 4958 362 5026 dioecesibua,
377 4955 543 5024 fratrumque
558 4952 679 5008 omnium
701 4949 727 5003 in
745 4946 924 5004 conventibus
941 4945 997 5000 suis
1014 4958 1178 5000 consensum
1192 4948 1363 5012 expeterent.
1384 4938 1446 5008 Quo
1471 4937 1539 4994 acile
1554 4936 1832 5015 obtenta-Portarum

185 5028 262 5100 prior
285 5027 451 5092 Bernardus,
477 5021 617 5080 soffordus
631 5019 824 5084 Excubiarum,
838 5018 957 5073 Lazarus
976 5014 1123 5080 burbonis,
1139 5013 1291 5083 Stephanus
1306 5009 1444 5091 llajorevi,
1455 5009 1574 5089 loannes
1597 5005 1722 5062 klrcrne
1737 5023 1832 5064 conre-

185 5105 286 5155 nerunt
299 5097 334 5153 ad
353 5096 483 5166 hlajorem
498 5091 676 5158 carthusiam,
695 5098 721 5145 et
735 5105 797 5146 curn
811 5087 966 5152 anthelmo,
983 5085 1060 5142 mirae
1075 5084 1224 5140 sanctitatis
1238 5083 1305 5146 viro,
1341 5095 1441 5136 numum
1455 5076 1603 5151 capitulum
1617 5077 1756 5150 generale
1769 5077 1834 5136 cele

188 5167 345 5234 brarernnt,
370 5167 449 5237 cujus
458 5173 517 5223 acta
531 5171 558 5222 et
572 5169 671 5220 statmo
686 5168 712 5218 at
727 5159 909 5233 quorumdam
931 5156 1047 5215 aliorum
1062 5154 1240 5226 capitulorum
1255 5151 1315 5209 exh'
1338 5166 1425 5209 emus.
