3742 5986
200 162 252 216 367
481 161 509 216 S.
527 158 703 216 nnUNONts
721 156 1043 218 CARTHUSIANORUM
1062 158 1302 216 INSTl'l'U'l'ORIS
1321 158 1397 215 OPP.
1417 158 1506 252 PARS¹
1525 159 1559 215 11.
1795 163 1844 216 368

199 281 298 355 aliquis
320 301 327 338 :
343 284 442 340 Verum
467 283 576 354 quidem
600 290 641 337 est
661 283 734 354 quod
750 298 785 336 ex
800 283 858 338 Deo
873 280 956 348 fides,
971 285 1034 343 ειΑ
1048 286 1105 336 horr
1120 281 1242 338 orhihm·
1255 298 1300 337 mc
1312 281 1557 347 comprehendisse
1568 280 1716 348 Christum,
1733 281 1787 338 nisi
1800 299 1847 354 per

198 371 251 425 nisi
267 387 315 441 per
338 370 418 439 fidem
443 386 497 426 non
517 378 606 442 potest
632 370 725 425 haberi
742 371 859 439 justitia;
880 370 928 425 sed
939 371 997 438 jam
1048 367 1187 439 speculum
1198 368 1272 425 fidei.
1284 370 1345 423 Non
1355 370 1472 425 arbitror
1482 385 1526 424 me
1540 370 1846 440 comprehendisse,sad

197 458 290 514 babitu
301 459 418 528 justitia,
435 475 489 514 non
504 467 545 514 est
560 459 629 513 ultra
652 458 805 514 necessaria
829 456 910 525 fides,
935 458 997 514 ideo
1043 473 1304 529 persequoronum‚
1316 457 1392 512 idest
1413 473 1471 512 rem
1488 456 1606 513 26⁸7
1626 474 1717 524 unam,
1743 458 1845 530 dequo

197 547 248 614 uit,
272 547 333 619 quia
348 548 417 603 sicut
438 563 487 618 per
510 545 591 602 fidem
615 554 703 601 ortum
722 547 804 602 babet
823 546 934 615 justitia,
958 546 997 602 sio
1046 559 1101 598 uno
1116 543 1161 599 ille
1177 544 1312 600 clamabat
1329 560 1335 598 :
1350 567 1361 595 ι
1378 546 1466 601 Unam
1482 545 1547 616 petii
1562 545 1846 613 aDomin0,haucre·

198 635 350 705 perdurare
361 635 442 690 babet
457 635 484 688 in
496 633 558 700 lide,
571 644 597 689 ει
605 650 659 689 non
675 634 733 688 sine
749 634 804 689 illu.
1046 633 1152 703 quirem
1167 634 1259 701 (Psoi.
1280 648 1360 698 xxvi,
1383 633 1420 703 ι).
1440 656 1451 681 r
1481 634 1570 688 Unum
1595 633 1729 704 sequitur,
1755 634 1801 705 qui
1818 635 1845 688 in

233 723 305 777 Dixit
320 722 445 794 superius
460 721 532 794 quod
546 739 596 794 per
610 721 747 777 Christum
760 721 910 776 habebatur
925 720 996 776 emi·
1047 720 1142 774 cadem
1157 720 1315 790 operatione
1329 720 1393 775 boni
1404 736 1512 790 semper
1521 728 1572 775 est.
1582 722 1642 776 Duo
1657 720 1790 793 sequitur,
1801 722 1846 794 qui

197 826 266 865 nens
291 811 412 878 scientia,
431 811 512 866 etiam
539 810 567 863 in
581 810 633 865 hoc
662 809 776 864 mundo.
800 810 879 865 Nunc
906 817 996 864 autem
1045 807 1127 862 modo
1147 807 1258 874 bonurn,
1288 808 1370 863 modo
1388 808 1488 862 malum
1521 817 1662 879 operatur.
1692 810 1846 882 Persequor

198 894 289 953 subdit
299 899 371 970 quod
385 914 435 970 per
449 914 512 954 eum
540 898 675 953 habeatur
692 897 775 969 longe
789 898 878 967 major
898 896 996 970 cogui-
1046 911 1129 949 unum
1144 911 1197 968 ego
1212 895 1320 968 quidem
1335 896 1499 953 obliviscens
1513 911 1616 969 eaquoc
1631 901 1707 953 retro
1723 902 1803 964 sont,
1819 897 1845 953 id

199 987 256 1053 ti0;
273 987 322 1042 sed
338 987 396 1044 haec
411 987 439 1041 in
452 986 552 1051 futuro,
570 985 680 1057 quondo
694 985 838 1041 Dominum
849 986 932 1040 visuri
947 1002 995 1040 su·
1045 990 1087 1038 est
1102 983 1260 1054 temporalia
1269 991 1295 1038 ει
1310 984 1617 1056 quaecunqueoarnalia.
1635 984 1683 1040 Vel
1696 984 1734 1040 ita
1752 985 1844 1043 :Obli-

196 1092 257 1130 mus
273 1076 342 1131 sicut
357 1081 407 1130 est.
420 1074 486 1144 Qum
498 1074 602 1143 iustitio
612 1081 653 1129 est
666 1074 701 1128 tn*
712 1074 776 1143 fido.
805 1074 912 1128 lustitia
934 1074 995 1130 dico
1044 1073 1153 1127 visceris
1169 1088 1230 1144 quos
1243 1076 1320 1128 retro
1335 1075 1414 1137 suot,
1433 1071 1459 1126 id
1474 1079 1515 1127 est
1528 1072 1664 1142 praeterita
1678 1072 1795 1140 merita;
1810 1075 1845 1130 od

197 1162 293 1219 valens
308 1165 344 1219 od
354 1163 563 1235 agnoscendam
579 1163 664 1217 illum
684 1162 712 1215 in
734 1161 830 1233 gloria,
847 1162 917 1217 sicut
943 1170 994 1229 est,
1044 1176 1077 1214 eo
1092 1175 1155 1215 vero
1165 1164 1301 1232 qooesunt
1312 1160 1418 1230 priora,
1430 1160 1457 1214 id
1473 1167 1515 1215 est
1529 1160 1646 1230 potiora,
1664 1161 1725 1233 quia
1735 1169 1844 1230 aeterna,

200 1267 254 1306 non
270 1251 339 1306 sicut
354 1251 436 1305 modo
450 1265 500 1320 per
512 1248 661 1319 speculum,
674 1257 699 1304 et
711 1250 746 1305 od
757 1249 894 1304 virtatem
905 1265 996 1304 resur·
1044 1247 1087 1302 vel
1103 1247 1137 1301 ad
1153 1263 1184 1302 ea
1200 1247 1295 1302 merita
1310 1264 1371 1318 quae
1386 1256 1448 1302 sunt
1457 1247 1546 1319 priora
1568 1247 1693 1313 utilitate,
1709 1256 1737 1305 ει
1752 1249 1775 1304 si
1793 1265 1845 1321 po-

197 1340 333 1394 rectionis
346 1341 417 1410 ejus,
435 1337 462 1391 id
477 1343 518 1392 est
534 1337 569 1391 ad
585 1336 784 1407 resurgendum
800 1336 827 1390 in
842 1336 997 1391 immortali·
1046 1334 1162 1389 steriora
1174 1334 1393 1406 praecedentibus
1408 1344 1540 1406 tempore.
1552 1337 1617 1391 ldeo
1631 1336 1723 1392 tiltirm
1745 1337 1843 1408 priora,

196 1434 251 1481 tate
268 1445 275 1492 ·,
291 1443 352 1496 quae
366 1433 459 1479 nostra
474 1424 640 1479 resurrectio
655 1425 741 1479 virtus
756 1432 797 1478 est
812 1425 993 1480 resurrectio·
1045 1423 1109 1494 quia
1125 1424 1310 1493 procedentia
1324 1423 1403 1478 irrita
1418 1432 1519 1488 essent,
1536 1423 1588 1478 nisi
1603 1433 1784 1496 sequerentur
1796 1426 1846 1481 ista

195 1514 238 1567 nis
253 1513 321 1581 ejus
346 1512 517 1568 Resurrectio
546 1513 618 1566 enirn
632 1513 690 1581 ejus
715 1513 766 1567 hoc
781 1510 872 1578 efficit,
889 1521 917 1566 ut
943 1528 994 1567 nos
1043 1528 1104 1581 quae
1118 1509 1217 1565 iaciunt
1232 1511 1286 1565 vim
1300 1510 1347 1564 ille
1364 1512 1473 1566 babere.
1489 1512 1531 1567 Ad
1546 1511 1593 1567 illa
1604 1528 1665 1584 quae
1680 1521 1743 1568 sunt
1753 1513 1846 1585 priora

197 1600 322 1656 similiter
343 1616 529 1672 resurgamus.
545 1600 652 1654 lustitia
672 1599 767 1653 iterum
782 1599 878 1653 valens
893 1600 929 1655 od
945 1601 1030 1690 lta-B
1044 1599 1117 1652 omni
1133 1599 1270 1654 desiderio
1284 1599 1442 1655 extendens
1457 1602 1596 1671 meipsum
1611 1609 1638 1655 et
1652 1615 1736 1657 carne
1752 1609 1778 1657 ει
1788 1602 1845 1672 spi-

197 1688 313 1743 bendam
327 1690 489 1743 societatem
504 1688 756 1759 possiormmiltios
766 1695 803 1752 ut,
822 1687 996 1757 quemadmo·
1045 1686 1106 1750 ritu,
1122 1687 1213 1742 eundo
1229 1687 1268 1742 sic
1283 1687 1319 1742 od
1335 1686 1521 1753 destinatum,
1537 1688 1565 1744 id
1584 1690 1675 1745 estad
1689 1706 1750 1746 rem
1779 1690 1845 1745 mihi

196 1777 322 1831 dumille
337 1791 386 1846 pro
400 1776 489 1841 nobis,
506 1775 544 1830 sic
556 1790 606 1830 nos
621 1791 672 1845 pro
696 1791 728 1830 eo
752 1776 897 1845 patiamur.
928 1776 995 1830 Pas·
1043 1775 1215 1840 destinatam,
1234 1775 1337 1831 scilicet
1349 1776 1385 1831 od
1404 1776 1541 1842 brorium,
1557 1776 1635 1832 idest
1649 1777 1682 1831 ad
1703 1778 1844 1849 praemium

199 1865 291 1932 siones
302 1863 401 1920 Christi
411 1871 499 1930 vocat,
517 1880 577 1934 quae
591 1872 772 1919 antecrucem
789 1871 844 1918 toto
872 1871 997 1933 tempore
1044 1861 1154 1917 laboris.
1171 1863 1296 1919 Bravium
1312 1864 1374 1920 dico
1390 1865 1546 1920 vocationis
1560 1866 1610 1920 Dei
1622 1865 1656 1919 ad
1672 1866 1747 1937 quod
1774 1865 1844 1923 acci·

196 1952 334 2025 [corpore]
349 1951 485 2007 toleravit.
503 1951 601 2006 Valens
616 1952 696 2007 otiam
711 1952 745 2005 ad
761 1946 910 2006 habendam
927 1967 995 2008 con·
1044 1951 1173 2021 piendum
1189 1960 1266 2007 vocat
1280 1968 1324 2007 me
1338 1953 1425 2008 Deus.

191 2040 381 2112 figurationem
395 2041 497 2097 mortis
512 2042 581 2112 ejus,
600 2047 629 2094 ut
644 2055 694 2094 nos
709 2039 783 2094 omni
805 2039 887 2094 modo
906 2039 995 2095 consr-
1079 2038 1236 2095 Vooationis
1250 2040 1312 2095 dico
1327 2057 1467 2114 superate,
1477 2040 1505 2096 id
1519 2049 1561 2096 est
1575 2040 1602 2096 in
1617 2041 1743 2113 supernis
1757 2041 1844 2098 ooelo·

194 2130 327 2202 ‘geremus
343 2127 422 2183 morti
438 2128 504 2196 ejus·
525 2129 559 2183 Ut
579 2126 648 2182 sicut
662 2126 708 2181 ille
723 2143 756 2181 ex
778 2126 834 2181 sola
849 2127 994 2183 dilectione
1044 2143 1105 2180 rum
1124 2126 1267 2197 habendae,
1290 2130 1321 2183 in
1346 2129 1454 2185 Christo
1464 2130 1538 2198 teste,
1565 2129 1742 2185 distributore
1764 2130 1844 2199 hujus

195 2225 315 2271 mortuus
330 2223 370 2270 est
386 2231 437 2286 pro
452 2214 547 2277 uobis,
567 2214 607 2270 sic
622 2222 647 2268 et
670 2229 720 2269 nos
736 2214 763 2267 in
778 2214 921 2270 dilectione
936 2216 995 2283 ejus
1043 2213 1130 2269 bravii
1145 2214 1202 2269 suis
1217 2215 1409 2272 certatoribus.
1432 2216 1461 2271 ln
1486 2216 1528 2271 lris
1543 2216 1634 2273 verbis
1649 2225 1676 2273 ει
1699 2217 1844 2273 certitudi-

197 2304 267 2360 mori
284 2303 463 2376 gaudeamus.
477 2303 506 2356 ld
522 2302 594 2373 quod
610 2301 728 2356 diximus
742 2300 896 2375 significant
911 2303 995 2359 rerba
1043 2318 1108 2357 nem
1122 2310 1148 2357 ει
1162 2304 1428 2360 commendationem
1449 2305 1490 2360 rei
1505 2321 1586 2376 quam
1602 2313 1752 2377 exspectat,
1766 2306 1843 2361 inse-

197 2394 267 2462 ejus,
285 2408 346 2464 qnae
357 2400 447 2447 tamen
466 2390 505 2446 sic
521 2398 714 2456 construuntur
730 2408 736 2444 :
752 2390 885 2446 invenior
900 2392 993 2447 initio
1043 2390 1088 2445 rit.
1105 2391 1156 2446 Per
1168 2392 1345 2448 destinatam
1367 2400 1394 2448 ει
1408 2393 1563 2449 vocationis
1579 2392 1780 2461 certitudinem,
1795 2409 1845 2466 per

193 2497 256 2553 ogo,
267 2480 337 2547 dico,
349 2480 543 2552 configuratos
558 2479 644 2534 morti
663 2479 733 2549 ejas.
744 2478 854 2534 Diceret
871 2478 967 2550 aliquis
984 2497 991 2534 z
1042 2487 1206 2552 supermeat
1220 2481 1280 2546 liei,
1297 2488 1324 2535 et
1337 2482 1368 2536 in
1379 2480 1488 2538 Christo
1502 2482 1577 2546 lectt,
1601 2481 1762 2553 dignitatem
1783 2483 1844 2552 ejus

193 2569 284 2639 Quare
299 2569 389 2624 itatis
403 2567 567 2639 configurari
582 2566 663 2622 morti
679 2567 747 2636 ejus,
757 2582 819 2622 cum
831 2567 935 2637 justitia
949 2575 994 2622 tus
1043 2567 1083 2622 rei
1098 2565 1242 2638 significat.
1260 2568 1328 2637 Quia
1342 2584 1395 2642 ego
1419 2569 1518 2624 Paulus
1532 2568 1652 2625 nondum
1678 2569 1775 2641 accepi
1790 2570 1843 2625 ali·

194 2657 253 2711 sine
267 2664 356 2711 morte
373 2656 406 2710 ad
423 2655 575 2711 habendam
591 2653 707 2727 gloriam
722 2652 862 2710 sufficiat?
875 2655 917 2709 Ad
935 2655 993 2711 baec
1043 2654 1117 2726 quid,
1135 2671 1186 2711 nec
1196 2656 1285 2712 adhuc
1299 2655 1438 2727 perlectus
1452 2673 1512 2712 sum
1525 2675 1532 2712 :
1545 2657 1594 2712 sed
1609 2672 1710 2730 sequor
1723 2662 1851 2732 utcontq

108 2732 113 2739 ’
194 2744 294 2799 Ρεειεε
311 2763 320 2799 ε
336 2744 400 2798 Ideo
412 2742 577 2814 configurari
587 2742 734 2797 volomorti
744 2743 992 2814 ejus,siquomodo
1041 2744 1229 2816 prehendam,
1254 2746 1405 2800 extendens
1419 2761 1463 2801 me
1478 2745 1512 2801 ad
1527 2745 1689 2801 destinatum
1718 2745 1842 2802 bravium

192 2848 246 2905 ego
260 2848 314 2887 uon
329 2847 455 2887 curarem
485 2846 647 2902 quocunque
670 2845 772 2901 genere
792 2830 926 2900 passionis
949 2830 992 2886 rel
1043 2847 1170 2902 supernae
1197 2833 1356 2898 vocationis,
1383 2849 1450 2906 ergo
1479 2848 1529 2889 ros
1548 2833 1702 2906 quicunque
1729 2832 1842 2904 perfecti

192 2919 287 2975 mortis
302 2920 359 2975 baec
370 2919 510 2974 haberem.
526 2918 557 2973 Si
574 2933 626 2990 quo
641 2917 731 2982 modo,
748 2917 870 2988 inquam,
891 2934 992 2976 occor-
1043 2920 1108 2975 estis
1123 2920 1176 2976 hoc
1190 2919 1262 2975 idem
1279 2921 1385 2989 sentite,
1395 2922 1508 2989 scilicet,
1524 2937 1573 2978 ros
1596 2922 1719 2977 noudum
1744 2921 1840 2978 Chris·

191 3025 264 3064 rom.
277 3009 379 3063 Servus
390 3014 417 3062 et
432 3006 558 3061 dominus
567 3004 619 3059 sibi
635 3004 750 3060 invicem
761 3013 907 3060 occurrunt
923 3025 930 3073 ;
947 2984 1026 3062 hicO
1042 3015 1098 3062 turn
1112 3023 1145 3063 eo
1160 3008 1242 3063 modo
1256 3009 1407 3080 accepisse,
1422 3009 1507 3064 autin
1517 3009 1673 3082 cognitione
1682 3009 1741 3079 ejus
1750 3009 1840 3065 adhuc

192 3096 262 3151 bene
277 3095 432 3163 serviendo,
449 3093 495 3148 ille
509 3093 578 3148 bene
599 3093 807 3148 remunerando.
832 3093 876 3149 Sic
892 3094 992 3149 Paulus
1042 3095 1177 3167 perfectos
1192 3112 1266 3152 esse.
1286 3097 1343 3152 Nec
1353 3098 1406 3153 boc
1420 3113 1470 3168 per
1484 3098 1632 3153 secundam
1642 3112 1790 3169 personam
1800 3097 1841 3152 di·

191 3183 310 3240 occurrit
325 3182 444 3248 Christo,
466 3181 531 3236 dum
559 3181 672 3236 moritur
685 3196 736 3252 pro
757 3197 799 3247 eo,
828 3181 897 3237 siout
912 3182 991 3237 Chri·
1041 3183 1150 3252 cit,sed
1164 3199 1240 3241 more
1254 3199 1314 3251 suo,
1331 3192 1420 3240 nteos
1436 3184 1531 3241 melius
1555 3183 1743 3242 inducotsesa
1757 3184 1840 3241 inter-

192 3279 250 3326 stus
265 3278 389 3327 mortuus
404 3276 445 3325 εει
459 3285 510 3341 pro
525 3268 617 3324 Paulo.
631 3263 784 3325 Occbrrom
798 3268 860 3325 dico
875 3271 991 3326 tendens
1041 3272 1118 3338 serit,
1128 3272 1222 3328 dicens
1244 3287 1250 3326 :

190 3359 225 3414 ad
233 3358 472 3414 resurrectionem.
493 3356 542 3412 Vel
556 3357 594 3411 ita
606 3374 612 3411 :
625 3357 653 3411 Si
669 3372 723 3428 quo
737 3357 819 3412 modo
846 3372 990 3413 occurram
1080 3362 1242 3433 Quicumque
1251 3363 1373 3434 perfecti
1388 3378 1495 3427 samus,
1508 3362 1558 3419 hoc
1569 3363 1741 3419 sentiamus.
1759 3360 1839 3430 Quod

189 3447 226 3504 od
241 3448 486 3515 resurrectionem,
498 3451 527 3500 ut
542 3445 568 3499 in
589 3459 733 3501 occurrere
747 3445 911 3501 desiderium
923 3462 990 3501 san·
1041 3464 1125 3519 supra
1139 3448 1176 3504 ait
1189 3450 1265 3506 :Non
1281 3449 1352 3522 qood
1360 3452 1420 3521 jom
1432 3453 1576 3522 perfectus
1592 3451 1657 3517 dm,
1672 3450 1839 3522 rideturop-

189 3543 294 3592 ctorum
304 3543 440 3600 notemus,
467 3550 528 3606 quos
549 3532 713 3588 resurrectio
735 3537 777 3588 est
791 3549 828 3589 eoo
855 3537 988 3590 mortuis.
1040 3537 1157 3608 positum
1170 3537 1205 3592 ad
1220 3538 1271 3593 hoc
1294 3537 1367 3609 quod
1381 3538 1425 3593 bio
1451 3538 1498 3604 ait,
1513 3540 1637 3610 perfecti
1662 3554 1776 3608 somus,
1789 3537 1839 3594 sad

188 3623 247 3680 Nos
261 3622 420 3679 enimeatra
443 3622 600 3677 societatem
618 3629 784 3675 mortuorum
805 3637 987 3692 resurgemus,
1040 3639 1093 3679 non
1108 3623 1230 3696 impedit.
1247 3625 1368 3680 lbienim
1384 3625 1421 3680 ait
1435 3625 1471 3680 de
1485 3625 1653 3696 perfectione
1671 3626 1837 3699 cognitionis

191 3712 240 3767 sed
254 3711 330 3781 impii
345 3725 399 3766 non
415 3716 605 3781 resurgentes
619 3707 744 3774 mortuis,
760 3708 824 3779 quia
844 3709 879 3763 de
905 3708 949 3764 die
961 3709 989 3764 in
1039 3711 1099 3778 Dei,
1115 3712 1143 3767 in
1158 3727 1211 3783 qua
1226 3728 1307 3768 nemo
1322 3712 1348 3767 in
1363 3714 1415 3769 boc
1438 3712 1540 3768 mundo
1557 3712 1694 3785 perfectus
1707 3721 1759 3770 εει.
1788 3713 1838 3770 Hic

105 3836 106 3839 ι
190 3799 262 3853 diem
277 3797 513 3853 morientur.ldeo
530 3795 690 3868 dicosiqoo
700 3797 779 3853 modo
796 3795 990 3867 ;quianorrin-
1038 3794 1075 3849 ait
1089 3795 1123 3851 de
1138 3794 1306 3867 perfectione
1331 3796 1468 3864 virtutum,
1493 3811 1577 3867 quarn
1603 3796 1707 3853 babere
1736 3812 1837 3869 possu-

189 3885 283 3958 telligo
296 3883 368 3958 qood
381 3885 608 3955 jomcccepert'm
622 3883 726 3954 aliquid
745 3883 779 3938 de
792 3884 878 3956 gloria
892 3884 939 3939 illa
954 3885 988 3940 ad
1039 3899 1098 3937 mus
1112 3883 1202 3940 inboc
1216 3885 1328 3950 mundo,
1343 3883 1371 3938 in
1386 3900 1438 3956 qua
1452 3883 1620 3955 perfectione
1634 3883 1712 3939 multi
1731 3884 1837 3958 gradus

188 3988 269 4046 quum
285 3971 384 4038 tendo;
395 3975 446 4027 out
456 3970 526 4043 quod
536 3973 600 4042 jam
615 3973 759 4043 perfectus
775 3972 828 4026 sim
847 3971 875 4026 in
890 3973 988 4044 cogni·
1038 3980 1110 4028 sunt.
1128 3972 1225 4027 Paulus
1240 3971 1314 4027 enim
1339 3971 1488 4043 perfectior
1515 3972 1580 4040 alio,
1596 3980 1623 4028 et
1638 3972 1751 4045 quilibet
1778 3972 1839 4030 sine

189 4062 261 4117 tione
277 4059 387 4130 Christi,
403 4060 437 4114 ad
448 4059 524 4127 cujus
538 4058 721 4130 cognitionem
736 4059 776 4116 sio
790 4060 873 4115 modo
888 4061 989 4117 utimur
1037 4059 1343 4116 naevocriminalivitam
1352 4060 1464 4129 ducens,
1472 4060 1610 4131 perfectus
1618 4060 1724 4117 dicitur.
1732 4060 1838 4134 thuis

188 4149 251 4215 fide,
268 4149 337 4205 sicut
350 4146 449 4220 aliquis
464 4148 547 4202 utitur
562 4145 675 4218 speculo
689 4148 724 4202 od
738 4148 921 4220 cognitionem
937 4165 987 4205 cu·
1037 4147 1108 4202 dixit
1122 4147 1332 4202 sentiamusnos
1347 4148 1386 4204 sic
1399 4148 1585 4220 imperfectos,
1605 4165 1641 4205 ne
1654 4147 1717 4204 idco
1733 4149 1769 4205 de
1788 4164 1837 4206 so-

186 4238 298 4309 juslibet
309 4237 358 4292 rei.
374 4235 502 4291 Nondum
522 4234 626 4305 accepi,
654 4236 704 4291 sed
721 4253 821 4310 sequor
836 4237 905 4293 sicut
928 4254 988 4293 rem
1037 4234 1130 4300 lemni,
1148 4234 1194 4304 qui
1205 4235 1306 4308 siquid
1320 4237 1416 4306 aliter,
1426 4235 1453 4291 id
1469 4244 1511 4292 est
1520 4236 1609 4292 minus
1618 4235 1749 4309 perfecte,
1760 4239 1838 4309 sopi-

189 4341 243 4381 non
259 4325 385 4392 habitam,
402 4332 518 4396 etquam
537 4323 673 4380 desidero.
691 4326 804 4398 Sequor,
824 4324 1023 4399 inquam,si1)
1040 4323 1087 4389 tis,
1104 4322 1179 4378 Deus
1194 4322 1240 4394 qui
1267 4323 1341 4395 quod
1352 4324 1408 4392 jam
1424 4324 1519 4395 sapitis
1533 4324 1608 4381 vohis
1622 4324 1767 4394 revelavit,
1784 4324 1838 4381 hoo

190 4429 242 4486 quo
257 4413 337 4469 modo
353 4413 434 4482 (sicut
448 4427 530 4484 supra
555 4412 723 4483 dictumest)
750 4412 986 4487 comprehendam
1036 4410 1118 4465 etiam
1132 4411 1206 4482 quod
1235 4411 1395 4481 sapiendum
1415 4419 1497 4467 restat
1516 4411 1594 4467 vobis
1619 4410 1762 4469 revelabit.
1786 4411 1838 4468 Vel

189 4518 261 4558 eum.
272 4503 313 4557 Ex
327 4501 493 4556 abundantia
508 4498 659 4555 allectionis
675 4500 720 4565 ait,
738 4501 982 4572 comprehendam.
1035 4497 1071 4552 ita
1086 4513 1092 4551 :
1105 4499 1134 4555 st
1148 4498 1216 4571 quid
1229 4499 1316 4555 aliter
1333 4499 1445 4571 sopitis,
1468 4499 1497 4554 id
1510 4506 1552 4554 est
1571 4499 1712 4572 quodiam
1728 4499 1763 4557 ad
1782 4498 1837 4556 ali·

188 4593 227 4646 Ac
243 4590 265 4645 si
276 4588 379 4645 diceret
396 4607 403 4644 z
420 4588 517 4644 Sieum
526 4587 657 4659 consequi
667 4602 788 4658 possem,
804 4588 830 4643 in
846 4590 986 4660 amplexus
1036 4601 1116 4656 quern
1131 4587 1250 4659 gradum
1265 4586 1432 4660 cognitionis
1455 4587 1620 4659 pertingitis,
1636 4588 1709 4644 Deus
1723 4586 1775 4646 hoc
1788 4603 1838 4645 re·

189 4694 264 4735 meos
275 4677 453 4734 includerem.
471 4674 713 4748 comprehendam
731 4675 792 4730 dico
815 4675 843 4730 in
858 4677 986 4733 eomodo
1035 4674 1142 4730 velabit
1159 4674 1244 4741 vohis,
1261 4682 1287 4729 ει
1302 4674 1432 4731 sicfaciet
1446 4675 1513 4731 illud
1523 4676 1595 4747 quod
1611 4676 1765 4732 restaurel
1777 4675 1835 4732 ita:

189 4767 219 4821 in
235 4765 617 4839 quocompreherrsussumo
634 4761 827 4831 christotoco,
837 4764 947 4834 quando
958 4772 987 4819 ut
1035 4761 1198 4818 sentiemus
1208 4777 1258 4818 nos
1279 4761 1463 4833 imperfectos,
1480 4767 1509 4820 et
1523 4765 1549 4820 si
1562 4778 1613 4820 vos
1621 4764 1731 4837 aliquid
1746 4763 1836 4822 aliter·

189 4854 259 4909 sicut
274 4853 396 4908 Christus
411 4867 454 4906 me
468 4849 589 4921 perfecte
605 4849 746 4922 cognoscit
761 4849 831 4906 sicut
854 4868 923 4918 sum,
950 4853 986 4908 ita
1035 4851 1144 4923 sopitis,
1161 4866 1240 4921 quam
1265 4848 1424 4920 sapiendum
1445 4850 1489 4919 sit,
1506 4866 1523 4907 ε
1542 4850 1697 4907 carnalibus
1715 4851 1833 4923 decepti,

189 4942 415 5014 egooognoscbm
431 4953 494 4994 eum
509 4939 579 4993 sicut
593 4944 643 4993 est.
661 4937 709 4993 Vel
724 4937 780 4993 ita:
798 4939 986 5013 Comprehen·
1035 4938 1108 4992 Deos
1123 4938 1258 4994 revelabit
1269 4940 1343 4994 vohis
1357 4937 1407 4994 hoc
1426 4929 1563 5010 quomodo
1586 4939 1688 4995 sentire
1697 4939 1831 5010 debeatis,

105 5079 108 5083 Α
190 5029 256 5083 dum
273 5028 410 5082 Christum
424 5026 451 5081 in
472 5041 506 5081 eo
528 5026 611 5081 modo
638 5025 781 5082 claritatis.
805 5029 837 5083 in
860 5045 913 5100 quo
932 5044 985 5102 ego
1035 5025 1082 5096 qui
1092 5025 1148 5093 jam
1162 5025 1266 5098 aliquid
1281 5025 1381 5081 fecitin
1394 5026 1621 5083 robisbicerent
1635 5026 1676 5082 illi
1693 5042 1699 5081 :
1715 5027 1831 5101 thuis,

190 5117 477 5186 comprehensussum
492 5113 628 5169 othristo
639 5114 713 5178 lesu,
728 5116 835 5185 quando
849 5132 893 5171 me
908 5132 986 5173 roca-
1035 5113 1103 5169 sicut
1116 5113 1194 5182 dicis,
1211 5130 1304 5168 sumus
1318 5113 1480 5185 imperfecti,
1495 5115 1558 5172 ideo
1573 5123 1646 5171 stare
1661 5131 1719 5171 non
1739 5131 1835 5189 possu-

190 5204 228 5260 rit
238 5204 265 5258 in
279 5203 331 5271 ria,
348 5203 414 5257 utin
439 5209 541 5274 quanta
555 5200 674 5257 claritate
703 5209 766 5258 tunc
790 5211 859 5270 erat,
874 5220 984 5276 possem
1033 5217 1105 5266 mus,
1121 5217 1171 5257 nec
1185 5201 1338 5257 mirandum
1353 5202 1376 5257 si
1390 5202 1521 5258 labimur.
1540 5203 1582 5259 hd
1594 5204 1647 5259 hoc
1661 5203 1779 5261 Paulus:
1791 5204 1833 5261 bi-

190 5309 251 5350 eum
266 5290 424 5363 amplexari.
440 5290 505 5345 Ideo
519 5289 580 5345 dico
594 5291 839 5362 comprehendam,
849 5293 911 5364 quia
921 5310 984 5365 ego,
1034 5296 1078 5344 cet
1091 5288 1212 5345 nondum
1226 5289 1340 5360 perlecti
1357 5289 1452 5358 simus,
1463 5295 1661 5349 verumtamen
1678 5300 1788 5364 oportet
1800 5295 1834 5348 ut

189 5385 305 5453 scotres,
315 5389 342 5438 et
356 5379 379 5436 si
393 5386 485 5451 raptus
495 5393 555 5434 sum
570 5377 605 5433 ad
631 5377 738 5434 tertium
756 5379 865 5452 coelurn,
894 5389 986 5441 tamen
1034 5379 1188 5451 sopiamus,
1204 5377 1289 5435 idest
1307 5377 1492 5450 intelligamus
1513 5380 1590 5438 idem
1608 5396 1716 5439 omnes.
1732 5383 1790 5440 Nec
1804 5381 1831 5437 in
