3742 5986
167 182 221 238 219
285 240 291 246 ,
448 183 477 241 S.
497 180 675 241 DRUNONIS
694 181 1017 241 CARTHUSIANORUM
1033 180 1275 241 INSTITUTORIS
1294 182 1370 242 OPP.
1391 184 1480 242 PARS
1498 185 1532 240 ll.
1761 189 1817 245 220

171 323 184 356 a
200 304 276 360 Deus
289 304 370 361 totius
395 306 597 375 consolationis,
622 308 668 380 qui
689 308 846 364 consolatur
867 323 918 363 nos
941 306 1007 367 inA
1020 308 1072 378 est)
1083 307 1181 362 Paulus
1196 307 1304 381 inquam
1319 310 1473 382 apostolas,
1487 309 1516 365 id
1530 316 1571 365 est
1589 309 1696 382 legatus
1712 309 1819 366 Christi

173 414 184 440 α
202 393 277 448 omni
292 393 464 450 tribulatione
478 402 579 462 nostra,
596 403 625 449 ut
638 396 774 466 possimus
789 404 817 453 et
830 395 882 467 ipsi
896 410 966 451 con·
1019 397 1084 452 tesn
1098 416 1107 451 :
1121 396 1235 468 gloriam
1258 398 1330 452 euim
1353 397 1454 453 Christi
1478 399 1628 453 annuntiat.
1654 399 1815 469 Apostolos,

173 501 184 533 x
202 481 284 537 solari
300 497 348 538 eos
363 483 408 555 qui
423 482 451 537 in
465 483 539 539 omni
549 500 679 554 pressura
694 492 765 548 sunt,
780 500 831 554 per
841 485 969 539 exhorta·
1019 484 1089 551 dico,
1108 501 1161 539 non
1176 501 1226 555 per
1240 487 1412 541 temerariam
1436 486 1673 558 praesumptionem
1688 494 1717 541 ut
1730 503 1816 558 pseu-

173 591 184 616 ι
202 569 313 634 tionem,
331 586 384 642 qua
408 571 582 627 exhortamur
604 580 631 626 ει
645 572 696 643 ipsi
712 587 730 627 a
750 572 817 628 Deo.
835 570 968 639 Quoniam
1019 572 1071 640 do,
1090 573 1139 627 sod
1153 590 1205 645 per
1219 575 1403 640 volantatem,
1426 575 1455 629 id
1477 583 1519 631 est
1541 591 1592 646 per
1616 575 1818 647 beneplacitum

173 679 185 705 ι
203 656 273 712 εἰεει
287 657 424 713 abundant
447 659 589 730 passiones
612 659 711 716 Christi
734 660 762 714 in
785 660 874 729 nobis,
892 659 968 713 itaet
1018 661 1078 725 Dei,
1095 665 1197 717 etcum
1214 677 1246 717 eo
1263 663 1420 718 Timotheus
1439 668 1540 735 trater,
1557 662 1584 717 id
1599 671 1640 719 est
1655 670 1819 734 cooperator

173 761 251 815 «per
284 745 422 801 Christum
455 747 571 802 abundat
604 747 754 803 consolatio
778 756 879 803 nostra.
905 747 968 803 Sive
1017 748 1045 802 in
1060 764 1143 819 opere
1154 748 1263 804 Christi.
1276 750 1340 806 ldeo
1352 751 1520 806 Timotheum
1537 752 1654 820 reponit,
1670 767 1721 822 per
1735 767 1817 823 quem

172 842 291 890 «autem
314 835 476 890 tribulamur
499 852 549 906 pro
573 844 663 892 vestra
677 836 865 892 exhortatione
880 843 905 891 ει
920 850 967 890 εε-
1017 836 1134 907 primam
1150 837 1297 907 Epistolam
1321 838 1450 904 miserat,
1466 846 1495 893 ut
1518 839 1604 895 sciant
1628 839 1679 894 sibi
1704 839 1817 912 cognita

173 921 266 990 slute,
302 923 360 978 sive
382 924 554 980 consolamur
581 940 632 995 pro
655 932 747 981 vestra
770 923 965 989 consolatione,
1018 940 1079 980 esse
1103 924 1193 979 omnia
1226 941 1286 996 quae
1308 927 1378 996 apud
1407 942 1454 980 eos
1477 934 1616 998 geruntur.
1646 926 1755 996 Paulus,
1772 926 1816 981 in-

172 1029 184 1059 «
202 1010 259 1067 sive
274 1012 448 1067 exhortamur
461 1027 512 1084 pro
527 1020 619 1068 vestra
633 1012 819 1069 exhortatione
834 1019 861 1067 et
870 1012 965 1078 salute,
1017 1027 1108 1083 quam,
1126 1020 1152 1067 ει
1169 1013 1325 1068 Timotheus
1343 1013 1465 1069 scribunt
1474 1016 1614 1081 Ecclesiae,
1624 1014 1651 1069 id
1662 1023 1703 1070 εει
1714 1030 1816 1071 convo-

172 1118 183 1146 «
201 1115 261 1169 quas
285 1108 412 1171 operatur
434 1101 606 1156 tolerantiam
625 1101 782 1157 earumdem
796 1101 965 1172 passionum,
1017 1099 1256 1156 cationihdeliam.
1267 1101 1398 1158 Ecclesia
1416 1102 1477 1158 dico
1488 1103 1547 1168 Dei,
1559 1102 1586 1156 id
1595 1110 1639 1158 est
1648 1103 1676 1157 in
1690 1117 1744 1175 qua
1760 1119 1820 1174 gra-

172 1208 183 1238 ι
202 1204 269 1260 quas
291 1195 318 1243 ει
340 1203 390 1244 nos
412 1189 529 1260 patimur
546 1206 552 1243 :
570 1196 598 1244 ut
621 1205 685 1260 spes
707 1197 801 1244 nostre
824 1187 902 1243 firma
933 1188 968 1243 sit
1016 1188 1054 1243 tia
1068 1188 1119 1243 Dei
1133 1197 1236 1243 tantum
1250 1197 1387 1260 operatur,
1407 1197 1434 1244 et
1448 1205 1502 1245 non
1518 1190 1615 1245 merita
1629 1190 1774 1247 doctorum
1787 1198 1817 1246 ut

172 1290 250 1346 upro
269 1276 357 1343 vobis,
384 1277 501 1334 scientes
525 1277 654 1349 quoniam
677 1277 746 1333 sicat
769 1276 835 1333 socii
859 1276 966 1348 passio·
1016 1276 1819 1350 pseudogloriantur.TectesioedicoquoeestCorinthi.Co·

171 1383 183 1414 ι
200 1380 266 1419 num
281 1364 358 1432 estis,
385 1365 425 1421 sic
449 1365 526 1421 eritis
549 1373 576 1421 et
590 1365 793 1422 consolationis.
817 1366 878 1421 Nou
894 1364 966 1420 enim
1016 1364 1175 1419 riothiorum
1194 1365 1288 1436 utique
1303 1366 1433 1421 Ecclesia
1444 1366 1538 1422 scribit
1553 1383 1618 1424 cnm
1632 1367 1772 1434 omnibns,
1789 1367 1818 1422 id

170 1451 324 1507 «volumus
352 1453 481 1523 ignorare
517 1469 567 1508 vos
599 1452 708 1517 fratres,
735 1454 769 1508 de
793 1452 966 1508 tribulatione
1016 1459 1057 1508 est
1072 1461 1098 1507 et
1112 1453 1237 1508 omnibus
1251 1455 1369 1521 sanctis,
1385 1454 1412 1508 id
1427 1463 1468 1510 est
1483 1454 1510 1508 in
1525 1455 1659 1525 baptismo
1673 1471 1722 1526 per
1738 1455 1818 1511 Chri·

171 1559 183 1589 «
204 1548 299 1595 nostra
315 1557 376 1612 quae
390 1540 459 1597 iacta
473 1549 514 1597 est
528 1542 556 1596 in
570 1541 645 1611 Asia,
661 1542 790 1613 quoniam
806 1556 889 1612 supra
904 1557 966 1596 mo·
1016 1549 1087 1595 stum
1103 1540 1276 1598 sanctificatis
1292 1557 1298 1596 τ
1315 1558 1380 1598 eam
1400 1543 1528 1600 ornnibas
1543 1543 1604 1598 dico
1619 1545 1667 1616 qni
1691 1548 1760 1600 sant
1785 1546 1817 1600 in

172 1649 183 1674 u
199 1627 263 1682 dum
278 1628 384 1700 gravati
400 1645 501 1696 sumus,
526 1637 553 1684 et
578 1645 660 1700 supra
673 1630 810 1695 virtutem,
826 1629 905 1684 itaut
919 1637 1001 1718 tae-B
1017 1629 1126 1685 15⁷
1147 1631 1280 1685 aniverso
1300 1629 1415 1685 Achaia.
1442 1629 1527 1698 Quasi
1543 1631 1646 1687 diceret
1662 1646 1668 1684 :
1686 1631 1818 1688 Ecclesia

171 1736 183 1766 ι
202 1716 280 1772 deret
294 1731 344 1772 uos
368 1717 449 1773 etiam
465 1717 569 1794 vivere.
588 1717 642 1773 Sed
657 1717 709 1788 ipsi
721 1717 748 1772 ia
763 1716 910 1788 nobisipsis
926 1734 967 1773 τε-
1016 1717 1137 1773 Corintbi
1159 1717 1337 1790 omnibusque
1357 1717 1488 1775 Ecclesiis
1500 1719 1538 1773 illi
1554 1719 1692 1788 subjectis.
1713 1720 1816 1775 Achaia

172 1824 183 1855 x
200 1819 330 1874 sponsam
351 1805 448 1860 mortis
464 1805 621 1873 babuimus,
641 1813 738 1861 utnon
754 1805 839 1861 simus
853 1804 967 1861 fidentes
1017 1805 1088 1861 enim
1103 1805 1200 1861 dicitur
1213 1805 1362 1877 provincia,
1379 1806 1407 1861 in
1422 1822 1475 1879 qua
1497 1807 1654 1878 metropolis
1669 1806 1816 1863 Corinthos

171 1911 182 1944 ι
199 1891 226 1947 in
241 1893 331 1960 nobis,
348 1893 397 1948 sed
412 1893 440 1947 in
454 1893 513 1949 Deo
530 1893 575 1966 qui
588 1880 699 1950 suscitat
708 1902 832 1950 mortuos
848 1912 855 1948 :
873 1893 918 1966 qui
933 1891 968 1949 de
1017 1893 1068 1948 sita
1082 1900 1150 1948 erat.
1169 1895 1244 1950 l'otis
1268 1894 1414 1949 Corinthiis
1430 1895 1464 1949 sit
1478 1896 1580 1967 qratia,
1596 1894 1640 1949 his
1659 1894 1704 1967 qui
1718 1911 1816 1966 pecca·

169 2000 180 2030 ι
198 1981 279 2036 tantis
294 1981 422 2053 periculis
437 1997 488 2036 nos
505 1981 601 2052 eripuit
611 1990 639 2038 et
654 1983 723 2037 eruit
741 1998 747 2037 :
766 1983 794 2036 in
810 1998 892 2053 quem
909 1997 969 2053 spe·
1016 1988 1115 2036 verant
1138 1981 1259 2037 secanda
1285 1982 1412 2038 remissio
1430 2000 1436 2036 :
1472 1983 1514 2037 his
1536 1982 1582 2055 qui
1603 1983 1674 2038 bene
1698 1983 1816 2040 correcti

170 2084 301 2136 «ramus,
337 2069 465 2141 quoniam
492 2077 518 2125 ει
542 2069 631 2125 adhuc
655 2069 751 2140 eripiet
774 2068 967 2140 adjuvantibus
1017 2076 1088 2132 suut,
1105 2069 1431 2141 velqaipostacceptam
1454 2069 1535 2125 fidem
1550 2086 1605 2125 non
1620 2079 1813 2141 peccaverunt,

169 2178 180 2203 ·
199 2163 226 2211 et
240 2155 318 2212 vobis
333 2156 359 2210 in
383 2156 506 2212 oratioue
528 2173 578 2228 pro
603 2157 683 2212 nobis
700 2175 707 2211 :
723 2164 752 2211 ut
777 2173 809 2212 ex
823 2157 968 2211 multarum
1017 2157 1050 2211 sit
1065 2158 1269 2229 perseverantia
1286 2157 1382 2231 gratia
1399 2159 1469 2214 bene
1485 2158 1635 2214 custoditae.
1655 2159 1690 2213 Et
1705 2159 1729 2214 ei
1744 2158 1816 2215 scili-

170 2264 182 2295 «
199 2243 325 2314 personis
344 2243 474 2299 facierum
497 2245 555 2314 ejus
576 2261 637 2317 quae
651 2245 679 2299 in
693 2244 773 2300 nobis
788 2252 830 2301 est
844 2245 968 2300 donatio·
1017 2253 1060 2301 cet
1075 2244 1110 2299 sit
1122 2263 1192 2318 poa,
1208 2245 1236 2300 id
1250 2254 1291 2302 est
1302 2245 1374 2301 bona
1384 2246 1567 2318 tranquillitas
1580 2245 1664 2301 animi
1676 2263 1694 2301 a
1704 2248 1759 2304 Deo
1770 2247 1814 2319 qui

169 2353 181 2381 ι
199 2330 241 2386 nis
263 2347 314 2402 per
336 2331 436 2387 multos
460 2333 554 2405 gratiae
577 2340 692 2405 agantur
714 2348 764 2403 pro
786 2333 878 2389 nobis.
897 2333 968 2388 Nam
1016 2339 1106 2404 potest
1121 2350 1128 2387 ε
1143 2335 1230 2389 Patre
1244 2338 1351 2402 nostro,
1367 2333 1497 2405 quipiam
1511 2334 1545 2388 ad
1560 2349 1609 2390 nos
1624 2333 1753 2390 affectum
1768 2336 1815 2389 ha·

170 2442 181 2468 u
199 2419 287 2494 gloria
308 2428 403 2476 nostra
426 2421 484 2476 haec
510 2429 561 2485 est,
588 2421 772 2476 testimoniam
796 2421 968 2477 conscientia
1018 2421 1072 2489 bet,
1090 2424 1117 2476 et
1131 2438 1149 2476 a
1162 2423 1215 2477 Deo
1231 2422 1278 2493 qui
1293 2421 1417 2478 similiter
1430 2429 1538 2492 potest,
1568 2424 1634 2479 teau
1649 2421 1771 2488 Christo,
1787 2430 1813 2479 ει

170 2530 182 2556 α
198 2515 308 2577 nostrae,
333 2508 406 2580 qaod
420 2508 448 2562 in
473 2508 643 2580 simplicitate
658 2509 749 2566 cordis
765 2517 791 2565 ει
812 2509 968 2566 sinceritate
1017 2509 1074 2564 vult
1091 2525 1097 2562 ε
1113 2508 1176 2581 quia
1191 2509 1295 2565 salvare
1319 2525 1371 2565 nos
1396 2509 1513 2566 officium
1527 2510 1585 2579 ejus
1600 2518 1650 2565 est.
1667 2510 1747 2566 Nunc
1761 2510 1813 2566 im-

170 2596 260 2663 «Dei,
285 2603 312 2652 et
332 2612 387 2652 non
410 2597 438 2652 in
462 2597 597 2668 sapientia
619 2597 732 2667 carnali,
756 2599 805 2653 sed
828 2597 857 2653 in
880 2598 968 2671 gratia
1016 2596 1112 2667 primis
1127 2597 1230 2668 gratias
1245 2597 1302 2671 agit
1316 2599 1373 2653 Deo
1386 2598 1753 2670 properseverantiaeorum
1768 2599 1813 2671 qui

170 2703 182 2736 ι
198 2683 249 2739 Dei
264 2685 417 2740 conversati
432 2702 525 2740 samus
539 2685 568 2741 in
582 2687 634 2743 hoc
656 2686 768 2751 mundo,
785 2686 967 2741 abundantias
1017 2684 1085 2756 lapsi
1100 2701 1155 2741 aon
1167 2685 1283 2752 lucrant,
1300 2694 1327 2741 et
1341 2702 1391 2757 pro
1405 2687 1576 2743 correctione
1592 2702 1699 2754 eorum,
1714 2687 1762 2759 qui
1775 2703 1813 2742 er·

170 2795 181 2820 ι
200 2780 290 2828 autem
307 2773 341 2829 ad
364 2789 425 2829 vos.
451 2774 515 2829 Non
537 2773 610 2829 enim
633 2774 687 2830 alia
711 2775 853 2829 scribimus
877 2774 965 2842 vobis,
1017 2788 1081 2829 rore
1095 2782 1250 2845 contempto
1266 2775 1335 2830 bene
1351 2791 1380 2829 se
1394 2775 1625 2830 emendaverant:
1641 2775 1808 2832 consolatur·

171 2883 182 2908 ιι
200 2877 282 2933 quam
305 2878 366 2933 quae
397 2861 504 2935 legistis
529 2869 554 2918 ει
578 2861 746 2936 cognovistis
770 2861 965 2935 [cognoscitisl.
1018 2878 1070 2932 que
1086 2862 1197 2917 eosdem
1211 2862 1336 2933 exemplo
1350 2878 1409 2930 suo,
1426 2871 1455 2918 ut
1470 2862 1554 2918 fortes
1568 2863 1622 2918 sint
1636 2863 1665 2918 in
1678 2863 1811 2930 adversis,

170 2949 286 3021 «Spero
308 2957 397 3005 autern
420 2950 493 3021 qaod
516 2967 603 3022 usqae
626 2952 654 3005 in
678 2948 758 3006 finem
783 2951 965 3024 cognoscetis,
1017 2965 1187 3022 qaaecanque
1201 2959 1326 3022 oporteat
1340 2966 1388 3006 eos
1412 2952 1478 3022 pati,
1494 2952 1612 3008 diceas:
1638 2951 1708 3021 Quia
1723 2968 1773 3008 vos
1787 2952 1813 3007 in

169 3057 181 3088 ι
199 3038 268 3094 sieut
291 3045 319 3094 et
341 3039 508 3111 cognovistis
538 3055 588 3093 nos
612 3055 644 3095 ex
668 3047 766 3110 parte;
792 3039 855 3111 qaia
878 3010 1000 3113 gloria⁰
1015 3036 1069 3093 lide
1084 3038 1183 3093 Christi
1198 3038 1325 3094 laborare
1334 3039 1423 3106 video,
1435 3039 1499 3095 inde
1510 3040 1609 3112 gratias
1626 3055 1712 3111 ageas
1726 3040 1811 3096 dico:

168 3146 180 3177 a
197 3134 287 3182 vestra
311 3142 414 3193 sumas,
441 3126 510 3183 siout
524 3134 551 3182 et
574 3141 624 3183 vos
637 3134 739 3192 nostra,
756 3127 784 3181 in
798 3127 843 3183 die
857 3127 966 3183 Domini
1014 3126 1181 3182 Benedictus
1196 3126 1231 3180 sit
1244 3128 1317 3183 Deae
1332 3127 1440 3183 Domini
1465 3129 1550 3184 nostri
1564 3128 1628 3184 lesu
1644 3128 1745 3184 Christi
1761 3146 1768 3182 ε
1784 3133 1812 3184 ει

168 3237 179 3262 ι
198 3214 284 3270 nostri
300 3215 364 3269 lesu
379 3214 491 3270 Christi.
509 3215 543 3269 Et
558 3216 608 3270 hac
629 3214 790 3271 confidentia
804 3215 877 3271 volui
891 3216 965 3286 prius
1015 3214 1102 3267 Pater
1115 3212 1228 3266 Domini
1250 3213 1343 3268 nostri
1365 3213 1431 3268 lesa
1454 3213 1567 3268 Christi.
1588 3214 1662 3268 Deus
1685 3212 1745 3282 ejus
1760 3219 1810 3282 est,

168 3325 180 3352 a
204 3300 295 3357 venire
309 3302 344 3357 ad
359 3317 418 3370 vos,
435 3310 463 3356 ut
478 3303 624 3359 secundam
648 3303 762 3375 gratiam
777 3304 923 3373 haberetis,
939 3313 965 3360 et
1013 3299 1162 3355 secundam
1178 3299 1251 3371 quod
1264 3299 1388 3354 Christus
1411 3301 1493 3355 bomo
1516 3299 1565 3355 luit
1582 3315 1589 3354 :
1607 3301 1686 3356 Pater
1709 3300 1810 3356 Christi

169 3406 248 3461 «per
271 3405 320 3445 vos
345 3391 486 3446 transirem
511 3393 538 3446 in
563 3392 760 3460 Macedoniam,
785 3401 811 3448 et
834 3393 965 3449 iterumn
1014 3396 1065 3454 est,
1081 3387 1230 3443 secundum
1258 3387 1383 3443 deitatem
1399 3388 1427 3442 in
1455 3404 1508 3459 qua
1535 3388 1619 3443 Filius
1642 3388 1756 3460 aequalis
1771 3396 1812 3444 est

169 3499 181 3530 ι
199 3478 356 3535 Macedonia
382 3479 505 3536 venirem
520 3481 553 3536 ad
569 3497 627 3546 vos,
644 3489 701 3537 eta
725 3482 802 3538 vobis
823 3482 923 3538 deduci
936 3483 965 3536 in
1014 3476 1108 3531 Patri:
1128 3476 1186 3547 ipse
1201 3485 1289 3532 tamea
1303 3476 1465 3547 principium
1488 3477 1621 3532 habensa
1644 3477 1733 3543 Patre,
1757 3492 1812 3533 uon

169 3588 181 3621 ι
197 3568 329 3624 Judaeam.
346 3567 413 3623 Cum
427 3584 496 3642 ergo
511 3570 562 3625 hoc
586 3569 742 3636 voluissem,
759 3570 881 3642 nunquid
893 3570 964 3625 levi·
1014 3565 1093 3619 Pater
1106 3564 1141 3618 ab
1157 3579 1199 3621 eo.
1217 3563 1269 3633 Qui
1283 3564 1306 3618 si
1320 3565 1384 3619 lesu
1399 3564 1498 3620 Christi
1519 3565 1598 3619 Pater
1615 3570 1667 3629 est,
1682 3580 1746 3619 cum
1760 3579 1811 3621 nos

170 3664 252 3712 atate
265 3673 333 3713 usus
347 3657 492 3713 sumiAut
507 3675 568 3730 qaae
578 3658 679 3731 cogito,
690 3658 839 3713 secuudum
854 3674 964 3714 minam
1014 3652 1113 3707 Christi
1126 3651 1173 3706 filii
1188 3652 1273 3707 sunus
1290 3653 1349 3708 :sic
1370 3669 1420 3723 per
1443 3652 1577 3709 Christum
1601 3653 1689 3708 Deum
1704 3655 1812 3709 Patrem

167 3764 179 3795 s
197 3745 298 3816 cogito,
314 3752 343 3800 at
357 3745 471 3815 sitapad
482 3762 526 3801 me
541 3760 601 3812 asr,
619 3754 645 3801 ει
660 3746 743 3800 noni
758 3746 858 3801 Fidelis
873 3755 963 3802 autem
1013 3741 1153 3796 habemus.
1169 3742 1229 3796 Duo
1244 3740 1383 3812 praedicta,
1399 3742 1472 3796 Deus
1487 3749 1513 3797 ει
1528 3742 1617 3807 Ρειετ,
1634 3749 1759 3812 spectant
1773 3741 1810 3797 ad

168 3834 280 3901 «Deus,
297 3832 361 3904 quia
375 3848 467 3889 sermo
494 3840 586 3888 noster
600 3833 646 3905 qui
668 3832 718 3888 luit
740 3834 811 3904 apud
833 3850 891 3902 vos,
909 3852 963 3891 non
1014 3829 1172 3884 Christum:
1204 3829 1301 3885 eadem
1327 3830 1381 3884 duo
1409 3845 1470 3900 quae
1502 3837 1658 3902 sequuntur,
1687 3837 1812 3901 speciant

168 3940 180 3971 ι
198 3928 240 3976 εει
253 3919 338 3976 inillo
361 3936 412 3976 τετ
426 3929 453 3976 ει
475 3936 535 3975 aare
552 3939 558 3976 :
578 3921 627 3977 sed
652 3929 694 3977 est
708 3921 736 3976 in
761 3921 806 3976 illo
830 3931 871 3977 est
895 3922 964 3995 [ooo
1012 3917 1046 3972 ad
1059 3917 1194 3972 homines.
1209 3917 1373 3974 Benedictus
1393 3917 1475 3973 etiam
1490 3918 1525 3972 sit
1544 3917 1591 3989 qai
1605 3919 1678 3974 Deus
1692 3924 1720 3973 et
1733 3918 1811 3973 Pater

168 4008 342 4065 «habetsed
358 4009 427 4065 etin
448 4009 495 4065 illo
510 4008 585 4081 estl:
610 4010 659 4065 Dei
683 4009 755 4065 enim
776 4010 861 4066 Filius
884 4011 963 4066 lesus
1013 4012 1054 4060 εει
1068 4005 1175 4060 Christi.
1193 4008 1330 4061 Paterest
1349 4005 1429 4061 etiarn
1452 4007 1725 4063 misericordiarum.
1742 4007 1811 4062 Cum

168 4117 179 4147 ι
196 4096 330 4164 Christus,
346 4097 434 4170 quiin
449 4097 590 4168 vobisper
605 4113 654 4153 nos
669 4099 833 4169 predicatus
848 4108 899 4169 est,
913 4116 964 4171 per
1012 4100 1106 4164 posset
1119 4093 1210 4149 dicere
1235 4093 1314 4149 dator
1336 4093 1596 4160 misericordiarum,
1621 4094 1688 4150 dixit
1709 4103 1786 4165 pater
1802 4110 1809 4151 :

168 4194 282 4243 «meet
308 4186 446 4243 Silvanum
474 4194 501 4241 et
524 4186 703 4252 Timotheum,
728 4204 782 4244 aon
797 4186 846 4244 iuit
868 4189 894 4244 in
918 4189 963 4245 illo
1012 4189 1042 4236 ut
1055 4182 1179 4236 ostendat
1193 4198 1255 4237 eum
1270 4190 1297 4237 et
1320 4182 1451 4249 datorem,
1467 4191 1494 4238 et
1518 4199 1551 4238 ex
1574 4189 1689 4253 patemo
1713 4181 1811 4239 affectu

169 4298 180 4322 a
197 4290 248 4330 oso
264 4283 290 4332 ot
303 4291 373 4343 ooo,
391 4275 440 4332 sod
461 4290 512 4330 oso
524 4275 551 4331 in
574 4275 621 4331 illo
644 4275 703 4330 soit,
729 4276 866 4349 Quotquot
890 4278 962 4334 onim
1012 4270 1090 4325 nobis
1104 4270 1306 4325 bouadautem.
1317 4271 1406 4336 Pater,
1418 4270 1538 4343 inquam,
1549 4269 1808 4337 misericordiarum,

166 4386 177 4412 a
195 4363 394 4434 promissiones
416 4364 466 4420 Dei
491 4372 562 4431 sont,
588 4364 616 4419 io
631 4364 678 4420 illo
701 4380 760 4420 aso,
783 4366 847 4422 ldoo
870 4374 896 4422 ot
910 4360 997 4438 popl)
1011 4363 1040 4414 et
1053 4361 1127 4415 Deos
1139 4359 1227 4415 totins
1241 4360 1451 4415 consolationis.
1474 4358 1667 4414 aisencordiae
1682 4358 1811 4414 dicuntur

166 4475 177 4500 a
194 4451 284 4522 ipsum
300 4468 307 4507 :
323 4455 411 4508 Amen
425 4453 483 4508 Deo
498 4452 532 4507 ad
555 4452 671 4524 gloriam
696 4462 826 4509 nostram,
842 4454 895 4523 Qoi
910 4470 960 4509 oo.
1012 4446 1104 4502 ornaia
1127 4447 1197 4501 dona
1220 4446 1281 4511 Dei,
1307 4463 1356 4501 seu
1382 4447 1479 4502 dentur
1507 4446 1533 4501 ia
1548 4446 1689 4513 adversis,
1712 4463 1762 4502 sea
1782 4447 1811 4501 iu

165 4547 250 4596 stom
274 4539 415 4597 confirmor
443 4556 494 4596 oos
521 4540 661 4597 vobiscum
689 4541 717 4594 io
741 4542 856 4608 choslo,
874 4550 901 4598 ot
915 4543 961 4615 qui
1010 4534 1149 4606 prosperis
1165 4549 1171 4588 :
1188 4534 1336 4590 consolatio
1351 4543 1440 4590 autem
1462 4534 1560 4591 dicitur
1583 4541 1688 4589 tautum
1702 4534 1749 4589 ubi
1763 4533 1813 4590 tuit

165 4649 176 4681 x
194 4628 271 4684 anxit
283 4645 334 4685 nos
348 4631 431 4696 Deus,
456 4637 483 4684 et
506 4629 553 4701 qai
575 4628 694 4701 signavit
716 4645 776 4698 nos,
793 4637 820 4685 et
834 4630 908 4685 dedit
921 4631 961 4702 pi·
1011 4624 1153 4679 desolatio.
1171 4625 1266 4679 Posset
1279 4623 1359 4678 etiam
1374 4623 1485 4689 dixisse,
1502 4623 1525 4678 si
1539 4622 1630 4687 vellet,
1646 4630 1727 4693 pater
1740 4637 1810 4679 con-

165 4737 176 4767 ι
196 4734 267 4791 gnus
283 4716 400 4787 Spiritus
414 4716 442 4770 in
464 4716 593 4773 cordibus
616 4717 726 4772 nostris.
743 4718 804 4789 Ego
817 4726 907 4773 autem
921 4727 961 4775 ιε-
1011 4711 1150 4767 solutionis
1165 4719 1192 4766 et
1206 4712 1280 4766 Deus
1302 4711 1559 4778 misericordiarum,
1582 4711 1709 4783 idemque
1725 4718 1809 4766 esset.

164 4814 263 4861 astam
278 4807 365 4861 Deam
379 4805 476 4861 invoco
490 4805 519 4858 in
539 4805 658 4860 animam
682 4821 780 4867 meam.
807 4807 879 4878 quod
893 4822 960 4879 par.
1010 4802 1083 4856 Deus
1092 4800 1152 4855 dico
1162 4798 1352 4855 consolationis
1361 4814 1415 4854 non
1424 4799 1599 4870 imperfectae.
1611 4799 1660 4854 sed
1673 4801 1771 4868 totins,
1781 4798 1809 4853 id

163 4915 174 4941 a
192 4908 258 4948 cens
273 4893 360 4960 vobis,
377 4909 432 4947 nou
455 4891 518 4949 veni
541 4892 611 4947 ultra
632 4892 789 4949 Corinthum
805 4912 812 4949 :
828 4910 883 4950 nou
897 4897 961 4968 quia
1010 4896 1052 4943 est
1066 4886 1203 4959 perlecta.
1221 4888 1250 4941 lu
1266 4887 1472 4960 quibuscunque
1493 4887 1565 4942 enim
1580 4887 1746 4952 desolamur,
1764 4901 1812 4957 ΡΟ·

164 4979 366 5034 «domiaamar
393 4979 457 5035 fidei
497 4988 606 5046 vestrae,
633 4981 681 5036 sed
703 4982 839 5052 adjutores
866 5000 960 5040 sumus
1010 4984 1069 5032 tens
1084 4983 1111 5031 et
1125 4983 1224 5047 praesto
1240 4983 1282 5030 εει
1295 4975 1429 5031 consolari
1451 4991 1502 5031 nos
1524 4977 1616 5040 Deus;
1631 4975 1693 5046 quia
1708 4989 1810 5030 conso·

165 5088 176 5119 x
194 5066 287 5140 gaudii
302 5067 394 5123 vestri.
409 5068 480 5123 Nam
495 5067 538 5124 ido
560 5067 645 5125 statis.
662 5089 673 5120 s
1009 5064 1074 5119 latio
1089 5080 1160 5119 nano
1175 5064 1215 5119 eis
1230 5063 1317 5118 luerat
1339 5064 1520 5135 opportunior
1535 5081 1542 5118 :
1566 5063 1628 5119 ideo
1642 5063 1716 5118 circa
1737 5063 1809 5118 bona

1009 5151 1203 5209 consolationis
1218 5153 1308 5224 magis
1322 5153 1499 5218 immoratur,
1526 5152 1643 5207 diceus:
1663 5151 1716 5218 Qut
1734 5152 1809 5206 Deus

1009 5243 1171 5296 consclatur
1185 5256 1246 5304 nos,
1258 5256 1301 5295 me
1311 5241 1416 5297 scilicet
1431 5248 1457 5295 ει
1465 5239 1667 5310 condiscipulos
1679 5255 1766 5308 meos,
1777 5241 1809 5294 in

198 5325 275 5379 More
304 5337 354 5377 suo
376 5323 492 5379 salutern
529 5325 675 5395 praemittit,
709 5325 827 5382 dicens:
851 5328 959 5383 Paulas
1011 5329 1193 5386 tribulatione
1208 5332 1319 5395 nostra,
1336 5345 1417 5401 qaam
1432 5329 1558 5399 patimur.
1574 5327 1633 5383 Nec
1648 5327 1676 5381 ia
1690 5326 1814 5398 quadam·

165 5412 249 5489 (qaod
276 5427 376 5468 nomen
403 5420 459 5469 tam
496 5413 654 5470 hamilitatis
681 5429 763 5490 quam
792 5414 959 5472 auctoritatis
1009 5423 1122 5486 tantum,
1138 5418 1233 5473 sedin
1247 5419 1335 5475 omni.
1359 5418 1520 5492 Ubicunque
1544 5415 1617 5472 enim
1631 5415 1805 5484 tribulamur,

487 5225 643 5265 Exeosmo.
