3742 5986
1657 193 1709 246 did

278 161 284 167 '
366 182 557 242 Expostulo
575 185 613 242 IN
631 183 822 243 EPISTOLAS
842 187 954 245 radul.
970 217 1006 232 ·-
1019 189 1058 246 IN
1074 190 1187 247 EPIST.
1210 191 1258 249 Ab
1276 143 1404 247 arnas,

491 494 713 559 PROLOGUS
734 499 774 559 B.
796 495 1006 560 BRUNONIS
1028 498 1071 559 IN
1090 498 1275 560 EAMDEM.

95 654 224 724 npnesns
234 652 331 711 civitss
345 653 429 710 estin
439 652 514 708 Asia.
524 653 586 708 Non
600 653 659 709 haec
674 653 791 710 estdsia
800 657 897 727 quaeA
911 654 1026 722 recidat,
1041 655 1080 710 ita
1094 671 1204 728 semper
1234 656 1313 713 habet
1329 673 1382 730 quo
1409 665 1523 714 crescat.
1549 657 1614 730 Agit
1630 656 1713 713 etium

61 739 162 796 dividit
177 741 284 809 orbern,
301 741 350 796 sed
365 739 556 812 estprovincia
566 741 692 812 quaedam
706 741 733 796 in
744 741 862 810 Graecia,
912 742 967 809 hic,
984 743 1120 815 quomodo
1134 751 1223 815 patres
1237 745 1356 802 debeant
1371 761 1491 817 praesse
1506 745 1584 811 filiis,
1601 744 1648 800 dlii
1658 761 1711 816 pa-

58 827 167 884 habens
181 837 286 901 septem
303 828 437 896 civitates,
454 843 568 900 quarum
585 829 710 900 Ephesus
724 838 862 900 metropo·
913 830 1036 885 rentibus
1047 831 1152 900 subjici.
1168 831 1297 888 Similiter
1318 835 1353 888 de
1377 833 1494 889 dominis
1509 839 1534 888 et
1547 832 1654 900 servis,-
1673 832 1709 888 de

59 915 94 971 lis
119 924 171 986 est,
187 917 286 990 quibus
309 919 444 982 loannes,
475 916 614 990 relegatus
635 917 662 971 in
676 918 805 973 Psthrnos
818 917 863 973 in-
911 918 1041 973 uxorihus
1064 927 1090 974 et
1106 919 1221 989 maritis,
1239 929 1340 993 quauta
1354 919 1652 977 couioederationesibi
1667 920 1711 977 vi·

59 1003 158 1071 sulam,
188 1004 296 1076 scripsit
323 1003 529 1076 Apocalypsim.
559 1004 593 1060 Hi
627 1005 740 1076 Ephesii
769 1006 862 1061 audito
912 1005 1006 1062 cissim
1024 1022 1075 1077 pro
1089 1008 1171 1063 modo
1186 1009 1350 1064 conditionis
1369 1016 1396 1064 et
1411 1025 1493 1064 sexus
1507 1009 1624 1064 debeant
1648 1008 1713 1063 sub-

58 1093 146 1148 verho
155 1090 221 1148 fidei
234 1107 252 1147 a
267 1090 360 1159 Paulo,
378 1091 562 1154 crediderunt.
579 1100 606 1148 et
620 1108 701 1163 opera
720 1093 784 1148 fidei
799 1093 859 1149 lau·
912 1093 1025 1149 servire.
1041 1096 1081 1149 lle
1091 1094 1231 1151 beneficiis
1245 1096 1296 1151 Dei
1310 1097 1338 1150 in
1351 1097 1425 1153 hunc
1439 1097 1551 1152 modum
1566 1097 1627 1152 ideo
1642 1096 1709 1169 agit,

60 1179 194 1235 debiliter
215 1178 337 1236 230
356 1180 462 1250 operati
476 1187 548 1234 sunt.
574 1178 679 1249 Quibus
703 1182 860 1251 Apostolus,
912 1197 947 1236 ne
961 1181 1072 1252 Ephesii
1088 1183 1122 1237 de
1141 1182 1213 1238 bono
1223 1184 1296 1254 quod
1307 1192 1391 1255 agunt
1402 1184 1577 1241 occasionem
1591 1183 1710 1239 habeant

60 1268 126 1326 dum
136 1268 233 1324 Romae
246 1275 320 1324 esset
327 1268 356 1322 in
370 1282 491 1334 sunere,
503 1267 613 1338 scripsit
621 1270 693 1324 hanc
701 1269 860 1339 Epistolam,
912 1269 1097 1339 superbiendi,
1114 1270 1178 1324 dum
1192 1270 1259 1324 nihil
1274 1287 1307 1326 ex
1322 1287 1366 1336 se.
1383 1271 1432 1327 sed
1447 1279 1531 1328 totum
1559 1286 1590 1327 se
1606 1272 1710 1328 habere

61 1354 181 1413 sollicite
193 1355 343 1427 providens
357 1355 398 1411 eis
413 1371 448 1410 ne
469 1354 539 1411 sorte
553 1355 588 1411 de
610 1372 643 1411 eo
672 1356 746 1428 quod
760 1356 787 1411 in
808 1356 863 1413 fide
911 1356 1024 1412 audiunt
1043 1373 1077 1413 ex
1091 1358 1277 1414 misericordia
1296 1359 1359 1415 Dei.
1392 1361 1491 1414 lterum
1519 1360 1580 1414 ideo
1603 1375 1637 1414 ne
1652 1367 1711 1415 tor-

59 1443 129 1499 bene
142 1443 325 1515 perstiterant
339 1443 527 1514 superbirent,
544 1452 571 1499 et
584 1444 638 1501 hoc
647 1444 738 1499 virtuti
752 1461 808 1500 suae
821 1461 864 1506 es·
912 1452 994 1515 peant
1006 1445 1033 1498 in
1048 1445 1119 1501 hene
1133 1447 1258 1518 agendo,
1275 1446 1341 1501 dum
1356 1447 1469 1502 audiunt
1489 1462 1519 1502 se
1535 1462 1616 1517 posse
1631 1447 1711 1502 inve-

58 1530 208 1588 criberent.
220 1529 315 1600 Quod,
332 1530 404 1599 sicut
418 1531 568 1601 incoeperat
582 1531 609 1585 in
625 1531 664 1587 eis
674 1532 864 1589 misericordia
912 1531 972 1588 nire
986 1549 1040 1604 quo
1055 1541 1178 1588 crescunt
1208 1534 1235 1588 in
1259 1534 1392 1606 obsequio
1407 1534 1467 1590 Dei.
1492 1535 1549 1589 llos
1576 1535 1712 1606 Ephesios
1764 1533 1768 1541 '

59 1618 118 1686 bei,
134 1618 184 1690 pie
199 1618 417 1675 consummabat.
435 1619 466 1673 ln
489 1619 541 1675 hac
561 1627 651 1675 autem
665 1620 788 1690 Epistola
801 1635 863 1675 ma·
913 1619 1011 1674 Paulus
1025 1620 1169 1677 discedens
1184 1621 1218 1676 ab
1234 1622 1274 1677 eis
1288 1622 1317 1676 in
1335 1638 1420 1677 unum
1434 1622 1604 1692 convocavit,
1618 1621 1712 1679 diceus

57 1707 157 1763 teriam
172 1707 258 1762 habet
272 1706 406 1763 beneficia
430 1707 491 1762 Dei.
506 1708 548 1763 De
564 1707 662 1779 quibus
676 1708 703 1762 in
720 1709 793 1765 hunc
807 1724 864 1764 mo·
913 1707 953 1762 eis
965 1725 972 1761 t
983 1709 1055 1764 Ecce
1071 1725 1165 1763 sanam
1177 1707 1258 1765 fidem
1273 1710 1371 1764 tradidi
1387 1709 1475 1776 vobis,
1492 1709 1582 1766 videte
1596 1710 1713 1767 nehanc

59 1795 123 1853 dum
137 1794 209 1868 agit,
227 1795 378 1851 ostendens
393 1811 424 1851 ea
439 1810 501 1851 esse
516 1810 571 1851 non
594 1812 627 1850 en
642 1796 740 1852 merito
772 1797 863 1851 homi·
912 1795 1017 1851 irritam
1031 1795 1146 1852 iacietis.
1161 1797 1222 1869 Ego
1243 1797 1315 1851 enim
1340 1798 1438 1853 amodo
1452 1797 1521 1853 liber
1536 1814 1606 1865 sum,
1622 1799 1672 1854 sed
1687 1797 1711 1852 si

59 1883 109 1949 nis,
127 1882 182 1938 sed
194 1898 229 1939 ex
245 1882 415 1954 beneplacito
425 1883 485 1940 Dei.
496 1883 622 1939 Ostendit
635 1884 717 1939 etiam
731 1883 865 1940 beneficia
913 1882 985 1939 male
999 1884 1122 1956 egeritis,
1144 1886 1218 1940 Deus
1240 1885 1293 1941 hoc
1316 1885 1437 1957 requiret
1451 1900 1468 1940 a
1482 1884 1559 1942 vobis
1574 1886 1648 1957 (Act.
1661 1899 1708 1952 xx,

60 1971 107 2027 Dei
122 1986 189 2027 esse
203 1971 376 2040 hujusmodi,
401 1972 475 2043 quod
501 1987 582 2028 nemo
597 1978 669 2027 tanta
696 1971 863 2043 perfectione
912 1971 968 2043 27).
985 1973 1038 2027 Pro
1052 1972 1095 2027 his
1109 1972 1200 2028 verbis
1216 1981 1243 2028 et
1257 1972 1410 2043 hujusmodi
1426 1972 1581 2030 solertiores
1602 1971 1710 2028 fuerunt

59 2057 186 2114 esoendit
200 2059 230 2113 in
244 2057 308 2126 illis,
322 2059 387 2130 quin
409 2059 498 2114 adhuc
521 2058 691 2132 relinquatur
714 2060 739 2116 ei
755 2076 808 2132 quo
823 2075 865 2114 ss·
913 2059 1057 2131 providere
1076 2060 1137 2118 sibi.

59 2145 180 2203 ceadere
195 2145 294 2217 possit.
308 2147 383 2203 Sicut
398 2146 471 2202 enim
486 2147 569 2204 horno
584 2163 693 2220 semper
714 2148 793 2205 hebet
808 2164 861 2219 quo

523 2467 797 2554 EPISTOLA
829 2468 902 2554 AD
953 2468 1245 2556 EPHESIOS.

317 2671 431 2730 CAPUT
451 2673 597 2731 Plillllllll.
913 2700 924 2725 α
942 2677 994 2733 tias
1013 2691 1099 2750 agens
1113 2693 1164 2750 pro
1178 2677 1267 2746 vobis,
1284 2680 1445 2736 memoriam
1469 2679 1552 2737 vestri
1565 2678 1668 2736 faciens
1682 2680 1711 2736 in

90 2778 226 2835 «Paulus
248 2778 387 2850 spostolus
409 2779 474 2835 lesu
489 2779 590 2835 Christi
617 2796 669 2851 per
692 2779 859 2837 voluntatem
913 2766 1110 2822 «orationihus
1135 2767 1214 2833 meis,
1242 2774 1271 2822 ut
1286 2770 1369 2835 Deus,
1400 2768 1509 2824 Domini
1537 2768 1623 2823 nostri
1644 2769 1709 2825 lesu

57 2889 69 2915 ι
88 2866 154 2933 nei,
170 2866 273 2923 unctis
288 2866 416 2922 omnibus
429 2867 475 2939 qui
502 2875 565 2923 suns
586 2868 698 2939 Ephesi,
715 2877 742 2924 er
769 2866 859 2924 fideli.
913 2874 924 2904 ι
941 2853 1042 2909 Christi
1056 2855 1136 2910 Pater
1150 2854 1252 2926 gloriae,
1269 2854 1315 2911 det
1331 2856 1410 2912 vohis
1425 2855 1556 2927 Spiritum
1571 2856 1710 2928 sapientie

57 2973 68 3006 ι
85 2955 140 3010 hue
156 2953 186 3010 in
214 2954 323 3011 christo
347 2956 427 3021 Jesu,
450 2955 540 3027 gratie
568 2956 645 3012 vohis
659 2964 685 3012 et
698 2971 783 3027 pm
800 2958 897 3038 13000
914 2964 925 2990 υ
944 2949 971 2998 ct
986 2942 1160 2998 revelationis
1176 2943 1205 2997 in
1223 2943 1361 3014 agnitione
1377 2944 1453 3014 ejns3
1469 2943 1634 2999 illuminatos
1644 2959 1710 3000 ocu·

56 3061 67 3094 s
83 3051 166 3113 parre
180 3049 286 3107 nostro,
301 3051 326 3098 ep
342 3043 459 3100 pomino
474 3044 540 3099 jesu
554 3043 670 3099 Christo·
696 3045 858 3101 Benedictus
914 3050 925 3080 ι
943 3029 988 3092 los.
1000 3030 1091 3086 cordis
1107 3031 1204 3098 vestri,
1222 3039 1251 3086 ut
1264 3032 1357 3087 sciatis
1371 3049 1432 3104 quae
1457 3033 1491 3088 sit
1514 3048 1577 3102 spes
1590 3033 1710 3088 vocatio-

56 3131 164 3187 ‹Dens
178 3138 207 3186 et
219 3130 300 3186 Peter
322 3131 430 3187 Domini
445 3131 534 3187 nostri
547 3131 612 3188 lesu
628 3132 743 3199 Christi,
756 3133 802 3205 qui
816 3133 861 3188 he
912 3141 923 3184 l
944 3118 985 3172 ¹¹5⁸
1000 3119 1069 3188 ejus,
1080 3126 1108 3175 θῑ
1122 3136 1183 3191 ‹1¹¹ae
1198 3120 1299 3176 dilffiae
1313 3121 1408 3192 &¹0¹4ae
1432 3119 1597 3177 haelediffliis
1612 3121 1671 3190 ejus
1681 3120 1709 3175 in

56 3239 69 3269 ι
84 3217 198 3274 nedixit
208 3232 260 3273 nos
273 3218 302 3273 in
316 3219 391 3274 omni
405 3218 597 3277 benedictione
612 3220 745 3291 spirituali
759 3221 786 3275 in
801 3237 860 3276 coe·
912 3228 923 3258 ¹
944 3206 1056 3273 samiis»
1073 3214 1100 3262 0²
1115 3224 1175 3279 (luae
1200 3207 1234 3262 ⁸st
1252 3208 1459 3278 superemissffl
1481 3207 1640 3280 mfldnliUdO
1653 3207 1711 3266 lii·

56 3305 204 3362 elestibns
218 3306 245 3361 in
260 3306 383 3373 Christo,
401 3306 471 3362 sicut
486 3306 568 3379 elegit
596 3322 648 3363 nos
670 3307 698 3362 in
724 3309 784 3380 ipso
799 3317 860 3365 ante
911 3316 923 3342 ⁴¹
941 3295 1007 3349 tuiis
1029 3294 1088 3363 ejus
1098 3295 1126 3349 1¹¹
1142 3310 1201 3361 ¹¹⁰⁸,
1219 3296 1264 3367 (lui
1279 3296 1418 3353 credimus
1441 3296 1592 3353 Secundum
1613 3312 1711 3368 ⁰Peffl·

56 3394 184 3450 emundi
203 3394 441 3462 constitutionem,
457 3403 486 3450 ut
505 3411 627 3451 essemus
652 3396 737 3452 sancti
750 3404 777 3452 et
806 3397 859 3452 im·
911 3381 1041 3437 ‘limem
1065 3383 1194 3453 potentiae
1218 3384 1325 3439 villulis
1342 3386 1411 3454 ejus,
1424 3401 1505 3456 quam
1520 3393 1648 3455 operatus
1670 3392 1712 3442 0⁸2

55 3501 67 3528 ·
83 3477 258 3535 maculatim
278 3487 428 3550 conspectu
440 3480 499 3548 ejus
515 3480 543 3534 in
562 3480 703 3537 charitate.
720 3480 773 3549 Qui
786 3497 859 3551 prae.
910 3492 922 3518 l
940 3470 967 3524 in
982 3470 1088 3526 Christo
1104 3471 1177 3540 lesu,
1191 3472 1326 3528 suscitans
1344 3473 1419 3528 illum
1437 3487 1453 3527 a
1467 3472 1592 3529 mortuis.
1604 3474 1638 3528 [lt
1648 3488 1711 3530 con·

55 3567 235 3623 «destinavit
258 3582 308 3623 vos
323 3566 351 3622 in
374 3567 548 3639 adoptionem
571 3567 688 3624 filiorum
701 3585 751 3640 per
765 3570 860 3624 jesum
910 3584 922 3608 ι
942 3559 1056 3615 stituens
1070 3560 1104 3614 ad
1126 3561 1265 3615 dexteram
1287 3576 1364 3615 suam
1386 3560 1413 3614 in
1442 3560 1599 3616 caelestibus
1627 3577 1711 3632 super

36 3677 68 3719 ,s
84 3655 228 3712 Chrbturu
243 3655 271 3709 in
285 3655 384 3726 ipsum,
406 3657 556 3712 secundum
572 3657 744 3727 propositum
758 3657 860 3713 volun.
910 3670 921 3695 «ι
943 3663 1050 3702 omnem
1066 3647 1256 3720 principatum,
1269 3655 1296 3704 et
1309 3656 1517 3720 potestatem,et
1530 3648 1666 3716 virtutem,
1684 3658 1711 3705 et

55 3743 151 3800 «tede
167 3758 245 3809 ense,
261 3743 289 3798 in
303 3742 412 3799 laudern
433 3743 530 3813 gloriae
557 3744 650 3817 grafiae
678 3761 749 3813 suae,
766 3745 793 3800 in
807 3761 860 3817 qua
912 3735 1161 3792 «dominationem.
1182 3737 1217 3791 Et
1238 3753 1319 3792 omne
1339 3752 1438 3793 nomen
1464 3738 1537 3809 quod
1555 3737 1711 3794 nominatur

55 3854 67 3880 ι
85 3829 256 3904 gratificavit
270 3846 321 3886 nos
335 3831 364 3886 in
376 3831 476 3887 dilecto
490 3831 558 3887 Filio
574 3847 633 3901 suo,
650 3832 746 3903 inquo
770 3834 859 3889 hehe.
911 3847 922 3871 s
943 3839 997 3880 non
1013 3825 1099 3880 solum
1115 3825 1143 3879 in
1158 3826 1211 3882 hoc
1225 3825 1342 3893 saeculo,
1358 3825 1408 3881 sed
1422 3825 1503 3881 etiarn
1518 3826 1545 3880 in
1560 3825 1667 3892 iuturo;
1683 3834 1712 3883 et

55 3919 154 3976 emus
165 3919 384 3990 redemptionem
399 3935 449 3990 per
464 3919 625 3992 sanguinem
639 3922 698 3989 ejus
717 3922 745 3976 in
762 3921 860 3977 remis.
912 3913 1033 3969 «omnia
1048 3913 1161 3982 subjecit
1182 3914 1233 3969 sub
1264 3914 1379 3985 pedibus
1395 3915 1463 3984 ejus.
1476 3914 1511 3970 Et
1533 3915 1623 3986 ipsum
1637 3915 1711 3971 dedit

55 4029 68 4059 ι
85 4008 197 4064 sionem
207 4015 391 4079 peecatorum,
401 4008 551 4063 secundum
558 4008 667 4064 divitias
678 4010 774 4082 gratiae
789 4011 857 4079 ejus,
909 4009 1020 4072 «eaput
1033 4017 1116 4072 supra
1131 4018 1242 4059 omnem
1269 4002 1440 4070 Ecclesiam,
1458 4018 1518 4075 quae
1546 4010 1587 4058 est
1611 4018 1711 4074 corpus

55 4112 150 4170 εφη
165 4095 438 4168 superabundavitin
460 4096 539 4152 nohis
553 4097 670 4152 inomni
685 4098 817 4168 sapientia
831 4105 859 4155 et
911 4089 1026 4160 ‘iPSius
1052 4089 1169 4147 231
1196 4098 1223 4146 θῑ
1246 4091 1386 4162 Plflssiffldtl
1414 4090 1539 4163 ejusqui
1569 4091 1662 4148 0ffl⁰i⁸
1681 4092 1710 4148 5¹¹
1748 4103 1755 4117 '

55 4183 245 4256 sps-udentia,
275 4192 304 4239 ut
318 4191 411 4240 notum
426 4183 529 4240 iaceret
554 4185 633 4240 nobis
657 4195 858 4242 sacramentum
904 4198 924 4229 ·‹
941 4177 1066 4234 Omnibus
1081 4177 1256 4250 adimpletur.
1277 4200 1289 4230 ι

55 4295 67 4320 ι
85 4272 236 4329 voluntatis
250 4288 317 4338 suae,
333 4273 483 4329 secundum
493 4273 694 4344 beneplacitum
710 4275 769 4343 elus
783 4277 856 4346 quod

55 4383 67 4409 ι
88 4361 235 4432 proposuit
254 4359 283 4415 in
311 4376 365 4427 eo,
381 4361 409 4416 in
437 4361 641 4432 dispensatione
677 4362 856 4433 plenitudinis

58 4471 70 4497 ι
88 4458 245 4520 temporam
271 4449 424 4505 instaurare
450 4450 543 4505 omnia
565 4449 594 4505 in
622 4450 737 4517 Christo,
754 4467 815 4523 quae
828 4453 856 4507 in

59 4536 170 4594 ecoelis
186 4544 214 4592 et
227 4536 255 4591 in
269 4544 342 4594 terra
356 4544 419 4592 sunt
434 4537 461 4592 in
482 4538 552 4609 ipso.
584 4539 614 4593 ln
633 4553 687 4610 quo
705 4539 787 4594 etism
805 4556 856 4596 uos

59 4644 71 4677 ι
87 4631 167 4682 sorte
185 4625 274 4681 vocati
294 4642 398 4692 sumus,
427 4626 614 4696 praedestinati
628 4628 777 4683 secundum
790 4644 856 4698 pro-

57 4737 69 4763 ·
86 4713 210 4785 positum
224 4714 291 4782 ejus,
308 4714 355 4786 qui
376 4722 502 4785 operatur
516 4715 608 4769 omnia
622 4716 773 4771 secundum
787 4731 857 4772 con·

56 4819 69 4845 ·
87 4797 150 4852 silis
163 4795 310 4853 voluntatis
321 4813 387 4863 suae,
400 4805 429 4852 ut
441 4797 527 4853 simus
535 4797 562 4852 in
574 4797 685 4853 laudem
694 4799 789 4870 glories
796 4800 856 4870 ejus

56 4909 68 4931 ·
86 4900 140 4941 nos
155 4884 201 4956 qui
215 4892 279 4941 ante
292 4886 463 4956 speravimus
476 4886 504 4940 in
519 4885 635 4942 Christo.
648 4887 679 4941 lu
694 4903 748 4958 quo
765 4896 792 4943 et
806 4903 856 4945 vos

56 4997 68 5022 ι
86 4989 152 5030 curn
166 4973 312 5029 audissetis
326 4974 442 5029 verbum
460 4974 598 5042 veritatis,
614 4974 796 5048 Evangelium
815 4993 861 5034 sa·

1214 4351 1371 4394 sxrosmo.

947 4452 1065 4517 Paulus,
1085 4458 1138 4507 etc.
1151 4452 1259 4508 Paulus
1273 4453 1419 4525 apostolus
1431 4451 1618 4522 Christilssst,
1630 4472 1711 4528 quem

911 4539 1035 4594 Christus
1050 4539 1130 4594 lesus
1144 4539 1303 4610 Apostolum
1313 4539 1441 4612 gentibus
1459 4542 1638 4599 consecravit.
1651 4545 1711 4600 Uu-

911 4627 946 4684 de
954 4636 1066 4699 apparet
1074 4627 1146 4700 quod
1158 4628 1236 4684 vobis
1246 4629 1393 4700 Apostolus
1407 4629 1451 4685 sit.
1463 4632 1580 4698 Paulus,
1590 4631 1709 4704 inquam,

911 4718 1056 4789 apostolos
1075 4716 1190 4782 Christi,
1207 4731 1262 4772 non
1283 4732 1333 4786 per
1349 4716 1477 4772 meritum
1491 4734 1580 4784 suum,
1597 4718 1644 4773 sed
1659 4735 1711 4791 per

912 4804 1000 4861 solam
1014 4805 1191 4862 voluntalem
1207 4811 1232 4860 et
1246 4804 1348 4860 bonum
1358 4804 1486 4876 placitum
1497 4807 1556 4863 Dei.
1568 4806 1614 4861 Sic
1624 4815 1650 4861 et
1661 4823 1710 4864 vos

912 4893 984 4966 quod
998 4893 1063 4948 boni
1078 4893 1144 4948 estis
1159 4907 1214 4949 nou
1239 4893 1336 4949 merito
1355 4902 1462 4961 vestro,
1479 4894 1529 4949 sed
1551 4895 1646 4966 grstiae
1660 4895 1711 4951 Dei

912 4980 1045 5036 referatis.
1061 4980 1172 5048 Paulus,
1202 4980 1323 5053 inquam,
1341 4983 1494 5055 apostolus,
1516 4984 1711 5054 pervolante·

54 5085 67 5110 ι
84 5061 152 5117 lutis
165 5069 266 5117 vestrae
279 5061 430 5133 recepistis.
443 5063 473 5117 ln
487 5077 541 5135 quo
555 5071 580 5118 et
600 5065 666 5119 cred
676 5073 753 5121 entes
764 5065 862 5139 signati
913 5073 970 5125 tem
981 5069 1030 5125 Dei
1037 5068 1129 5125 scribit
1137 5069 1266 5126 omnibus
1275 5072 1392 5138 sanctis,
1408 5069 1488 5125 idest
1503 5069 1712 5141 perfectioribus

53 5175 64 5198 ι
81 5151 151 5206 estis
166 5149 277 5221 Spiritu
302 5150 491 5221 promissionis
506 5158 615 5219 sancto,
631 5152 678 5223 qui
707 5162 747 5209 est
762 5154 863 5226 pignus
913 5157 959 5229 qui
970 5157 997 5212 in
1011 5157 1154 5213 virtutibus
1165 5158 1260 5214 sanciti
1275 5165 1355 5225 sunt;
1370 5157 1465 5214 scribit
1475 5159 1558 5215 etism
1572 5148 1712 5231 fidelitate,

50 5261 62 5285 ι
80 5238 190 5310 (arrha)
200 5238 372 5294 hereditatis
391 5247 492 5296 nostrae
505 5239 533 5294 in
544 5239 759 5312 redemptionem
772 5242 864 5314 scqui-
912 5245 941 5300 id
951 5245 1232 5316 estminusperfectis,
1244 5246 1290 5319 qui
1299 5254 1389 5303 tamen
1400 5247 1470 5304 bene
1480 5256 1656 5307 servaverunt
1669 5249 1713 5303 in·

51 5327 192 5383 «sitionis
205 5326 235 5381 in
247 5326 357 5382 leudem
375 5327 476 5399 glories
496 5327 592 5398 ipsius.
609 5329 757 5401 Propterea
770 5339 797 5386 et
811 5346 863 5402 ego
913 5333 1069 5407 tegritatem
1083 5332 1157 5389 fidei.
1177 5336 1319 5392 Fidelibct
1336 5335 1397 5392 dico
1418 5336 1451 5391 in
1470 5337 1580 5393 Christo
1596 5338 1670 5402 lesu,
1683 5335 1713 5394 id

51 5415 200 5472 «audiens
214 5413 295 5471 iidem
319 5423 439 5472 vestram
478 5425 595 5488 quaeest
610 5417 638 5473 in
667 5418 775 5474 Christo
788 5419 862 5494 lesu,
914 5422 1102 5494 estquilidem
1111 5421 1212 5479 Christi
1220 5423 1285 5480 lesu
1305 5424 1468 5482 custodiunt.
1485 5424 1597 5480 Sanctis
1606 5422 1668 5479 dico
1681 5430 1712 5484 ct

56 5529 67 5553 ·
85 5511 115 5562 et
127 5503 304 5563 dilectionem
317 5504 345 5562 in
366 5520 462 5563 omnes
477 5513 603 5577 sanctos,
630 5521 686 5564 non
700 5522 779 5565 cesso
796 5522 864 5582 gre-
913 5510 1043 5581 fidelt'lss
1056 5511 1105 5585 pai
1118 5515 1186 5568 suot
1200 5511 1312 5586 llpbssi.
1323 5511 1405 5586 Optat
1416 5511 1468 5570 hoc
1488 5510 1596 5568 Paulus.
1611 5510 1714 5580 &ctio
