3742 5986
176 166 225 222 8ll
538 217 541 223 .
611 171 784 232 GUlGONlS
803 175 828 230 ll
846 170 1052 231 CARTHUSIAE
1071 171 1219 230 narolus
1238 172 1388 232 carolus.
1783 174 1836 234 811

177 301 256 361 sunt;
286 294 351 366 quia
378 295 438 352 illos
467 296 594 367 decipere
622 298 753 364 nituntur,
779 298 824 369 qrvi
852 298 1134 368 prasensAChristo
1157 299 1346 356 absconditam
1368 300 1476 356 habeat.
1491 299 1571 355 Juxta
1584 307 1697 371 puteum
1712 299 1830 368 habitat,

178 382 303 437 exsilium
318 383 420 457 lugent,
441 391 472 438 ut
491 385 599 439 omissis
627 386 750 454 internis,
768 386 795 440 in
811 386 930 441 externis
946 402 976 441 se
1026 387 1102 442 lsaac
1112 388 1189 457 cujus
1200 404 1299 444 nomen
1310 395 1351 443 est
1361 389 1478 445 viventis
1488 396 1513 444 et
1524 388 1641 444 videntis
1655 388 1738 458 (Gerr.
1753 402 1827 455 xxv,

177 477 247 526 totos
257 487 307 542 per
322 472 472 542 appetitum
501 481 592 544 etper
620 482 710 529 actum
739 472 888 528 effundant.
905 475 975 528 Nam
1027 475 1082 544 tt),
1098 482 1125 529 ut
1141 476 1175 530 sit
1190 476 1216 530 in
1232 476 1319 539 anima
1335 478 1442 544 devota,
1459 477 1562 549 quaead
1577 484 1689 540 aternae
1706 475 1829 532 exsulta·

176 558 243 614 Cain
256 562 401 632 possessio,
418 561 486 616 hbel
510 577 575 617 vero
591 563 685 618 tactus
700 562 904 633 interpretatur.
921 562 976 617 Sed
1026 563 1106 618 tionis
1116 563 1201 618 risum
1222 565 1338 632 festinat,
1356 573 1382 621 et
1405 565 1475 620 visio
1499 566 1603 633 vivens,
1619 582 1654 620 ne
1668 580 1746 621 caeca
1762 565 1830 621 cali-

175 648 240 720 quid
264 648 327 704 inde
341 659 481 721 sequatur,
499 651 601 716 audite,
620 659 646 705 et
662 651 734 722 qnod
762 651 872 718 auditis,
890 651 975 706 vitare
1026 660 1073 724 get
1088 667 1104 707 n
1118 668 1201 720 vero;
1217 661 1242 708 et
1258 654 1313 710 vita
1323 654 1498 710 nihilominus
1513 653 1618 719 videns,
1634 669 1669 709 ne
1680 653 1764 725 pigra
1776 661 1831 709 tor·

175 736 302 793 omnibus
317 738 407 793 modis
433 739 548 794 studete.
574 737 646 807 Quid
671 739 741 794 onim
764 754 848 795 verax
863 739 977 794 historia
1025 747 1120 811 peata
1143 741 1225 797 bono.
1244 742 1350 797 Dormit
1365 741 1497 814 profugus
1511 741 1560 797 irre
1575 741 1666 796 imtris
1679 741 1778 809 Jacob,
1795 743 1829 797 ad

177 824 266 881 dieit‘t
282 826 404 898 dumque
433 831 527 882 essent
542 828 573 882 ira
601 844 683 898 apro,
710 830 896 884 consurrexit
907 827 977 883 Cain
1026 836 1107 900 caput
1122 829 1226 884 habens
1241 829 1357 900 lapidem
1367 831 1447 897 (Gen.
1458 845 1561 897 xxvnr,
1571 832 1615 897 11,
1632 831 1689 900 tt),
1706 837 1829 886 mentem

175 914 308 970 adoneus
344 917 467 986 tratrem
488 933 582 984 soum,
600 921 629 971 et
652 917 800 988 interfecit
823 932 898 972 eum.
919 916 976 971 Nec
1026 915 1053 971 in
1070 917 1177 972 Christo
1195 932 1201 971 :
1218 926 1382 989 sanctosque
1392 918 1500 973 nuntios
1510 917 1587 989 puris
1595 917 1719 974 intuetur
1728 918 1827 986 oculis,

175 1001 275 1056 mirum
291 1002 364 1074 quod
379 1002 538 1059 interiectus
567 1003 627 1073 luit,
646 1003 691 1075 qui
720 1004 794 1058 toras
823 1004 851 1058 in
878 1019 976 1077 agrum
1026 1004 1053 1059 in
1068 1005 1141 1061 scala
1153 1005 1293 1060 charitatis
1303 1006 1482 1062 ascendentes
1492 1014 1519 1061 et
1528 1004 1729 1062 descendentes
1744 1022 1829 1077 super

174 1090 239 1146 exiit
255 1105 261 1144 ε
277 1098 307 1144 ut
334 1090 405 1145 enirn
422 1107 472 1162 per
497 1092 672 1162 semetipsam
697 1092 804 1148 Veritas
830 1092 866 1145 ait
883 1106 889 1146 :
906 1094 977 1164 Aper
1026 1093 1123 1148 Filium
1140 1093 1277 1159 hominis;
1294 1102 1322 1148 ut
1336 1094 1400 1150 hinc
1426 1103 1517 1150 mente
1533 1094 1667 1151 excedant
1681 1095 1754 1161 Deo,
1767 1094 1830 1152 hine

82 1190 89 1199 ·
175 1184 218 1234 est
234 1179 280 1234 bic
303 1178 428 1235 mundas
454 1180 564 1250 (attotttr.
593 1196 657 1248 xviv,
673 1180 738 1250 38);
754 1180 801 1251 qui
823 1197 884 1235 curn
901 1184 976 1236 totus
1026 1197 1092 1236 vero
1104 1181 1187 1236 sobrii
1202 1181 1254 1236 sint
1269 1182 1358 1238 nobis.
1384 1182 1508 1249 hloritnr,
1525 1182 1574 1238 sed
1584 1181 1701 1238 vitaliter
1715 1191 1829 1238 sanctus

174 1267 215 1325 lut
243 1266 309 1323 dicit
332 1266 473 1338 apostolus
500 1267 631 1335 loannes)
656 1268 688 1323 ire
711 1270 838 1337 moliprro
865 1269 976 1339 positus
1024 1269 1251 1340 Josephceutum
1266 1278 1293 1325 et
1321 1271 1417 1326 decem
1441 1285 1574 1326 annorum
1590 1271 1670 1340 (Gen.
1687 1285 1713 1337 ι,
1730 1270 1830 1343 asiis

176 1355 201 1426 (l
208 1356 289 1413 toan.
302 1370 330 1421 v,
343 1357 387 1425 19)
400 1354 443 1423 sit,
460 1355 597 1426 quomodo
608 1363 724 1410 mortem
733 1355 831 1426 poterit
846 1356 974 1419 evadere,
1026 1357 1180 1413 sanctitatis
1194 1357 1362 1429 perfectione
1387 1359 1550 1429 decalogum
1570 1358 1750 1425 custodiens;
1766 1359 1830 1430 quia

175 1442 330 1514 quicunque
345 1441 372 1496 in
383 1458 444 1497 curn
460 1458 509 1512 per
535 1442 711 1513 voluntatem,
733 1459 784 1514 per
799 1442 973 1514 voluptutem,
1026 1453 1052 1500 et
1080 1462 1209 1501 numerus
1231 1446 1406 1502 centenarius
1432 1446 1638 1518 perfectionem,
1655 1455 1683 1502 et
1695 1446 1828 1503 denarius

175 1546 226 1601 per
240 1530 375 1587 actionem
391 1529 525 1585 nefariam
539 1539 694 1586 moraturus
710 1530 868 1587 introierit?
1024 1534 1111 1589 innuit
1133 1535 1233 1607 legem.
1250 1536 1283 1589 Et
1311 1534 1457 1590 odoriferis
1486 1535 1667 1606 spiritualium
1695 1533 1828 1591 virtutum

443 1663 641 1720 CAPITULUM
664 1665 698 1720 Vl
985 1622 1197 1714 Barornatibus
1221 1622 1355 1687 conditus,
1382 1623 1529 1694 deponitur
1548 1623 1619 1677 intra
1644 1623 1781 1694 seipsum,
1802 1623 1828 1678 in

1026 1710 1125 1765 interni
1136 1710 1234 1765 secreti
1251 1710 1350 1777 loculo,
1367 1711 1431 1766 dum
1442 1726 1558 1782 corpore
1569 1717 1619 1777 est,
1635 1710 1665 1765 in
1680 1711 1764 1779 hujus
1779 1727 1829 1766 sae·

178 1780 414 1864 maiorer-‘saaca
442 1780 521 1835 00²1oe
545 1780 633 1852 quaes,
651 1781 790 1869 ematosa
818 1781 976 1864 aiassae·
1026 1798 1080 1855 auu
1104 1799 1235 1872 AEgypto,
1252 1807 1278 1854 a
1305 1798 1391 1854 roasa
1418 1799 1446 1854 ιι
1471 1799 1582 1870 munos,
1599 1805 1626 1854 u
1649 1814 1707 1855 non
1736 1798 1773 1854 su
1795 1799 1829 1854 ue

211 1848 531 1995 zerteca‘smrrsaitpurbasdom
557 1867 645 1906 socrae
666 1853 821 1923 scripture
845 1852 976 1907 iocosae·
1026 1887 1138 1943 mundo·
1843 1888 1850 1900 .

214 2037 337 2094 Delectat
373 2037 461 2092 adhuc
484 2036 627 2092 intendere
646 2037 679 2091 iis
702 2053 761 2108 quae
798 2036 826 2091 in
851 2036 976 2092 manibus
1258 2003 1456 2060 CAPlTULUll
1485 2003 1543 2060 Vll·

176 2126 319 2194 babemus,
335 2132 365 2178 ut
388 2140 448 2196 quae
463 2132 490 2179 et
505 2132 604 2195 quanta
620 2125 654 2178 sit
677 2124 753 2180 cellae
769 2125 846 2196 quies
860 2125 976 2180 demon·
1027 2127 1098 2183 Item
1113 2125 1253 2182 decadem
1267 2126 1360 2199 quiete
1374 2128 1462 2191 cetloe,
1480 2127 1606 2211 qualiter·
1612 2142 1665 2198 per
1674 2126 1751 2182 ciros
1762 2142 1828 2210 soa·

179 2221 305 2269 stremus.
318 2214 390 2269 Eece
406 2219 516 2269 sanctus
531 2213 625 2268 Enoch
640 2227 690 2283 pro
706 2228 738 2268 eo
754 2213 825 2284 quod
841 2227 902 2268 cum
918 2214 977 2268 Deo
1062 2201 1121 2253 ⁶2⁰⁸
1136 2215 1153 2252 o
1181 2199 1267 2269 Mopse
1286 2213 1372 2269 mille
1391 2198 1427 2253 ‘td
1442 2197 1544 2253 [mmm
1558 2213 1619 2270 ‘tu‘
1630 2201 1775 2254 'mmm
1789 2202 1826 2253 ⁸⁸⁸

178 2301 308 2367 ambulat,
325 2317 379 2357 non
408 2308 529 2372 apparet,
547 2299 693 2372 quiatollit
722 2317 785 2356 eum
806 2302 974 2371 Deus(Gen.

177 2406 218 2458 ιιι,
234 2393 290 2459 il).
301 2389 389 2460 Quod,
403 2390 479 2459 juxta
494 2389 686 2461 tropologiam,
699 2388 764 2460 quid
778 2388 851 2443 aliud
862 2397 912 2453 est,
924 2388 976 2443 nisi
1063 2381 1153 2437 PssSGll
1167 2397 1233 2437 Oves
1256 2383 1373 2453 ΜΟΥΒΘΞ,
1391 2382 1499 2436 minan-i
1519 2397 1567 2437 01²³
1577 2381 1612 2437 td
1628 2382 1763 2438 interiora
1775 2381 1826 2438 de·

179 2480 253 2552 quod
267 2479 306 2534 illi
322 2479 366 2550 qui
383 2478 433 2533 soli
450 2479 507 2533 Deo
522 2494 551 2532 se
566 2477 702 2546 dedicant,
719 2477 782 2531 dum
798 2476 836 2530 illi
850 2476 974 2545 militant,
1027 2469 1092 2525 serti
1107 2479 1135 2524 ut
1163 2486 1292 2543 magnam
1312 2470 1409 2526 videns
1423 2470 1566 2537 visionem,
1583 2470 1611 2525 in
1634 2471 1704 2527 rubo
1718 2471 1825 2543 absque

1062 2283 1238 2339 expressum.

178 2567 296 2642 negotiis
312 2583 341 2623 se
356 2563 531 2622 sacularibus
546 2582 599 2621 non
624 2565 773 2636 implicant.
790 2566 824 2620 Ut
848 2572 937 2620 autem
951 2564 976 2619 ei
1027 2558 1216 2614 combustione
1227 2559 1326 2629 (Eroti.
1339 2560 1389 2629 ιιι),
1399 2558 1472 2632 ignis
1482 2557 1671 2629 deprehendat
1684 2559 1826 2615 ardorem.

176 2655 331 2712 medullitus
346 2654 471 2725 placeant
487 2652 530 2709 cui
545 2670 575 2708 se
596 2654 792 2724 probaverunt,
809 2652 976 2708 exterioran
1026 2647 1117 2702 Nutrit
1131 2647 1215 2702 verbo
1239 2645 1289 2702 Dei
1303 2647 1482 2720 cogitationes
1497 2646 1568 2701 intra
1583 2663 1613 2702 se
1643 2646 1786 2718 simplices
1800 2654 1828 2703 et

179 2759 209 2799 se
224 2744 351 2798 universa
367 2758 417 2813 pro
432 2756 514 2812 posse
525 2741 679 2796 excludunt.
698 2740 752 2806 Sic,
770 2741 819 2806 sic,
831 2741 896 2794 dum
911 2740 976 2795 sotis
1027 2734 1159 2790 innocuas
1181 2735 1288 2789 animus
1316 2743 1449 2801 sanctus,
1480 2750 1581 2807 easque
1603 2736 1762 2806 perducens
1791 2733 1826 2790 ad

177 2831 292 2887 internis
306 2830 458 2891 intendunt,
475 2829 502 2883 in
519 2828 705 2899 occupationis
720 2828 906 2883 immoderatae
920 2844 975 2898 pu·
1026 2823 1121 2877 intima
1135 2823 1243 2890 secreti,
1259 2839 1328 2894 puro
1352 2823 1527 2895 conspicatur
1542 2839 1607 2881 vere
1622 2822 1688 2879 fidei
1704 2822 1802 2879 intuitu
1818 2840 1826 2878 ε

176 2920 248 2976 blico
274 2935 408 2990 apparere
424 2916 570 2990 refugiunt.
595 2916 686 2971 tustus
710 2932 802 2972 coram
826 2918 883 2972 Deo
902 2917 974 2983 Noe,
1026 2910 1187 2966 etdivinam
1203 2911 1299 2966 inune
1314 2912 1465 2983 eademque
1488 2912 1586 2967 Christi
1605 2927 1729 2982 persona
1743 2920 1827 2968 nato·

175 3016 205 3064 ut
217 3009 294 3078 juxta
320 3005 571 3078 interpretationem
587 3004 705 3059 nominis
720 3004 776 3059 suis
793 3005 915 3076 requiem
930 3006 1010 3066 hac
1026 3015 1095 3065 ram,
1108 3007 1134 3054 et
1143 3000 1291 3054 humanam
1308 3017 1315 3055 :
1331 3007 1357 3056 et
1371 2999 1667 3071 tantotaliqnetoedere
1677 3007 1825 3072 utramque

176 3098 249 3164 beat,
266 3112 320 3168 quo
335 3093 522 3151 vehementius
532 3093 665 3149 inundare
683 3101 878 3164 superterram
889 3108 975 3164 aquas
1030 3085 1081 3142 sibi
1094 3087 1210 3143 invicem
1237 3086 1357 3155 unitam,
1373 3096 1402 3142 ut
1426 3103 1477 3144 nec
1501 3086 1663 3161 glorificatio
1681 3094 1828 3144 consumat

176 3180 270 3236 diluvii
293 3179 459 3244 considerat,
475 3193 508 3233 eo
528 3176 656 3232 libentius
670 3176 755 3248 ipsius
770 3193 800 3232 se
815 3192 887 3233 arcae
910 3176 975 3231 lati·
1024 3175 1193 3243 interiorem,
1210 3191 1261 3232 nec
1275 3176 1425 3247 assumptio
1446 3175 1550 3230 minuat
1564 3176 1749 3248 superiorem.
1766 3177 1827 3232 Non
1855 3198 1857 3203 ·

175 3269 248 3324 bulis
271 3266 388 3324 occultat
404 3283 411 3322 ι
430 3266 520 3321 sedet
543 3265 668 3321 columba
692 3265 739 3319 ubi
754 3264 907 3336 requiescat
924 3280 975 3335 pes
1025 3264 1113 3320 solum
1134 3272 1235 3334 autem,
1252 3263 1343 3320 sedin
1371 3279 1425 3319 una
1439 3263 1586 3336 singularis
1613 3264 1703 3320 meriti
1718 3264 1822 3336 puella,

176 3358 245 3427 ejus,
262 3364 289 3412 et
302 3371 358 3411 non
381 3353 532 3420 inveniens,
558 3354 630 3407 intus
654 3352 706 3408 sibi
730 3353 853 3424 requiem
881 3353 976 3424 quaerit
1024 3369 1082 3424 prae
1096 3351 1202 3409 cunctis
1216 3369 1276 3424 quae
1290 3352 1332 3407 sui
1343 3368 1425 3408 sexus
1439 3359 1511 3420 sunt,
1523 3353 1610 3410 nitere
1623 3352 1822 3426 virginitatem,

175 3446 256 3516 (Gen.
272 3459 312 3500 vu
336 3448 365 3501 et
380 3443 460 3511 ιιιιι);
487 3442 550 3513 quia
577 3449 671 3497 sancta
700 3441 801 3517 anima,
818 3440 933 3511 simplex
949 3447 976 3496 et
1024 3441 1074 3496 sed
1088 3441 1250 3507 fecundam
1266 3440 1469 3509 fecunditatem,
1482 3440 1530 3496 sed
1542 3440 1694 3513 virgineam
1708 3460 1716 3508 ;
1733 3441 1824 3514 sicque

176 3533 317 3600 innocens,
344 3548 376 3588 εο
400 3529 587 3587 delectabilius
610 3529 638 3583 in
663 3529 840 3584 interioribus
864 3535 973 3600 pausat,
1025 3528 1051 3582 in
1063 3545 1092 3584 se
1102 3529 1361 3601 utramquehabeat,
1371 3536 1401 3585 ut
1411 3537 1539 3585 neutram
1549 3529 1625 3586 alteri
1634 3528 1823 3600 prejudicium

176 3639 229 3695 quo
245 3638 274 3678 se
299 3620 445 3676 studiosius
464 3617 585 3674 omnium
612 3633 726 3688 prorsus
742 3617 908 3673 exteriorum
923 3616 975 3672 de·
1025 3615 1115 3673 iaciat.
1131 3617 1165 3671 Et
1179 3617 1269 3673 adhuc
1284 3616 1357 3672 aliud
1373 3616 1446 3689 quod
1466 3617 1556 3673 eidem
1569 3617 1657 3689 Moysi
1671 3617 1701 3673 in
1715 3617 1768 3674 hac
1783 3617 1824 3674 vi·

177 3710 329 3767 lectabilius
344 3709 370 3762 in
386 3706 561 3762 interioribus
576 3714 682 3776 pausat,
704 3721 758 3777 quo
774 3722 803 3761 se
828 3704 976 3761 studiosius
1026 3705 1102 3760 sione
1112 3703 1315 3776 praefiguratum
1326 3713 1386 3771 est;
1400 3714 1429 3761 ut
1438 3705 1565 3762 videlicet
1574 3705 1656 3761 sciret
1667 3705 1742 3778 quod
1752 3705 1822 3760 illius

178 3798 297 3855 omniurn
322 3811 436 3867 prorsus
459 3793 624 3849 exteriorum
651 3792 829 3850 delectatione
852 3800 975 3848 evacuat.
1025 3792 1118 3864 populi
1131 3793 1258 3849 ducatum
1282 3793 1425 3849 habiturus
1441 3801 1509 3862 erat,
1531 3792 1576 3865 qui
1591 3793 1630 3849 sic
1643 3792 1717 3867 legis
1731 3793 1822 3868 ignem

179 3886 268 3956 Super
296 3884 434 3940 Abraham
449 3880 527 3937 irruit
556 3897 649 3953 sopor,
666 3882 762 3954 inquo
782 3896 898 3953 magnus
914 3896 975 3935 euni
1026 3881 1184 3952 susciperet,
1200 3890 1229 3936 nt
1243 3882 1348 3953 peccati
1373 3882 1479 3954 spinam
1501 3898 1557 3938 non
1579 3881 1687 3938 vitaret.
1704 3883 1825 3938 Cernunt

177 3973 281 4030 invadit
295 3973 394 4028 horror
419 3972 499 4041 (Gen.
512 3985 561 4037 xv,
579 3973 623 4040 tt)
636 3987 643 4036 ;
658 3978 684 4025 et
699 3971 763 4024 dum
777 3968 830 4024 dici
845 3967 897 4023 sibi
911 3985 976 4024 ver·
1025 3968 1215 4040 promissionis
1226 3977 1327 4026 terram
1339 3970 1374 4026 de
1389 3970 1472 4045 longe
1483 3970 1586 4042 Caleph
1601 3972 1734 4039 ettosue,
1743 3985 1823 4044 qnam

178 4062 242 4117 burn
258 4059 447 4116 absconditum
461 4058 544 4124 audit,
562 4059 640 4129 quasi
654 4056 751 4112 furtive
768 4056 843 4110 auris
858 4071 908 4110 sua
926 4071 977 4112 ve·
1027 4063 1054 4112 et
1068 4064 1195 4113 asserunt
1208 4057 1286 4114 lactis
1301 4065 1328 4113 et
1341 4059 1429 4114 mellis
1448 4059 1513 4115 rivis
1528 4058 1613 4115 tluere
1627 4060 1724 4131 (Num.
1741 4060 1822 4128 ιιιιι);

179 4167 228 4206 nas
244 4149 350 4205 susurri
365 4147 423 4217 ejus
439 4146 560 4217 suscipit.
578 4146 635 4201 Hoc
652 4152 702 4212 est,
728 4151 883 4199 sanctarum
897 4145 977 4217 cogi·
1025 4143 1107 4217 idque
1122 4145 1237 4218 agnosci
1252 4161 1333 4217 posse
1356 4163 1406 4218 per
1433 4146 1542 4202 botrum
1568 4146 1614 4219 qui
1641 4155 1769 4219 portatur
1797 4147 1824 4203 in

179 4238 312 4294 tatianum
327 4245 405 4308 pater
424 4235 531 4290 animus
556 4241 675 4299 sanctus,
699 4247 749 4302 por
773 4232 978 4303 contemplatio·
1027 4241 1113 4302 vecte,
1126 4233 1262 4289 Christum
1275 4233 1401 4291 videlicet
1411 4234 1457 4307 qui
1466 4235 1597 4290 adoratur
1609 4235 1637 4290 in
1652 4250 1747 4292 cruce.
1758 4236 1824 4292 Dor·

181 4344 244 4382 nem
256 4326 365 4397 quidem
376 4324 509 4388 excelsus,
517 4336 550 4377 eo
559 4319 649 4393 magis
659 4320 821 4391 plerumque
834 4320 861 4375 in
871 4320 977 4376 interna
991 4322 1077 4413 Dmit
1091 4321 1119 4376 in
1139 4322 1327 4390 tabernaculo,
1344 4322 1390 4378 ubi
1414 4339 1479 4380 area
1499 4324 1550 4379 Dei
1563 4330 1614 4389 est,
1629 4339 1700 4395 puer
1714 4322 1824 4379 Samuel

181 4414 357 4470 meditatione
367 4428 469 4484 pavere
481 4408 661 4480 compellitur,
682 4425 736 4480 quo
746 4408 854 4480 plenius
870 4416 900 4463 ut
910 4409 936 4464 ei
945 4408 978 4463 li·
1029 4409 1055 4480 (l
1069 4413 1132 4482 ttep.
1147 4412 1189 4480 ιιι)
1202 4429 1208 4478 ;
1226 4411 1272 4482 qui
1295 4425 1311 4465 a
1338 4411 1455 4468 Domino
1469 4418 1587 4468 meretur
1600 4410 1706 4480 vocari,
1720 4418 1747 4468 et
1760 4410 1825 4484 quid

183 4506 248 4560 bere
258 4504 344 4575 possit
363 4501 514 4568 intendere,
527 4498 616 4554 omnis
626 4497 653 4552 in
664 4513 696 4553 eo
716 4497 882 4552 exteriorum
892 4512 979 4570 nego·
1028 4499 1197 4570 respondere
1211 4499 1319 4555 vocanti
1332 4498 1440 4566 debeat,
1462 4499 1558 4555 doctus
1577 4515 1673 4555 aseae
1688 4515 1768 4570 puer,
1785 4499 1826 4556 sia

181 4595 282 4650 tiorum
297 4609 362 4649 cura
377 4590 489 4661 sopitur.
507 4588 606 4658 Sicque
616 4585 681 4641 dum
695 4602 745 4657 ρει
759 4585 921 4642 inlusionem
936 4587 978 4640 in·
1028 4586 1110 4642 dicit:
1122 4588 1253 4659 Loquere,
1266 4588 1576 4660 Domine,qrcioscr·ous
1588 4587 1759 4644 tuuscadit.
1771 4587 1823 4643 lla·

183 4681 339 4755 spirationis
354 4679 465 4745 intimae,
480 4677 508 4731 in
530 4675 721 4730 sublimitatem
737 4673 849 4729 silenter
863 4674 933 4729 intra
948 4691 978 4730 se
1027 4675 1099 4746 pitur
1113 4683 1140 4730 et
1153 4675 1230 4731 ardet
1242 4675 1346 4747 ingenti
1361 4683 1386 4731 et
1397 4684 1491 4732 sancto
1500 4674 1637 4732 desiderio
1647 4683 1761 4732 sanctus
1771 4675 1825 4731 Da·

181 4769 316 4844 loquentis
339 4764 574 4837 contemplationis
602 4763 732 4829 elevatur,
749 4777 845 4818 causas
869 4777 977 4834 quoque
1028 4762 1073 4818 vid
1085 4763 1132 4834 qui
1146 4763 1211 4820 dicit
1228 4781 1234 4817 :
1255 4764 1320 4833 Quis
1331 4764 1410 4820 dabit
1424 4765 1614 4836 mihipcrmos
1625 4765 1703 4821 sicam
1716 4765 1825 4820 cotum·

182 4862 251 4930 ejus,
275 4864 302 4912 et
330 4855 460 4927 origines,
491 4852 659 4916 occasiones,
676 4851 812 4905 etmodos
841 4850 868 4905 in
883 4849 977 4906 intimo
1028 4851 1076 4917 bor,
1093 4857 1121 4907 et
1136 4852 1239 4918 ootobo,
1256 4856 1285 4908 et
1298 4853 1585 4924 sequtoscamrrsat.
1601 4866 1658 4918 arv,
1674 4854 1717 4923 7.)
1729 4852 1765 4909 Ut
1775 4867 1823 4907 au·

180 4955 280 5003 sanctae
299 4944 424 5016 puritatis
439 4948 544 4997 secreto
559 4938 757 4995 delectabihter
771 4939 895 4994 rimatur.
911 4939 977 4994 Sara
1027 4946 1081 4994 tem
1092 4939 1172 4995 nobis
1182 4939 1308 4995 ostendat
1317 4939 1364 4994 ubi
1373 4940 1401 4995 in
1412 4939 1454 4995 his
1464 4939 1562 5011 pennis
1576 4937 1711 4995 columbe
1725 4948 1753 4995 et
1768 4955 1826 4995 san·

178 5035 304 5101 moritur,
321 5041 347 5088 et
371 5039 476 5087 mortua
506 5029 533 5083 in
562 5028 691 5099 spelunca
718 5026 819 5097 duplici
847 5027 977 5098 sepelitur
1028 5034 1070 5083 cto
1081 5027 1171 5084 volatu
1181 5027 1233 5082 isto
1243 5027 1365 5099 requiem
1374 5027 1498 5084 invenire
1508 5035 1597 5101 queat,
1608 5027 1745 5102 adjungit,
1756 5028 1824 5086 Ecce

182 5125 261 5194 (Gen.
274 5137 357 5187 xxxvi,
371 5125 398 5186 a,
415 5119 469 5188 19).
482 5116 561 5184 Qtrod
573 5115 665 5186 utique
680 5122 743 5170 tunc
754 5113 927 5185 spiritualiter
937 5113 975 5185 lit,
1027 5115 1286 5187 elongavifugiens,
1297 5120 1326 5171 et
1338 5118 1434 5172 mansi
1456 5117 1488 5172 in
1511 5115 1665 5173 solitudine
1684 5116 1776 5188 (ibid,
1786 5116 1823 5186 8).

180 5228 242 5269 cum
272 5211 300 5264 in
325 5209 416 5262 anima
431 5213 524 5260 sancta
551 5211 579 5259 et
592 5219 669 5273 pura,
683 5202 803 5257 omnium
829 5202 976 5258 visibilium
1027 5202 1468 5277 lgiturinelongationeautiuga,
1481 5203 1824 5260 etmaximeinmansione

178 5299 316 5367 affectum,
328 5303 354 5351 et
364 5293 521 5365 appetitum,
533 5293 628 5363 plenus
644 5306 738 5345 eorum
753 5298 932 5361 contemptus,
950 5298 977 5346 et
1026 5289 1177 5346 solitudinis
1184 5291 1292 5363 requies
1302 5291 1370 5360 ejus.
1381 5292 1476 5365 Merito
1487 5291 1586 5347 dicitur
1595 5291 1630 5347 de
1640 5305 1674 5346 eo
1684 5291 1760 5363 quod
1773 5292 1823 5346 ha·

177 5386 294 5458 abjectio
319 5380 466 5452 exstinguit
489 5378 621 5452 perlecta.
638 5378 737 5450 Sicque
753 5378 787 5432 de
809 5386 908 5433 caetero
923 5394 975 5450 ge·
1025 5378 1182 5434 beataetatis
1195 5379 1407 5450 plurimosdies,
1424 5378 1554 5436 virtutum
1573 5378 1677 5435 scilieet
1692 5379 1824 5451 spiritua·

176 5475 250 5532 mino
263 5473 327 5530 huic
341 5475 436 5526 sancto
451 5467 588 5533 exercitio,
605 5465 839 5537 contemplationis
849 5465 975 5522 videlicet
1024 5465 1090 5522 lium
1098 5467 1197 5522 multas
1203 5466 1350 5533 claritates,
1359 5482 1411 5524 nec
1418 5465 1722 5540 eliquaminsnllacibus
1728 5466 1825 5524 mundi

175 5563 316 5629 detecntae,
341 5567 367 5616 et
392 5557 507 5614 actionis
523 5555 643 5628 egregia
662 5553 808 5628 diligenter
828 5552 972 5610 intendat:
1024 5554 1104 5623 hujus
1112 5553 1191 5609 bonis
1200 5553 1408 5612 delectationem
1419 5554 1689 5628 habeat3quiacam
1697 5558 1825 5629 operire·

173 5659 199 5707 et
214 5652 267 5709 hoc
294 5647 377 5705 modo
405 5646 522 5703 vitaliter
549 5653 667 5711 mortua,
682 5643 711 5699 in
726 5644 785 5699 Deo
813 5642 895 5699 vitam
911 5656 973 5698 cunr
1025 5645 1074 5697 tar
1088 5641 1219 5711 vestitos,
1232 5643 1447 5714 concatenabat
1458 5643 1581 5716 (ttttteg.
1597 5656 1622 5710 r,
1633 5641 1672 5716 1).
1685 5642 1759 5710 Nam
1769 5651 1824 5702 ter·
