3742 5986
167 179 219 239 idi
296 143 300 153 ·
435 178 466 236 S.
485 118 675 234 ¹liliUNONlS
703 159 1027 232 canuubsm'ottuu
1054 158 1297 241 lNS'flTUTOlilS
1311 158 1387 218 OPP.
1403 162 1492 222 atus
1507 159 1542 214 ll.
1765 162 1819 217 1118

170 301 301 359 admoniti
315 318 330 357 a
343 318 398 368 me,
414 318 496 374 quam
510 300 597 373 prius.
621 302 657 356 Et
680 299 786 356 debetis
808 300 967 366 abundare3
977 298 1007 362 Α
1020 299 1113 370 (toan.
1130 315 1177 366 xv,
1191 301 1246 369 li),
1265 318 1276 348 r
1293 304 1345 353 etc.
1361 296 1426 350 Ideo
1441 293 1539 349 iterum
1562 306 1617 347 nou
1640 298 1682 346 esf
1704 304 1820 346 necesse

169 391 249 447 scitis
264 393 419 463 enimquoe,
430 391 458 445 id
473 398 514 444 ast
529 405 609 462 quam
623 389 716 462 digna,
732 387 965 461 proeceptadede·
1020 387 1141 443 scribere
1166 386 1252 450 vobis,
1279 385 1341 457 quia
1365 399 1415 438 ros
1442 383 1541 453 soritis
1562 379 1635 435 illud
1649 385 1819 450 praeccptum

168 479 524 550 simrobisperllominum
535 477 687 546 iesum,sic
698 476 881 531 instituentem
888 475 963 529 mihi.
1020 475 1172 530 dilectionis
1187 476 1218 530 in
1232 489 1329 528 ornnes
1347 474 1455 543 srotres
1470 468 1618 525 existentes
1634 469 1665 522 in
1685 466 1819 522 uniuerso

167 567 257 638 Digna
271 566 362 639 utique
376 574 511 637 praecepta
528 566 592 620 dedi
604 565 688 620 vobis.
704 566 775 620 bom
788 563 846 620 boee
863 568 906 619 est
916 579 964 619 uo·
1018 562 1188 620 Macedonio.
1205 562 1259 617 Sed
1273 561 1337 617 licet
1350 575 1405 615 uon
1419 558 1454 613 sit
1477 572 1590 613 necasse
1610 555 1673 610 ideo
1697 553 1818 610 scribere

168 656 266 711 luntas
276 655 326 710 Dei
337 659 429 710 uestro
438 655 637 722 sanctificatio,
653 652 680 707 id
696 660 738 707 ost
752 660 780 706 ut
795 667 844 708 vos
860 651 963 707 sancti·
1018 651 1105 717 vobis,
1124 659 1215 707 tamen
1229 666 1361 723 ropurnus
1375 665 1420 705 ros
1430 662 1536 713 omues,
1550 648 1665 713 tratres,
1678 646 1711 699 ut
1725 643 1818 714 mopis

167 741 240 798 ficati
264 743 332 812 sitis,
358 750 463 798 remoto
488 742 562 798 omni
591 741 686 795 vitioa
709 740 796 795 vobis.
827 740 962 805 flacceat,
1018 739 1252 796 solitoebundetis
1265 737 1291 792 in
1302 737 1444 802 charitate,
1456 740 1484 790 et
1505 734 1578 790 detis
1588 750 1702 805 operam
1712 731 1817 787 atritis

167 831 286 902 inquam,
303 838 392 887 rastra
402 829 588 895 sanctificatio,
598 833 631 884 ot
641 845 686 885 uos
696 829 863 884 abstineatis
873 845 890 883 o
902 831 964 899 sor·
1018 829 1116 901 quieti,
1129 843 1183 883 non
1198 827 1235 881 ita
1248 842 1299 896 par
1317 825 1413 881 urbem
1437 822 1539 880 curiosi
1552 820 1708 876 rumoribus
1727 818 1817 890 iuqui-

166 920 322 984 nicutione,
339 935 373 975 ne
394 918 575 988 corrumpatis
598 932 710 972 uxorem
733 908 858 988 proximi.
881 917 916 970 lit
931 920 965 971 ut
1017 911 1815 986 rendis;etutsitisquieti,opetisvestrumnepotium,ne,

168 1009 436 1080 scietunusquisque
444 1010 717 1062 uestrumvnssuum
724 1005 878 1077 possidere,
890 1004 966 1059 idest
1017 1003 1179 1075 contemptis
1200 1001 1434 1073 propulsatione
1456 997 1567 1071 negotia
1587 996 1696 1053 curetis.
1719 997 1749 1050 ln
1773 995 1818 1050 his

167 1111 244 1151 suum
260 1111 370 1166 corpus.
387 1094 461 1151 Sicut
476 1094 549 1150 enim
570 1092 649 1149 miles
664 1094 691 1147 in
711 1092 899 1159 tabernaculo,
925 1092 966 1149 sic
1016 1091 1107 1149 verbis
1145 1091 1238 1146 vitium
1265 1089 1428 1146 curiositatis
1453 1084 1600 1143 interdicit.
1630 1085 1666 1140 Et
1694 1088 1728 1141 ut
1757 1083 1817 1139 sitis

167 1183 276 1253 spiritus
299 1183 327 1238 in
352 1198 467 1254 corpore
488 1181 603 1236 militare
628 1181 710 1236 debat
729 1181 788 1236 lieo
805 1195 812 1234 :
828 1179 963 1246 manibus,
1017 1179 1110 1252 quieti,
1127 1179 1282 1252 operemini
1304 1178 1434 1234 menibus
1449 1176 1561 1242 vestris,
1584 1174 1656 1229 unde
1670 1172 1749 1228 vobis
1763 1172 1816 1227 ha-

165 1270 345 1326 ministrando
376 1269 558 1341 pauperibus:
583 1269 707 1340 pedibus,
733 1268 866 1324 visitando
885 1266 964 1322 infir·
1015 1268 1113 1334 beatis,
1135 1283 1170 1323 ne
1198 1267 1277 1323 otiosi
1319 1266 1422 1322 alienos
1449 1263 1559 1319 labores
1591 1262 1683 1318 illicite
1715 1276 1816 1317 consu-

164 1374 235 1426 mos,
252 1366 279 1414 et
293 1358 400 1426 similia,
415 1358 444 1412 in
458 1358 564 1414 oaeteris
578 1356 718 1412 membris.
745 1356 888 1412 Possidere
903 1355 964 1411 ideo
1015 1356 1105 1411 matis.
1124 1355 1172 1412 llic
1187 1355 1349 1410 otiositatem
1377 1352 1526 1425 prohibuit.
1556 1350 1718 1424 operemini
1741 1349 1813 1414 dico,

165 1445 240 1513 dicit,
257 1446 323 1519 quia
334 1460 435 1516 corpus
450 1445 487 1500 ita
502 1444 583 1500 debat
597 1444 703 1500 domari
718 1461 735 1500 a
751 1444 844 1515 spiritu
860 1452 888 1498 ut
900 1459 964 1514 pos·
1015 1443 1134 1500 29?
1143 1445 1350 1514 ricutparentes
1357 1442 1540 1515 precepimus
1551 1441 1633 1496 vobis
1645 1435 1813 1509 Operemini,

166 1534 286 1591 sidentur
299 1534 376 1606 quasi
389 1549 484 1589 servus
501 1533 622 1599 rationis,
650 1541 761 1604 portans
782 1532 964 1605 quodcunque
1014 1527 1814 1604 quiapraeoepimusvobis,etutbonesteombuletisodeos,

166 1637 235 1678 onus
248 1622 396 1694 imponitur
410 1621 475 1677 sibi.
501 1616 645 1677 Possidere
667 1621 729 1676 dico
750 1622 781 1676 in
797 1621 999 1709 sacrifico-B
1014 1622 1062 1693 qui
1071 1622 1228 1691 sorissunt,
1240 1619 1316 1675 idest
1333 1619 1361 1673 in
1378 1625 1526 1689 conspectu
1539 1614 1699 1683 infidelium,
1717 1630 1751 1670 ne
1762 1614 1816 1669 ba-

168 1711 254 1778 tione,
274 1719 303 1766 ut
326 1709 372 1766 fiat
397 1716 521 1764 sanctum
544 1709 571 1764 iu
598 1709 763 1765 habitatione
785 1709 922 1776 virtutum,
934 1713 963 1764 et
1015 1703 1815 1779 beantinquopossintdetraherevobis.ldaoetiamopere·

164 1797 309 1871 possidere
331 1799 358 1853 iu
389 1799 502 1865 bonore,
518 1804 546 1851 ut
566 1812 622 1852 non
644 1797 789 1854 inclinetur
820 1797 964 1852 adactum
1013 1795 1090 1863 mini,
1107 1800 1140 1851 ut
1150 1795 1379 1868 nultiusoliquid
1392 1794 1565 1859 desideretis,
1574 1792 1602 1847 id
1614 1799 1655 1848 est
1666 1798 1695 1846 ut
1704 1790 1814 1847 haben·

166 1885 350 1958 turpitudinis,
366 1892 393 1941 et
407 1900 466 1940 nen
476 1886 508 1940 in
518 1885 664 1951 desiderio,
681 1892 710 1940 ut
732 1885 828 1940 saltem
852 1885 963 1940 deside·
1013 1892 1055 1940 tes
1070 1885 1104 1940 de
1119 1885 1232 1956 proprio
1248 1882 1342 1939 labore
1357 1899 1403 1939 res
1413 1882 1524 1938 alterius
1539 1878 1813 1951 nonconoupiscatis,

165 1981 208 2030 ret
222 1980 328 2045 turpem
342 1981 440 2039 actum,
457 1973 558 2028 nedum
573 1981 710 2043 operetur.
736 1972 880 2029 Desiderio
901 1972 963 2041 dico
1014 1973 1089 2044 quod
1103 1980 1214 2045 egestas
1228 1972 1342 2028 venians
1365 1988 1398 2027 ex
1412 1971 1468 2027 otio
1492 1969 1650 2031 desiderare
1663 1967 1812 2040 compellit.

166 2062 240 2134 quod
254 2070 295 2119 est
310 2078 372 2118 esse
386 2061 414 2116 in
429 2061 567 2132 passione.
591 2059 689 2117 Gravis
710 2060 781 2116 enim
807 2060 899 2132 passio
922 2068 964 2117 est
1048 2061 1128 2117 Nunc
1159 2060 1322 2116 dubietatem
1343 2075 1422 2133 quam
1445 2059 1479 2115 de
1506 2057 1704 2114 resurrectione
1724 2056 1813 2113 habe-

164 2149 247 2206 animi
259 2150 354 2231 ¹vivere
368 2150 397 2204 in
410 2149 548 2206 desiderio
563 2149 663 2205 caruis.
680 2148 779 2206 Vivere
793 2148 823 2202 in
837 2148 963 2219 passione
1012 2148 1087 2214 bant,
1108 2148 1238 2222 congruis
1253 2148 1404 2204 rationibus
1417 2147 1543 2216 absolvit,
1560 2146 1654 2203 dicens
1669 2163 1676 2201 :
1693 2146 1735 2201 De
1749 2145 1814 2201 cha·

165 2237 304 2306 desiderii,
324 2239 398 2295 sieut
413 2236 474 2293 falsi
490 2236 645 2302 Christiani,
657 2240 686 2293 et
695 2240 793 2308 pentes
808 2254 869 2309 quor
884 2240 963 2309 ipae-
1012 2237 1090 2293 ritate
1113 2253 1168 2292 non
1189 2243 1231 2292 est
1253 2253 1366 2292 necesse
1381 2236 1501 2293 scribere
1516 2235 1613 2301 vobis;
1629 2235 1678 2290 sed
1693 2234 1727 2290 de
1745 2235 1812 2290 dor·

164 2330 234 2384 rant
245 2327 345 2391 licum,
361 2324 473 2382 faciunt.
489 2325 630 2381 abstinete
645 2340 662 2381 a
684 2323 869 2395 fornicatione,
886 2326 962 2381 etab
1011 2322 1813 2397 urientibusnolumusrosienor·ore,srotres.Dormientas

166 2413 308 2471 adulterio.
321 2413 401 2483 Quod
417 2415 457 2471 sic
470 2414 507 2470 ait
518 2432 525 2469 ε
536 2415 574 2470 lle
585 2414 646 2487 puis
656 2414 889 2485 superprediotur
898 2416 962 2485 sra-
1011 2421 1092 2470 uocat
1106 2420 1239 2480 mortuos,
1255 2421 1284 2468 ut
1297 2414 1421 2469 ostendat
1443 2419 1498 2468 tarn
1522 2411 1600 2469 facila
1614 2411 1702 2469 Deum
1716 2427 1812 2467 rasus-

165 2503 375 2560 tremsuumin
388 2502 444 2558 ullo
458 2502 565 2574 privato
586 2504 700 2574 nepotio
715 2516 778 2557 cum
800 2517 884 2557 uxore
903 2502 961 2572 ejus
1012 2502 1097 2558 citare
1111 2510 1233 2558 mortuos
1255 2519 1334 2575 quarn
1358 2501 1439 2559 facila
1459 2509 1501 2557 est
1523 2500 1703 2556 dormientem
1727 2499 1812 2556 susci·

161 2590 265 2661 habito,
282 2591 590 2664 nequecireumvenint
611 2590 639 2645 in
662 2591 770 2646 eodem.
795 2589 961 2662 Supergredi
1011 2591 1063 2646 tari
1078 2598 1105 2646 et
1119 2606 1225 2647 somno.
1241 2592 1306 2646 ldeo
1328 2591 1454 2646 nolumus
1470 2606 1519 2647 vos
1542 2590 1671 2662 ignorare
1693 2588 1728 2645 de
1743 2589 1811 2644 dor·

163 2687 247 2750 esset,
271 2679 295 2734 si
318 2678 451 2735 violenter
478 2687 587 2750 raperet
609 2679 720 2735 ulterius
752 2694 877 2735 uxorem.
903 2679 961 2734 Cir·
1009 2679 1169 2750 mientibus,
1182 2684 1283 2736 utnon
1298 2679 1511 2736 contristemini
1529 2678 1709 2734 immoderate
1728 2693 1811 2749 super

162 2767 329 2834 cumvenire,
345 2768 369 2822 si
384 2767 542 2824 seductione
564 2767 644 2839 pretii
667 2768 711 2823 vel
732 2767 823 2838 precis
844 2767 959 2824 subrer·
1010 2774 1113 2824 mortes
1128 2768 1354 2840 propinquorum,
1374 2769 1448 2825 deut
1466 2767 1586 2840 perutiles
1600 2775 1627 2822 et
1645 2766 1728 2821 etiarn
1751 2765 1810 2822 falsi

162 2863 231 2912 teret
258 2871 370 2912 uxorem
394 2855 508 2926 proximi
531 2854 686 2912 consentire
709 2855 772 2910 sibi.
795 2856 872 2912 llanc
893 2871 959 2911 seu·
1010 2856 1165 2925 Christiani,
1182 2857 1230 2928 qui
1243 2873 1302 2912 non
1313 2857 1416 2912 iubent
1431 2872 1508 2929 spem
1518 2854 1729 2912 resurrectionis
1739 2854 1808 2910 futu·

161 2944 274 3001 tentiam
295 2944 436 3000 nonsatis
460 2951 554 3014 aparte
577 2944 692 2999 innuunt
709 2943 792 3000 rerba
814 2942 886 3011 libri,
910 2945 960 2999 sed
1010 2960 1058 2999 rae.
1074 2945 1109 3000 Et
1124 2945 1158 3000 de
1173 2944 1371 3001 resurrectione
1396 2945 1573 3016 desperantes
1589 2943 1629 2999 sic
1653 2943 1810 2999 contristari

161 3033 254 3105 priora
276 3040 302 3088 at
324 3031 466 3105 sequentia
497 3033 568 3088 hanc
587 3031 657 3088 velle
678 3031 811 3087 ridentur.
843 3032 892 3088 Vel
913 3005 1806 3106 illacnondebctis,quic,sicredimusquodiesuarerurreait,

160 3121 252 3193 priora
265 3128 410 3176 mutantur.
427 3120 598 3175 sasenates
622 3119 799 3176 fornicatione
822 3135 884 3176 cum
899 3136 960 3177 me·
1010 3129 1037 3178 at
1051 3129 1080 3176 ut
1096 3137 1189 3177 veram
1200 3123 1259 3191 ejus
1274 3122 1503 3177 resurrectionem
1525 3121 1631 3193 probet,
1647 3120 1808 3192 praemittit:

161 3207 314 3277 retricibus,
331 3216 361 3264 ut
375 3209 443 3264 sciat
466 3207 652 3281 unusquisque
673 3215 795 3264 vestrum
817 3208 960 3279 possidere
1010 3209 1808 3282 iesusreremortuusestetresurrexit,·siboc‚inquam,

161 3312 242 3354 suum
257 3312 314 3364 ras,
332 3296 360 3352 id
375 3304 417 3353 est
431 3311 510 3352 suam
524 3311 637 3353 uxorem
653 3313 713 3369 quaa
735 3312 835 3367 corpus
854 3306 896 3354 est
909 3298 960 3355 viri
1010 3298 1156 3366 credimus,
1172 3301 1215 3354 ito
1230 3303 1258 3355 et
1271 3299 1384 3355 credere
1398 3298 1531 3354 debemus
1546 3298 1620 3370 quod
1633 3314 1678 3354 eos
1695 3297 1808 3371 11111-

161 3384 190 3441 in
205 3383 428 3452 sanctificatione,
443 3385 472 3441 id
487 3393 538 3453 est,
555 3385 582 3440 in
607 3384 740 3441 munditia
754 3392 781 3442 at
793 3384 822 3440 in
845 3387 957 3442 bonore.
1009 3387 1098 3443 vendo
1113 3404 1163 3460 per
1176 3389 1281 3453 iesum,
1293 3388 1471 3444 dormierunt
1478 3402 1531 3459 per
1541 3389 1646 3452 terum,
1657 3385 1686 3440 id
1701 3393 1743 3440 est
1755 3385 1810 3442 vita

159 3474 223 3531 Non
237 3473 264 3529 in
279 3473 455 3546 turpitudine,
472 3482 499 3529 et
513 3491 571 3532 nen
586 3476 618 3530 in
631 3475 761 3545 passione
777 3473 919 3541 desiderit,
931 3475 960 3530 id
1010 3490 1124 3547 quorum
1139 3483 1165 3531 et
1179 3491 1255 3531 mors
1270 3475 1298 3529 in
1311 3477 1377 3532 Jesu
1391 3474 1448 3542 fuit,
1465 3491 1520 3542 eos,
1546 3475 1667 3547 iuquam,
1688 3473 1808 3531 mduem

160 3570 261 3620 estne
284 3562 365 3617 nimis
397 3561 540 3618 carnaliter
567 3560 699 3617 afficiatur
728 3562 801 3618 circa
833 3577 956 3630 uxorem,
1008 3564 1081 3619 fieus
1096 3579 1161 3620 eum
1175 3580 1215 3629 eo,
1227 3564 1256 3619 id
1269 3571 1311 3619 est
1325 3579 1387 3620 curn
1405 3563 1471 3618 lesu
1490 3563 1681 3634 impassibiles,
1698 3562 1809 3618 immor·

160 3650 451 3723 sicutpentesfaciunt
466 3667 526 3723 pute
536 3652 625 3706 Deum
639 3652 784 3720 ipnoront.
801 3650 870 3705 lllud
885 3651 960 3722 quod
1010 3650 1078 3706 tales
1091 3651 1118 3705 in
1133 3651 1233 3723 gloria.
1247 3652 1352 3707 Falsum
1369 3650 1548 3723 quorumdam
1569 3650 1736 3722 opinionem,
1762 3649 1808 3722 qui

160 3738 285 3810 sequitur
298 3753 353 3794 nou
368 3745 496 3803 mutatur,
512 3738 574 3794 ideo
588 3752 669 3793 nemo
683 3739 959 3810 circumvenietsre-
984 3760 986 3765 ·
1009 3740 1134 3796 dicebant
1156 3755 1273 3811 corpora
1291 3741 1318 3794 in
1345 3739 1389 3796 die
1413 3740 1460 3795 illo
1483 3741 1573 3796 adhuc
1595 3740 1704 3811 integra
1726 3755 1808 3811 possa

161 3829 245 3892 trem,
255 3833 319 3893 etc,
329 3828 463 3895 quoniam
470 3825 854 3882 Dominrmvindeaestdebis
864 3830 958 3883 omni·
1008 3844 1165 3902 resurgere,
1180 3845 1212 3884 ea
1226 3844 1292 3885 vero
1306 3846 1368 3900 quaa
1387 3837 1479 3884 assent
1500 3829 1634 3886 dissoluta
1647 3829 1675 3883 in
1689 3828 1807 3894 cineres,

159 3914 219 3982 bur,
235 3920 290 3967 tam
304 3912 339 3967 da
353 3911 541 3978 fornicatione,
558 3927 641 3984 quam
660 3914 694 3968 de
713 3913 857 3983 adulterio,
882 3917 960 3972 sieut
1008 3932 1146 3988 nunquam
1162 3933 1318 3988 resurgere,
1334 3917 1459 3983 destruit,
1468 3917 1581 3974 dicens:
1598 3917 1724 3988 Verequi
1739 3916 1808 3971 dor·

157 3999 345 4074 prediximus
355 4001 428 4057 vobis
438 4015 501 4056 cum
515 4016 638 4057 essemus
654 4001 726 4072 apud
740 4016 799 4070 vos,
815 4007 844 4058 et
860 4004 960 4073 testiti·
1007 4005 1126 4061 rnierunt
1149 4006 1318 4062 adducentur
1341 4021 1404 4061 cum
1426 4006 1510 4072 lesu3
1526 4023 1596 4061 nom
1612 4006 1662 4062 boc
1687 4005 1808 4062 dicimus

158 4092 217 4146 cati
226 4105 325 4146 sumus
339 4088 501 4144 testimoniis
516 4089 729 4161 Scripturarum.
1008 4095 1081 4150 vedu
1095 4096 1127 4150 in
1143 4096 1222 4151 uerbo
1232 4096 1355 4150 Domini.
1373 4095 1448 4149 Deus
1462 4094 1595 4150 animhoc
1609 4093 1689 4149 nobis
1704 4093 1810 4150 revela-

194 4179 266 4236 llare
280 4177 414 4234 Dominus
430 4176 528 4233 vindex
543 4187 584 4234 est
598 4178 632 4234 de
648 4179 710 4247 bis;
732 4196 802 4235 nom
812 4180 887 4236 Deus
900 4197 958 4237 non
1009 4182 1055 4250 vit,
1072 4183 1147 4254 quio,
1165 4182 1249 4238 idest
1264 4183 1348 4254 quod,
1365 4199 1416 4238 nos
1430 4184 1478 4255 qui
1498 4183 1617 4239 vivimus
1632 4183 1664 4238 in
1683 4182 1809 4239 aduentu

157 4267 324 4324 uocauitnos
334 4269 366 4322 in
375 4266 589 4323 immunditiam
600 4268 775 4339 operandam,
785 4269 833 4324 sed
844 4271 876 4324 in
886 4285 955 4324 san·
1008 4271 1130 4337 Domini,
1147 4275 1177 4326 et
1197 4271 1248 4343 qui
1266 4270 1375 4326 residui
1394 4287 1493 4326 sumus
1506 4278 1546 4326 tot
1566 4271 1656 4326 malis.
1679 4270 1759 4327 Ponit
1778 4286 1808 4326 sa

156 4355 359 4424 ctifiectionem
378 4354 543 4424 habendam,
561 4362 587 4411 et
610 4357 675 4428 quia
697 4356 793 4412 nonin
809 4357 1087 4431 immundi-nquam
1103 4359 1222 4414 futurum
1238 4359 1266 4413 in
1285 4359 1329 4414 die
1352 4358 1457 4424 ultimo,
1482 4359 1544 4415 ideo
1564 4359 1628 4431 quia
1651 4359 1807 4430 persecutio

156 4442 232 4510 tiam,
267 4444 316 4499 sed
348 4443 455 4500 vocavit
474 4459 526 4500 nos
548 4445 623 4501 Deus
645 4445 673 4500 in
705 4444 954 4501 sanctificationem.
987 4446 1193 4518 ,apostolorum
1208 4456 1235 4503 et
1249 4447 1369 4502 fidelium
1384 4447 1436 4502 sub
1454 4447 1621 4503 Antichristo
1645 4447 1806 4514 futurorum,

156 4532 310 4604 linquaqui
324 4534 436 4605 spernit
451 4531 501 4588 boc
515 4533 739 4600 cavere,scilicet
753 4532 957 4590 afornicatione
1007 4535 1088 4590 simili
1115 4534 1272 4591 difficultate
1294 4536 1509 4606 comparabitur.
1535 4536 1612 4592 Unde
1636 4535 1709 4591 idem
1732 4535 1806 4591 alibi.

156 4626 184 4676 at
197 4619 338 4687 adulterio,
357 4637 415 4677 non
431 4626 540 4693 spernit
556 4621 708 4687 bominem,
734 4622 781 4677 sed
795 4622 893 4690 Deum,
911 4621 957 4694 qui
1006 4625 1063 4680 Nos
1092 4640 1215 4679 sumus«
1241 4624 1269 4679 in
1298 4640 1366 4696 quos
1394 4624 1462 4679 fines
1504 4624 1598 4680 saculi
1639 4625 1808 4680 devenerunt

153 4716 233 4766 rorat
248 4709 275 4764 in
297 4707 563 4765 sanctificationem:
590 4709 694 4780 spernit
715 4708 796 4764 etiam
819 4709 957 4780 hospitem
1006 4713 1032 4784 (l
1044 4712 1104 4770 Cor.
1126 4728 1156 4779 x,
1183 4714 1237 4783 ll).
1258 4731 1267 4765 r
1287 4714 1350 4780 ttos,
1367 4713 1488 4785 inquam,
1514 4715 1562 4786 qui
1586 4712 1695 4769 residui
1708 4728 1808 4768 summ

152 4813 232 4854 suum
247 4796 378 4868 Spiritum
407 4804 541 4852 sanctum.
565 4795 645 4865 Quod
667 4796 707 4852 sic
730 4797 789 4852 ait:
809 4798 860 4866 Qui
882 4799 956 4854 Deus
1005 4800 1807 4874 inaduentullomini,nonproereniemuseesquidormie-

152 4885 230 4941 dedit
247 4886 386 4958 Spiritum
410 4900 492 4941 suum
512 4889 644 4940 sanctum
667 4885 699 4940 in
718 4886 807 4955 nodis,
832 4901 913 4958 quem
933 4887 956 4943 si
1005 4894 1076 4945 runt
1090 4889 1117 4943 in
1133 4889 1332 4945 resurrectione
1348 4890 1394 4961 qui
1414 4898 1478 4945 ante
1501 4904 1551 4944 uos
1575 4888 1755 4959 dormierunt,
1779 4895 1808 4943 ut

152 4972 239 5028 Deum
255 4973 391 5042 spernitis,
409 4989 469 5028 cum
485 4973 544 5027 Deo
559 4981 678 5044 spretum
702 4974 824 5045 perditis.
841 4975 882 5030 lie
896 4975 954 5031 for·
1005 4977 1143 5032 Abraham
1159 4985 1185 5032 et
1200 4985 1325 5033 caeteros.
1343 4979 1373 5031 lu
1389 4978 1441 5033 boc
1458 4993 1540 5033 versu
1564 4985 1708 5047 utrumque
1728 4974 1803 5041 feeit,

151 5059 288 5116 nicatione
303 5067 330 5115 et
353 5060 484 5116 adulterio
507 5060 546 5116 sic
570 5076 620 5116 vos
649 5061 823 5130 instruimus;
841 5064 889 5119 aed
921 5065 955 5120 de
1005 5074 1031 5120 et
1045 5065 1186 5121 veritatem
1210 5065 1418 5122 resurrectionis
1441 5066 1563 5120 omnium
1585 5063 1756 5136 approbavit,
1781 5071 1807 5119 et

152 5146 295 5202 claritate
302 5149 500 5217 fraternitatis
508 5149 706 5205 nonnobemus
715 5150 954 5208 neeessescribere
1005 5153 1039 5208 de
1055 5153 1152 5224 quibus
1167 5153 1333 5221 dubitabant,
1360 5169 1454 5208 eorum
1478 5153 1708 5209 resurrectionem
1729 5152 1806 5223 prius

150 5234 235 5302 uobis
251 5235 317 5306 quio
328 5235 431 5306 vosipsi
442 5236 585 5292 didicistis
601 5239 682 5294 odeo
693 5238 737 5293 vel
749 5238 863 5294 interius
874 5239 955 5309 inspi-
1003 5239 1122 5296 futuram
1137 5258 1198 5297 esse
1213 5241 1345 5297 ostendit.

149 5330 239 5390 rante,
254 5323 298 5378 vel
326 5322 355 5377 in
368 5318 520 5394 Evangelio
542 5326 594 5380 boc
618 5324 743 5392 docente,
768 5331 802 5382 ut
826 5328 953 5397 ditinctis
1039 5330 1090 5386 Hic
1104 5338 1194 5386 tamen
1208 5330 1356 5385 notandum
1377 5330 1450 5402 quod
1472 5331 1608 5399 Justorum
1622 5329 1807 5387 resurrectio-

148 5411 281 5480 inricem,
311 5411 357 5468 ubi
389 5410 449 5498 ait:
469 5434 479 5459 1
511 5413 570 5469 Hoc
597 5420 639 5470 est
670 5422 835 5487 praeceptum
862 5431 953 5471 meum
1002 5432 1066 5473 nem
1093 5418 1263 5475 solummodo
1294 5419 1433 5490 approbat.
1458 5419 1528 5474 Vere
1552 5433 1602 5474 nos
1626 5418 1728 5474 residui
1752 5433 1807 5474 uon

399 5516 410 5542 1
