3742 5986
111 133 143 187 'il
391 128 419 185 S.
439 120 617 184 BRUNONIS
635 120 960 180 CARTHUSthORUM
977 119 1218 180 INSTlTUTOlllS
1237 119 1314 179 OPP.
1334 120 1423 179 phas
1441 123 1475 177 11.
1721 125 1754 180 ta

110 256 182 312 Nam
194 269 253 311 acu
263 258 306 311 est
321 254 449 326 subiecta
465 253 519 326 ieqt
531 252 591 318 Dei,
608 249 658 306 sed
672 247 788 320 imperio
804 247 905 304 carnis.
917 252 944 310 Α
957 247 1007 303 Dei
1022 247 1144 322 agimini,
1161 256 1187 304 et
1200 247 1293 305 uivere
1308 247 1414 315 vivetis,
1440 246 1505 319 qaia
1527 245 1575 302 filii
1594 245 1644 303 Dei
1660 246 1748 304 eritis.

111 345 174 401 Non
188 351 229 399 est
256 343 388 412 subjecta,
418 344 485 416 quic
506 355 557 398 uec
582 355 641 396 esse
662 342 753 411 potest
777 337 907 405 subiecta,
959 336 1038 406 Quod
1052 337 1091 393 sic
1106 337 1142 392 ait
1159 352 1165 391 ε
1183 338 1252 393 Vere
1276 336 1299 392 si
1316 336 1543 393 mortificaveritis
1559 352 1680 405 samem,
1702 352 1752 407 per

111 432 230 505 quandiu
245 431 403 488 carnalitati
425 431 555 486 adhaeret.
572 427 643 498 Quid
659 427 732 482 enim
747 441 909 482 enumerare
959 425 1083 496 spiritum
1099 425 1205 482 vivetis.
1228 428 1299 482 llam
1325 427 1482 499 quicunque
1501 429 1627 498 aquetur
1640 426 1751 498 Spiritu

109 537 202 594 qaaero
217 520 326 593 singula
341 520 446 586 dicens,
469 517 610 591 pmdentia
625 515 715 572 earnis
737 523 778 572 est
792 530 867 571 mors
882 522 909 570 ει
956 516 1007 570 Dei
1017 515 1103 586 (quod
1117 522 1159 571 est
1173 515 1339 571 mortificare
1355 514 1425 571 lacta
1440 515 1554 586 earnis),
1571 516 1602 570 hi
1616 518 1685 570 saut
1696 514 1752 584 filii

110 609 222 666 inimica
237 610 320 665 Deo?
335 617 363 664 ut
372 608 469 680 paucis
479 605 711 678 comprehendam
727 621 733 661 :
750 605 909 677 quicunque
959 604 1020 672 liei,
1037 612 1062 658 et
1076 604 1134 660 haec
1150 612 1190 659 εει
1205 605 1259 660 vita
1273 612 1387 660 aetema.

109 703 178 756 suat
193 700 225 755 irs
241 713 337 762 carce,
351 697 378 752 id
394 696 476 752 estin
490 694 657 760 carnalitate,
674 692 794 766 qnandiu
809 691 907 747 ibide·
995 693 1140 762 Postquam
1169 692 1234 747 satis
1267 691 1467 748 commendavit
1503 691 1594 764 legem
1630 691 1752 764 spiritus,

110 787 237 852 linantur,
253 787 639 858 Deoptacereuorspossurst.
657 782 727 850 Quia
741 780 909 836 mododixe-
958 780 1076 836 ostendit
1102 789 1200 853 quanta
1229 781 1327 836 utilitas
1362 780 1396 835 sit
1427 780 1506 836 nobis
1538 796 1587 851 per
1624 780 1754 851 Spiritum

110 882 161 941 rat,
178 875 224 948 qui
239 875 267 929 in
281 890 362 931 carne
377 881 439 929 sunt
454 874 513 928 Deo
527 872 635 945 placere
651 878 845 943 nequeuntne
859 885 909 940 per
959 878 1091 939 sanetum,
1122 870 1195 941 quod
1222 869 1278 939 jam
1302 869 1402 940 partim
1423 884 1507 940 supra
1530 868 1656 925 ostendit.
1682 871 1754 925 Vere

111 964 163 1020 hoc
190 964 338 1032 deterreret
365 963 520 1028 Romanos,
545 960 591 1032 qui
618 960 692 1031 prius
716 957 908 1028 justificatione
958 956 1005 1011 filii
1033 958 1109 1013 estis.
1140 960 1200 1015 Nou
1224 960 1301 1015 euim
1324 959 1379 1028 jam
1408 958 1474 1013 estis
1503 958 1585 1025 servi,
1612 958 1685 1030 quod
1714 959 1754 1015 sic

110 1060 231 1123 accepta,
246 1052 281 1107 ad
295 1051 388 1123 aliqua
403 1058 515 1121 peccata
530 1048 630 1120 relapsi
642 1048 759 1115 inerant,
772 1048 909 1104 demulcet
960 1047 1020 1102 ait:
1049 1047 1105 1102 Vos
1130 1047 1241 1119 quidem
1269 1049 1418 1120 accepistis
1445 1049 1588 1120 spiritum,
1620 1047 1669 1102 sed
1698 1063 1753 1103 non

110 1156 159 1197 eos
172 1140 347 1206 blandiendo,
363 1147 454 1195 tamen
465 1155 526 1211 quae
549 1137 672 1193 iacienda
695 1137 749 1191 sint
762 1136 801 1191 eis
815 1144 908 1207 aperte
959 1135 1079 1206 spiritum
1094 1138 1242 1192 seruitutis
1259 1154 1265 1189 :
1283 1144 1311 1190 ut
1325 1135 1440 1206 amplius
1460 1136 1531 1191 servi
1547 1135 1624 1204 sitis,
1650 1143 1677 1190 et
1691 1150 1753 1191 ser-

111 1229 262 1286 insinaans.
280 1226 333 1297 Qui
348 1227 374 1282 in
399 1244 482 1284 carne
505 1234 567 1281 sunt
581 1227 639 1281 Deo
654 1225 763 1296 placere
777 1241 832 1280 non
847 1240 908 1296 ροε-
958 1225 1037 1281 viatis
1051 1226 1158 1280 iterum
1180 1227 1212 1281 iu
1236 1227 1347 1281 timore.
1373 1227 1443 1280 Dum
1460 1224 1531 1279 enim
1548 1224 1597 1279 sub
1613 1224 1675 1296 lege
1691 1241 1755 1279 era-

112 1326 184 1373 sunt.
201 1317 255 1373 Sed
264 1334 319 1385 aas,
332 1315 483 1383 ollomani,
493 1330 551 1370 uon
556 1315 620 1385 jam
628 1315 698 1370 estis
710 1315 741 1369 iu
749 1331 844 1380 carue,
857 1328 908 1369 nec
959 1313 1003 1378 tis,
1020 1312 1101 1369 4⁸1
1119 1313 1216 1369 timore
1230 1329 1371 1384 poenamm
1386 1329 1454 1385 qaas
1469 1313 1511 1368 lex
1522 1313 1679 1368 minabatur
1694 1329 1753 1368 ser·

109 1422 158 1464 vos
173 1406 201 1460 in
216 1422 299 1462 carne
313 1404 516 1476 esseintelligo,
528 1404 576 1459 sed
590 1402 657 1459 estis
672 1405 703 1458 ih
718 1403 832 1476 spiritu.
850 1403 908 1459 llac
958 1402 1073 1457 aiebatis
1090 1420 1097 1456 ε
1113 1403 1159 1474 qui
1182 1409 1273 1458 autem
1293 1403 1391 1458 timore
1412 1418 1502 1474 poenae
1524 1402 1615 1469 servit,
1641 1418 1753 1473 posnam

109 1494 266 1552 conditione
281 1502 373 1549 tamen
402 1508 451 1549 vos
474 1507 534 1548 εεεε
550 1492 577 1546 in
592 1491 688 1563 spiritu
708 1491 908 1562 pronuntiari
959 1491 1058 1557 evadit,
1085 1489 1200 1562 gloriam
1222 1507 1276 1546 non
1305 1498 1435 1546 meretur.
1464 1490 1593 1561 Spiritum
1615 1489 1754 1545 servitutis

111 1586 233 1657 Spiritus
249 1584 393 1654 Cuiquam
421 1582 449 1636 in
464 1581 597 1652 baptismo
612 1579 759 1651 accepistis
785 1580 943 1667 hahitat,B
958 1578 1051 1650 utique
1064 1594 1118 1634 noa
1136 1579 1290 1650 accepistis,
1303 1579 1511 1651 sedjaccepistis
1523 1580 1658 1651 spiritum
1672 1579 1755 1651 odop-

111 1672 139 1727 id
153 1681 195 1727 est
208 1679 369 1742 perseverat
382 1674 413 1727 iu
429 1671 514 1727 vohis.
530 1671 559 1726 Si
574 1671 635 1742 quis
649 1674 747 1725 autem
763 1671 829 1741 (non
844 1669 907 1724 dieo
959 1668 1045 1723 tionis
1055 1668 1190 1736 filiarum,
1207 1667 1235 1722 id
1250 1676 1291 1722 est
1305 1684 1354 1737 per
1369 1683 1449 1739 quem
1464 1666 1628 1737 adoptamini
1644 1664 1754 1722 infilius

110 1761 145 1817 de
159 1760 248 1828 vobis,
264 1760 313 1815 sed
327 1758 481 1833 quicunque
495 1758 540 1814 ille
554 1757 599 1830 sit)
615 1757 660 1830 qui
675 1775 733 1814 nou
749 1758 831 1814 hahet
849 1758 908 1829 Spi-
957 1755 1015 1810 Dei.
1031 1757 1063 1811 ha
1079 1773 1131 1828 quo
1150 1755 1246 1827 spiritu
1269 1756 1395 1821 docente,
1412 1771 1462 1811 nos
1480 1756 1640 1811 clamamus
1655 1771 1664 1807 :
1680 1755 1752 1811 Atha

109 1852 200 1906 ritum
213 1848 326 1914 Christi,
340 1848 384 1904 hic
395 1865 452 1904 aaa
471 1852 514 1904 est
528 1850 599 1919 ejus,
615 1846 719 1903 seilicet
735 1846 794 1912 Dei,
819 1845 848 1901 id
866 1853 908 1900 εει
956 1844 1305 1916 (pater).hbbaHebraeum
1314 1853 1364 1910 est,
1373 1842 1530 1916 significans
1540 1843 1568 1898 id
1578 1844 1650 1915 quod
1664 1851 1752 1915 pater,

109 1954 164 1994 non
179 1938 261 1993 habet
275 1944 380 2008 partem
396 1952 456 1993 eum
471 1937 529 1992 Deo
541 1936 601 1991 ,Ηίε
615 1935 694 2006 plane
702 1934 820 1990 ostendit
835 1935 906 2005 hpo·
956 1932 999 1987 vel
1012 1940 1088 2003 pater
1103 1931 1238 1989 Graecum.
1261 1933 1325 1988 ldeo
1347 1932 1485 1988 habraam
1500 1948 1595 1989 vocem
1610 1935 1709 2003 posuit,
1727 1940 1754 1989 et

112 2026 197 2081 stolus
214 2025 344 2096 Spiritum
365 2024 404 2080 sic
429 2039 447 2079 a
469 2022 546 2090 Filio,
571 2031 630 2078 uta
653 2024 731 2078 Patre
745 2022 905 2093 procedere,
956 2036 1052 2077 vocem
1066 2021 1197 2092 gentium,
1210 2038 1258 2077 seu
1269 2037 1396 2093 gracum,
1414 2037 1461 2076 seu
1476 2020 1598 2088 latinam,
1614 2028 1644 2076 ut
1658 2029 1754 2078 osteu-

111 2111 157 2167 ubi
172 2110 209 2163 ait
230 2108 361 2180 Spiritum
377 2107 436 2174 Dei,
453 2115 479 2163 et
494 2107 625 2178 Spiritum
647 2106 758 2176 Christi,
786 2113 812 2160 et
834 2104 907 2177 quod
956 2108 1002 2163 dat
1029 2116 1172 2181 utmmque
1198 2109 1337 2180 populum,
1366 2109 1489 2165 tudaeum
1518 2118 1544 2165 ει
1572 2110 1700 2182 gentilem
1725 2110 1753 2165 in

109 2198 182 2254 idem
197 2197 232 2251 sit
248 2197 362 2268 Spiritus
376 2196 437 2265 Dei,
453 2204 480 2251 ει
496 2195 610 2266 Spiritus
634 2194 744 2250 Christi.
760 2195 790 2250 Si
809 2198 907 2250 autem
956 2197 1074 2253 novitate
1096 2198 1207 2268 spiritus
1231 2198 1330 2254 debaro
1360 2200 1464 2253 servire
1489 2200 1557 2269 Deo,
1580 2213 1634 2254 nou
1652 2198 1753 2268 jamin

112 2286 250 2352 Christus,
268 2285 296 2340 id
310 2293 351 2340 εει
361 2284 478 2356 Spiritus
487 2284 593 2350 Christi,
610 2288 654 2340 est
667 2286 699 2339 iu
709 2283 792 2346 uobis,
805 2298 906 2355 corpus
956 2292 1087 2341 vetustate
1102 2285 1206 2342 litterae.
1231 2287 1301 2341 Vere
1325 2285 1352 2340 in
1368 2286 1463 2356 spirita
1487 2288 1664 2343 clamamus:
1680 2288 1753 2343 dhha

109 2374 222 2448 quidem
244 2377 370 2431 uestrum
394 2377 540 2429 mortuum
558 2377 609 2439 est,
636 2371 663 2427 id
686 2380 727 2427 est
749 2370 907 2427 mortalitati
956 2374 1070 2446 (pater).
1086 2375 1155 2428 Nam
1172 2376 1297 2447 Spiritus
1318 2383 1428 2431 sanctus
1444 2375 1536 2431 reddit
1558 2375 1752 2431 testimonium

110 2463 199 2520 adhuc
215 2463 336 2531 subjacet
350 2466 468 2535 propter
480 2465 639 2533 peccatum,
656 2460 682 2515 id
694 2468 735 2516 est
743 2460 787 2516 vel
795 2467 907 2531 propter
955 2463 1073 2535 spiritui
1080 2467 1187 2529 aestro,
1210 2462 1237 2517 id
1261 2471 1301 2518 est
1312 2463 1392 2519 docet
1412 2463 1544 2519 rationem
1566 2472 1685 2518 nostram
1699 2464 1753 2519 boc

108 2568 214 2624 punam
242 2550 356 2622 peceati,
386 2550 430 2606 vel
444 2558 557 2620 propter
580 2550 740 2617 custodiam,
756 2566 791 2605 ne
806 2548 906 2604 iterum
955 2551 1026 2624 qaod
1048 2567 1147 2607 samus
1160 2551 1217 2622 filii
1240 2553 1299 2607 Dei.
1315 2551 1375 2606 Nisi
1399 2550 1471 2606 enim
1487 2551 1604 2623 Spiritus
1618 2553 1669 2607 hoe
1682 2550 1752 2605 insi-

107 2640 213 2696 cadatis
235 2656 284 2711 per
306 2638 450 2695 elationem
467 2656 475 2705 ;
494 2653 593 2708 eorpus
624 2637 733 2710 quidem
754 2638 842 2693 adhuc
865 2644 907 2692 est
954 2647 1061 2706 nuarat,
1077 2640 1246 2696 nesciremus
1269 2655 1319 2695 nos
1341 2656 1403 2695 esse
1428 2639 1498 2695 lilios
1516 2640 1575 2695 Dei.
1600 2640 1629 2696 Si
1652 2645 1751 2696 cutem

109 2726 443 2801 mortuamzsedspiritus
455 2733 546 2782 vester
550 2726 608 2796 jam
618 2725 905 2798 uiuitpropterjusti·
955 2744 1049 2783 sumus
1063 2728 1343 2797 pretermiserunt
1359 2727 1490 2785 haeredes.
1507 2730 1577 2784 Eece
1588 2728 1661 2800 quod
1676 2727 1752 2783 utili-

108 2816 280 2887 ficationem,
297 2816 324 2871 id
352 2823 394 2871 est
409 2831 458 2886 ρει
486 2830 571 2886 ορειε
590 2814 701 2883 justitiae
724 2831 785 2885 quae
798 2821 906 2870 exercet
956 2823 1026 2871 tates
1041 2825 1102 2871 sunt
1117 2817 1196 2872 nobis
1219 2833 1270 2889 per
1289 2817 1430 2888 Spiritum.
1448 2817 1527 2872 Prius
1542 2817 1704 2887 adoptamur
1722 2817 1750 2872 in

106 2904 273 2976 justificatus
288 2919 305 2959 a
319 2903 447 2976 peccatis,
464 2903 510 2959 ubi
534 2903 594 2958 ait:
616 2902 644 2958 Si
668 2902 790 2958 Christus
813 2909 855 2958 est
876 2901 905 2956 in
955 2903 1035 2960 tilios.
1052 2905 1156 2960 Dehine
1180 2904 1341 2961 clamamus.
1367 2906 1497 2962 Haeredes
1510 2905 1590 2961 etiam
1607 2906 1750 2962 coustitui-

109 2993 195 3061 vobis,
216 2993 302 3048 innuit
323 2993 460 3048 Christum
490 3000 516 3047 ει
539 2991 667 3062 Spiritum
688 2998 812 3046 sanctum
832 2964 940 3045 idernc
954 3009 1025 3063 mur,
1041 3008 1092 3049 nec
1113 2993 1174 3049 vilis
1197 2994 1373 3064 haereditatis,
1390 2994 1439 3049 sed
1463 2993 1586 3051 haeredes
1609 2996 1668 3060 Dei,
1686 2994 1751 3066 qaia

113 3098 174 3138 esse
189 3083 216 3137 in
232 3081 383 3137 substantia
404 3080 527 3136 Deitatis.
542 3081 600 3135 Nec
616 3080 703 3136 solum
717 3095 766 3151 per
780 3078 904 3149 spiritam
955 3082 1028 3137 Deus
1055 3080 1198 3136 distribuet
1221 3082 1300 3137 nobis
1324 3081 1508 3138 haereditatem
1531 3099 1628 3152 suam,
1657 3082 1684 3137 id
1709 3090 1750 3137 est

109 3170 278 3227 habitantem
293 3169 320 3224 in
344 3168 431 3238 vobis,
453 3169 534 3225 vitam
557 3167 668 3239 spiritns
693 3167 836 3233 habebitis,
854 3167 903 3222 sed
954 3169 1034 3225 totius
1057 3169 1121 3225 boni
1160 3169 1357 3226 sufficientiam.
1390 3171 1418 3226 Si
1439 3171 1586 3243 quaerimas
1614 3171 1750 3243 quamodo

108 3259 221 3316 etiamsi
231 3259 356 3331 Spiritus
366 3259 427 3330 ejus
438 3255 902 3329 quisuseitavitiesumomortuis,
953 3273 1048 3313 sumus
1062 3258 1185 3315 haeredes
1200 3258 1260 3326 Dei,
1277 3274 1339 3316 eum
1353 3260 1526 3317 usushabeat
1541 3260 1749 3316 lraeredemesse

107 3364 159 3420 pro
174 3348 226 3404 hac
241 3361 326 3403 causa
341 3345 402 3419 quia
418 3345 533 3416 Spiritus
548 3353 657 3401 sanctus
672 3344 700 3399 in
714 3360 748 3400 eo
762 3343 902 3400 habitavit.
953 3354 1042 3403 morte
1069 3347 1246 3404 decessoris?
1273 3348 1455 3420 respondetur
1477 3349 1539 3420 qaia
1566 3350 1649 3413 Deus,
1679 3362 1747 3419 quo-

107 3436 145 3503 Si,
162 3435 258 3508 inquit,
276 3434 349 3490 idern
361 3433 476 3504 Spiritus
491 3434 600 3490 habitat
611 3435 642 3489 iu
657 3433 740 3501 uehis,
752 3433 905 3502 vivificabit
953 3435 1101 3491 dammodo
1129 3436 1208 3492 nobis
1232 3435 1364 3492 morietur
1391 3437 1419 3490 in
1443 3435 1532 3491 sutura
1564 3436 1747 3502 beatitudine,

105 3525 194 3582 etiam
204 3523 341 3579 mortalia
349 3538 465 3595 corpora
476 3521 660 3588 uestra,lacta
669 3520 832 3577 immortalia
841 3536 904 3592 pro-
954 3524 1102 3581 secundum
1115 3526 1167 3580 hoc
1183 3524 1256 3595 quod
1276 3539 1348 3579 nunc
1362 3523 1486 3579 videmus
1509 3539 1571 3577 eum
1585 3540 1634 3594 per
1648 3540 1749 3593 specu-

105 3620 166 3685 pter
180 3611 438 3677 eamdemcausam,
450 3610 554 3667 scilieet
568 3609 903 3682 propteriuhahitautem
953 3611 1009 3666 lum
1036 3613 1104 3667 etin
1118 3611 1273 3683 aenigmate,
1290 3619 1353 3666 tunc
1380 3617 1471 3665 autern
1495 3609 1563 3665 faeie
1591 3610 1626 3665 ad
1650 3610 1749 3666 faeiem

107 3702 246 3775 Spiritum
261 3702 322 3773 ejus
343 3701 374 3755 io
393 3699 477 3755 vohis.
489 3698 524 3753 Et
538 3697 600 3771 quia
612 3686 655 3753 'sie
669 3697 704 3752 de
718 3696 797 3753 vobis
811 3696 903 3752 iacere
953 3715 1047 3754 samus
1056 3698 1151 3754 visuri.
1163 3698 1293 3754 Haeredes
1303 3699 1405 3753 erimus
1413 3698 1473 3764 Dei,
1485 3697 1640 3754 cohaeredes
1651 3703 1749 3754 autem

106 3788 202 3860 possit,
219 3795 245 3842 et
258 3787 384 3842 lactarus
412 3786 446 3840 sit
465 3784 650 3859 praesignavit,
666 3783 695 3838 in
714 3799 748 3840 eo
762 3783 834 3857 quod
845 3785 902 3854 jam
955 3785 1068 3851 Christi,
1085 3785 1148 3857 quia
1170 3785 1296 3842 eamdem
1310 3786 1496 3842 haereditatem
1516 3785 1748 3858 quemchristus,

104 3876 257 3933 suscitavit
268 3876 363 3931 tesam
375 3874 520 3931 Christum
530 3874 686 3931 amortuis.
950 3874 978 3929 id
992 3873 1270 3945 estineormptionem
1280 3874 1429 3931 secundum
1441 3891 1552 3931 earnem
1563 3876 1644 3930 modo
1652 3884 1747 3930 nostro

141 3963 211 4032 Qaria
225 3963 248 4018 si
263 3962 395 4034 quaeritur
421 3978 505 4035 quare
520 3961 645 4017 Christus
661 3968 723 4018 ante
747 3975 842 4016 omnes
857 3959 902 4015 in·
951 3962 1127 4034 accipiemus.
1144 3963 1271 4019 llareetes
1287 3963 1351 4019 dicit
1371 3964 1425 4030 bei,
1443 3964 1515 4018 velut
1526 3964 1584 4033 ejus
1600 3964 1677 4033 cajus
1702 3972 1744 4018 est

103 4050 285 4123 corruptibilis
311 4049 456 4107 suscitatus
484 4049 538 4105 siti
565 4048 748 4121 respondetur
761 4047 824 4104 ideo
839 4048 901 4120 qaia
953 4051 1106 4120 haereditas,
1131 4067 1245 4124 eamque
1273 4051 1418 4106 distribuit.
1446 4051 1603 4108 Coheroedcs
1629 4051 1745 4118 Christi,

104 4141 139 4197 de
154 4139 256 4211 Spiritu
272 4146 365 4195 saneto
380 4145 529 4209 conceptus
543 4137 577 4193 sit
593 4157 600 4205 ;
618 4137 680 4210 quia
691 4144 832 4209 peccatum
846 4152 902 4192 non
951 4139 1025 4196 velut
1040 4139 1098 4209 ejus
1113 4140 1160 4212 qui
1186 4140 1327 4197 nobiscum
1341 4148 1445 4211 partem
1460 4139 1548 4211 capiat
1562 4139 1742 4196 haereditatis.

104 4229 177 4296 lecit,
194 4237 220 4284 ει
235 4227 299 4300 quia
314 4244 365 4300 ρει
387 4243 451 4283 eum
465 4226 699 4298 incorruptionem
712 4241 808 4281 omnes
823 4223 901 4281 habi·
952 4228 1115 4284 Cahaeredes
1128 4229 1229 4284 erimus
1257 4229 1367 4296 Christi,
1397 4229 1450 4284 hac
1478 4238 1568 4283 tamen
1591 4229 1746 4285 conditione

104 4317 156 4373 turi
167 4324 238 4384 sunt,
255 4317 368 4390 dignum
383 4314 433 4371 luit
452 4322 481 4370 ut
505 4330 600 4372 omnes
616 4314 644 4368 in
658 4315 720 4384 hoc,
735 4321 762 4370 ει
776 4315 937 4384 ιειιιροιεῙ)
952 4316 1014 4372 dico
1030 4319 1073 4373 :si
1087 4318 1279 4389 compatimur
1294 4317 1399 4373 Christo
1421 4333 1476 4372 non
1490 4317 1639 4372 intentione
1654 4317 1743 4373 laudis

103 4404 276 4478 praeveniret,
294 4413 320 4460 et
333 4405 395 4475 plus
416 4404 542 4461 omnibus
555 4403 701 4476 acciperet.
725 4401 900 4474 Quandoqui·
951 4405 994 4461 vel
1008 4405 1076 4461 lueri
1090 4405 1259 4476 temporalis,
1275 4406 1324 4461 sed
1342 4409 1375 4461 ut
1393 4405 1593 4477 glorificemur,
1609 4405 1746 4460 desiderio

102 4495 166 4550 dem
181 4494 254 4549 Deus
269 4501 296 4549 ει
306 4493 364 4562 jam
379 4492 499 4549 animam
511 4490 669 4557 vivificavit,
685 4497 711 4546 ει
722 4489 900 4562 corpusvivi·
951 4501 1054 4549 tantum
1069 4501 1179 4549 aeternas
1199 4494 1295 4566 gloriae
1318 4493 1440 4564 compati
1454 4493 1546 4565 utique
1561 4494 1701 4558 debemus,
1718 4500 1747 4548 ut

104 4581 273 4652 iicebit,ch
283 4583 389 4652 fratres
393 4581 457 4652 jam
464 4596 625 4637 uousumus
633 4579 769 4635 debitores
777 4578 901 4644 caroi,id
951 4581 1145 4655 glorificemur.
1162 4584 1233 4639 Nam
1243 4581 1428 4655 egoexistimo
1443 4582 1482 4652 (ει
1495 4598 1590 4638 verum
1606 4581 1658 4652 εει)
1673 4581 1747 4653 quod

102 4670 211 4740 estjam
226 4668 293 4724 nibil
307 4668 439 4725 debemus
454 4667 614 4736 carnalitati,
631 4666 679 4723 sed
694 4666 799 4738 spiritui
814 4684 821 4733 ;
839 4665 901 4738 quia
950 4687 1047 4727 omues
1060 4672 1204 4742 passiones
1220 4670 1304 4742 hujus
1320 4672 1461 4742 temporis,
1477 4669 1505 4725 id
1519 4677 1745 4743 estquaetempo-

102 4757 288 4830 perspiritum
303 4756 430 4823 vivimus,
446 4756 575 4812 etadhuc
589 4753 796 4811 vivificabimur.
810 4755 901 4811 Debe-
950 4758 1022 4814 rales
1045 4766 1118 4826 sunt,
1140 4767 1165 4814 et
1191 4758 1279 4827 hujus,
1302 4757 1330 4813 id
1352 4765 1392 4813 εει
1414 4766 1465 4812 tam
1488 4758 1578 4813 brevis
1602 4757 1743 4828 temporis,

105 4863 167 4901 mus
181 4846 290 4918 quidem
305 4845 380 4902 carni
396 4861 456 4918 qum
469 4843 621 4901 necessaria
637 4843 741 4913 suntei,
756 4850 785 4898 ut
799 4842 900 4900 victum
950 4864 1008 4904 nors
1022 4851 1091 4902 suut
1102 4847 1248 4918 condique
1261 4845 1298 4902 ad
1312 4845 1520 4917 promerendam
1534 4848 1665 4917 suturam
1686 4846 1746 4916 qlo-

103 4941 130 4990 et
145 4941 330 5007 tegumentum
347 4952 354 5001 ;
371 4933 421 4989 sed
434 4932 533 4989 nonita
548 4932 671 4990 vivamus
685 4939 830 5004 sequentes
841 4946 901 4988 aar·
950 4935 1034 5001 mam,
1051 4951 1111 5007 quae
1125 4935 1296 4991 revelabitur
1303 4935 1334 4990 in
1345 4934 1498 5006 nohis,quia
1509 4950 1559 4989 nec
1569 4950 1620 4989 nos
1638 4933 1689 5005 ipsi
1701 4932 1746 5006 qui

102 5022 253 5078 nalitatem.
263 5023 293 5079 Si
303 5024 380 5078 euim
394 5021 551 5078 secuudum
565 5036 682 5078 caruem
692 5021 833 5087 vixeritis,
845 5035 900 5076 non
950 5038 1010 5078 eam
1024 5021 1141 5077 habituri
1155 5038 1258 5090 sumas,
1273 5038 1352 5094 quem
1376 5022 1458 5094 digna
1479 5030 1506 5078 et
1528 5038 1630 5095 magna
1653 5021 1686 5077 sit
1700 5021 1747 5076 in-

102 5110 555 5178 vivificabimini,sedmoriemiai.
569 5110 900 5180 Siautemsactacarnts
950 5110 1108 5182 telligimus.
1138 5112 1209 5167 Vere
1232 5111 1318 5185 gloria
1342 5112 1400 5167 haec
1427 5109 1590 5167 revelabitur
1605 5110 1633 5165 in
1647 5110 1740 5165 nobis.

103 5203 216 5258 mortua
221 5199 358 5272 feceritis,
369 5200 564 5271 perspiritum
579 5199 689 5264 vivetis,
702 5205 728 5254 et
743 5197 788 5253 hic
799 5212 899 5254 seeun-
949 5200 1020 5255 lVam
1043 5200 1204 5272 expectatio
1228 5203 1380 5269 creaturae,
1406 5198 1490 5255 idest
1505 5200 1587 5255 totius
1611 5197 1745 5254 Ecclesiae

102 5289 168 5345 dum
190 5287 320 5355 animam,
336 5295 363 5343 et
384 5286 413 5341 in
436 5285 524 5343 laturo
547 5286 697 5343 secundum
718 5285 841 5357 corporis
855 5285 900 5339 in·
949 5291 1096 5359 exspectat
1107 5288 1309 5344 revelationem
1323 5288 1449 5357 fitiorum
1463 5289 1521 5356 Dei,
1534 5295 1562 5343 at
1577 5295 1602 5343 et
1612 5287 1664 5357 ipsi
1675 5286 1747 5342 inter

102 5376 316 5450 corruptionem.
333 5376 367 5431 Et
389 5373 552 5433 mortificare
576 5375 682 5432 debetis
697 5393 704 5442 ;
720 5389 783 5429 nam
799 5372 901 5444 Spiritu
949 5374 1020 5432 lilios
1033 5375 1084 5433 Dei
1111 5376 1275 5434 revelentur.
1300 5375 1371 5445 Quia
1392 5375 1416 5431 si
1437 5375 1525 5433 omnis
1549 5375 1678 5433 Ecclesia
1692 5375 1746 5430 hoc
