3742 5986
165 196 218 252 ms
437 198 466 255 ε.
485 195 665 254 samonis
683 187 1008 254 cmmusunoauu
1025 191 1268 250 msrrroroms
1286 191 1363 251 ors.
1392 193 1479 251 raas
1500 192 1537 249 n.
1681 153 1684 163 ’
1760 191 1815 250 sos

168 322 252 392 fiant.
268 321 449 379 Prohibentes
462 321 525 377 ideo
541 323 840 395 utsempcrimpteont
850 323 1004 393 peccotoA
1020 340 1031 366 a
1050 334 1111 373 mus
1126 327 1239 390 propter
1252 334 1302 375 vos
1316 327 1378 375 ante
1405 318 1551 375 Dominum
1574 318 1662 374 Deum
1680 323 1814 383 nostrum,

169 425 238 475 suu,
264 409 352 466 donec
377 410 450 479 juste
490 417 518 467 et
545 409 709 466 sufficienter
737 409 846 481 probati
862 409 924 475 sint,
942 414 969 463 et
993 402 1001 416 “
1021 427 1032 453 a
1050 414 1131 462 nocte
1146 420 1179 462 ec
1200 404 1245 462 dle
1269 406 1447 463 abundantius
1472 413 1597 473 orantes,
1622 414 1651 460 ut
1674 405 1818 462 videamus

102 557 108 573 .
171 496 292 553 293
305 497 381 568 impii
392 498 426 552 ad
437 497 576 554 cumulum
585 497 766 553 damnationis
776 496 896 553 veniunt.
904 496 969 551 ldeo
1021 516 1032 542 l
1051 493 1147 551 taciem
1171 503 1306 560 vestram,
1331 501 1358 551 et
1384 495 1568 565 compleamus
1587 509 1621 549 eu
1643 509 1703 566 quae
1718 492 1818 549 desunt

172 582 212 640 sio
228 584 376 654 prohibent
390 586 456 658 quio
471 588 527 653 iro,
542 585 570 640 id
585 594 626 642 est
655 585 810 651 excaecatio,
827 585 877 639 Dei
890 585 969 640 venit
1020 581 1115 638 «fidei
1127 584 1249 638 vestrae?
1264 583 1327 654 lpse
1342 591 1431 639 autem
1447 584 1521 639 Deus
1536 590 1565 637 et
1576 583 1656 637 Pater
1669 589 1774 646 noster,
1791 588 1817 636 ει

170 687 255 745 super
283 673 349 730 illos
370 689 457 746 usque
472 674 504 728 in
533 675 629 742 finem,
646 672 755 745 quando
778 673 852 727 Deus
867 672 971 728 auleret
1021 690 1033 718 a
1049 669 1182 726 Dominus
1196 672 1277 726 iesus
1287 671 1410 727 Christus
1421 670 1470 745 [ot.
1483 669 1561 726 deest
1570 669 1705 741 Christus]
1716 668 1817 740 dirigat

171 760 344 817 velamende
360 755 489 816 cordibus
504 776 616 827 eorum,
633 769 659 816 et
674 769 737 816 tunc
752 759 970 832 reliquiaesalvae
1022 758 1123 814 «viam
1136 764 1260 813 nostram
1274 760 1308 814 ad
1322 775 1381 816 vos.
1412 760 1467 815 Vos
1486 765 1577 813 eutem
1592 757 1723 813 Dominus
1743 756 1817 811 mul-

170 845 235 902 lient
251 847 340 919 (Rom.
357 863 395 915 rx,
411 850 463 906 at:
479 864 519 915 xr,
536 848 575 919 b).
593 848 651 918 Vel,
668 865 754 921 usque
778 849 811 904 in
829 849 926 917 finem,
943 847 970 903 id
1023 867 1034 893 u
1051 846 1164 917 tiplicet,
1181 853 1208 902 ει
1223 846 1363 903 abundare
1378 846 1460 903 iaciat
1484 845 1642 902 charitatem
1655 851 1775 901 vestram
1790 844 1818 900 in

154 942 215 991 est
227 936 262 990 ad
290 944 417 1006 mortam,
443 935 551 1008 quando
577 937 721 992 tradentur
741 942 874 1007 perpetuo
901 935 969 1006 igni.
1024 955 1034 981 a
1053 933 1180 1004 invicem,
1197 934 1266 990 etin
1289 949 1394 1001 omnes,
1424 932 1651 1006 quemadmodum
1665 940 1692 988 et
1719 946 1772 988 nos
1789 932 1818 986 in

173 1022 208 1079 lit
221 1023 285 1095 quia
301 1037 349 1080 ros
365 1024 461 1081 eadem
476 1023 552 1094 passi
567 1024 643 1091 estis,
655 1023 728 1089 ideo,
740 1027 857 1096 tratres,
868 1022 972 1079 nosde·
1024 1043 1035 1069 a
1052 1020 1129 1077 vobis
1144 1021 1178 1076 ad
1194 1020 1382 1078 confirmanda
1400 1023 1592 1078 cordavestra
1614 1021 1674 1076 sine
1695 1020 1816 1092 querela,

176 1111 294 1166 solutio
311 1111 395 1179 uobis,
412 1127 496 1168 causa
510 1111 582 1167 enim
605 1111 783 1168 desolationis
805 1117 906 1167 nostrae
922 1127 971 1166 ve·
1023 1130 1034 1156 l
1052 1109 1080 1163 in
1102 1109 1244 1165 sanctitate
1257 1116 1320 1165 ante
1344 1110 1432 1166 Deum
1457 1117 1483 1165 et
1512 1109 1622 1164 Patrem
1644 1115 1776 1176 nostrum,
1791 1106 1819 1169 in

175 1197 267 1254 niebet
281 1214 298 1253 a
312 1199 402 1268 nobis,
419 1215 475 1256 non
496 1200 559 1272 quie
588 1198 780 1271 plangeremus
804 1198 971 1266 casum,sed
1012 1217 1036 1269 a
1054 1197 1173 1252 adventu
1187 1197 1296 1253 Domini
1313 1197 1402 1253 nostri
1415 1198 1480 1253 iesu
1496 1196 1595 1253 Christi
1617 1195 1821 1254 cumomnibus

177 1285 411 1356 quistimebsmus
426 1305 434 1341 ε
449 1286 569 1344 desolati
583 1287 645 1343 dico
655 1287 692 1342 od
708 1291 828 1360 tempus,
843 1286 871 1341 id
887 1293 928 1342 εει
939 1302 972 1343 ex
1025 1306 1037 1332 a
1054 1285 1155 1341 sanctis
1169 1286 1241 1355 ejus.
1260 1287 1357 1343 amen.
1375 1309 1385 1334 n

178 1388 233 1446 quo
243 1373 415 1431 Timotheum
432 1374 467 1429 ad
485 1389 535 1430 vos
544 1374 678 1442 misimus,
690 1373 779 1431 donec
788 1389 838 1445 per
847 1375 973 1431 eumdem
1132 1394 1135 1398 ’

177 1462 358 1519 constantiam
372 1469 493 1519 vestram
503 1461 674 1527 audivimus;
690 1462 738 1518 ubi
748 1462 829 1519 aitad
849 1467 971 1535 tempus,
1339 1447 1494 1489 mmm·

176 1547 262 1604 innuit
277 1564 324 1606 eos
339 1565 395 1606 non
409 1564 542 1621 peccasse
558 1565 564 1605 :
581 1549 701 1607 desolati
716 1550 778 1607 dico
792 1557 899 1606 remoto
913 1565 972 1617 ore,
1057 1566 1171 1635 psopter
1183 1565 1257 1636 quod
1272 1564 1339 1639 quea
1353 1565 1449 1621 eadem
1461 1563 1541 1635 passe
1555 1563 1633 1630 egiss,
1650 1569 1677 1620 ρῑ
1689 1563 1755 1638 (μὴ
1769 1580 1823 1622 „03

178 1635 207 1692 id
220 1644 262 1692 εει
277 1652 404 1693 sermone
421 1646 515 1694 nostro
540 1653 556 1692 a
575 1638 662 1705 vobis,
679 1647 706 1694 et
718 1642 835 1710 aspectu
844 1645 949 1694 remoto
965 1652 1147 1726 :Bassorum
1163 1668 1257 1708 sumus
1272 1669 1290 1709 a
1305 1653 1388 1719 nopes,
1405 1659 1432 1708 et
1444 1652 1508 1724 quia
1522 1668 1568 1709 ηρ,
1591 1653 1659 1708 egiss
1673 1652 1820 1725 maium,

177 1740 237 1780 000
248 1731 338 1781 000000
352 1732 458 1781 0000000
487 1724 570 1782 00000
585 1726 788 1793 0000000000οι
803 1741 885 1797 00000
898 1725 975 1797 prius
1026 1744 1055 1797 ct
1069 1747 1283 1806 coronanostra,
1298 1743 1416 1813 propter
1432 1740 1484 1796 hoc
1499 1756 1557 1797 non
1570 1741 1746 1797 sustinentes
1761 1757 1822 1796 om·

177 1811 377 1879 festinavimus
386 1812 479 1869 000000
489 1812 595 1884 0000000
610 1816 734 1870 00000000
748 1829 814 1870 0000
823 1814 915 1870 000000
925 1813 975 1869 00·
1026 1829 1114 1902 pttus‚
1131 1827 1295 1884 sustinentes
1310 1827 1373 1883 ideo
1392 1826 1431 1883 ait
1450 1827 1522 1900 quia,
1539 1828 1628 1885 donec
1653 1843 1703 1899 per
1728 1827 1823 1884 Timo·

177 1899 291 1956 0000000·
305 1898 378 1956 0000
388 1899 450 1956 0000
461 1916 526 1958 0000
536 1899 681 1967 00000000»
694 1904 828 1975 00000000
837 1903 978 1957 00000000
1026 1917 1120 1972 theum
1136 1914 1259 1973 294
1273 1915 1429 1972 consolatus
1448 1930 1497 1971 eos
1514 1923 1566 1983 cst,
1583 1923 1610 1972 ει
1629 1931 1680 1987 per
1697 1915 1824 1972 eumdem

177 1988 275 2044 venire
298 1986 334 2044 00
348 2004 405 2056 00οι
425 1996 451 2044 00
464 1987 493 2043 00
519 1988 580 2060 0000
595 1988 762 2058 0000001000
790 2003 911 2046 0000000·
923 1989 978 2061 000
1028 2005 1165 2077 quomodo
1180 2004 1208 2058 in
1222 2002 1275 2060 lide
1285 2011 1388 2060 starent
1397 2004 1511 2076 accepit,
1525 2003 1603 2075 quasi
1617 2018 1702 2074 grave
1715 2003 1824 2076 pondus

180 2074 294 2148 0000000
304 2076 423 2142 Paulus,
439 2075 571 2148 quidquid
586 2075 633 2131 000
646 2076 836 2147 000000000οῑ,
853 2080 882 2133 00
891 2078 980 2134 000000
1028 2092 1126 2147 timens
1141 2107 1236 2149 casum
1250 2106 1344 2148 eorum
1355 2091 1490 2148 sustinuit.
1510 2093 1572 2147 Non
1587 2091 1752 2148 sustinentes
1766 2107 1824 2147 am·

181 2166 212 2218 et
224 2163 331 2261 itemsm
346 2163 440 2219 venire
454 2162 547 2231 0010οι
564 2164 612 2221 000
623 2166 745 2222 Satanas
758 2165 907 2237 0000000000
916 2181 977 2221 nos.
1028 2180 1110 2251 plius,
1124 2181 1236 2252 placuit
1263 2180 1363 2246 nobis,
1382 2179 1449 2235 mihi
1472 2187 1501 2235 et
1525 2178 1656 2247 Silvano,
1680 2195 1829 2237 remunero

181 2249 294 2348 5000000
309 2249 383 2317 1000,
398 2257 442 2317 Ul,
459 2258 565 2308 0000000
587 2252 774 2309 000000000000
788 2252 921 2324 magistri,
936 2252 980 2308 [0-
1029 2268 1158 2333 Atbenis,
1168 2267 1245 2332 sotis,
1261 2266 1341 2322 idest
1352 2266 1428 2323 itaut
1438 2267 1490 2324 soli
1512 2267 1825 2324 essemusasclatioTi·

181 2336 608 2436 001ωο000οΝ00000000000·
624 2341 698 2396 [0000
719 2340 781 2397 0000
798 2341 850 2398 000
864 2355 981 2397 000000·
1029 2355 1133 2412 mothel
1149 2355 1196 2427 qui
1210 2348 1386 2413 necessarius
1399 2363 1459 2411 erat
1472 2355 1562 2412 nobis.
1578 2355 1629 2413 liic
1642 2353 1779 2429 significat
1790 2355 1826 2412 ab

182 2432 226 2495 ⁸¹²2
245 2433 275 2525 00
289 2441 339 2481 000
354 2425 389 2482 00
403 2426 552 2483 0000000000
567 2427 979 2501 0000000060000000000000·
1029 2443 1143 2500 Athenis
1167 2444 1237 2500 hanc
1256 2459 1286 2499 se
1305 2441 1436 2500 direxisse
1453 2443 1614 2514 Epistulam.
1636 2443 1826 2501 Remansimus

181 2520 244 2581 10²3
260 2513 322 2570 1000
352 2514 466 2614 misum
489 2514 640 2587 00000000,
666 2516 728 2588 ‘luia
754 2532 805 2573 000
832 2517 897 2573 0000
915 2533 979 2589 0000
1029 2531 1154 2598 Athenis,
1166 2536 1194 2588 et
1205 2533 1336 2588 misimus
1356 2533 1531 2589 Timotheum
1546 2535 1668 2605 fratrem
1681 2537 1824 2598 nostrum,

181 2601 569 2669 nostra‚ete·Ve¹1ta=1de0
588 2603 683 2660 venire
691 2604 833 2674 volumus,
846 2605 910 2677 qua
920 2622 982 2678 qua
1031 2622 1230 2677 erminonem
1242 2621 1292 2676 oa
1302 2623 1334 2676 tn
1344 2619 1647 2693 toanqettnmttrtnt.
1657 2620 1825 2677 commoneo

184 2694 228 2747 est
243 2693 343 2747 nostro
365 2706 427 2763 spes
442 2689 570 2747 habenda
597 2691 626 2747 in
647 2691 748 2759 tuturo,
765 2696 816 2749 cut
846 2692 919 2765 quod
941 2702 982 2750 est
1031 2724 1093 2764 eum
1111 2708 1199 2775 νοεῖς,
1217 2707 1826 2781 ipsumgudj10‚ppfflmm‚inquam‚0400„.

184 2776 325 2877 caudium*
335 2785 400 2835 0000
413 2778 512 2878 litium
526 2778 592 2877 0000
602 2787 737 2851 00000000,
749 2784 801 2838 000
812 2782 982 2854 000000900-
1031 2796 1248 2867 firmondosoos,
1263 2796 1334 2852 utin
1352 2796 1449 2852 melius
1459 2795 1639 2867 proficeretis.
1654 2795 1826 2853 Confirman-

184 2866 245 2934 000,
261 2865 290 2921 00
310 2874 353 2922 000
378 2866 508 2965 80000000
532 2866 600 2923 0100
613 2883 668 2924 000
697 2868 749 2924 trit
765 2868 913 2935 000000οῐ0,
932 2868 982 2925 000
1032 2884 1082 2941 dos
1096 2889 1126 2941 et
1140 2883 1825 2958 exhortandosdicoprofitevcstrocustodienda,

186 2970 289 3012 000000
304 2956 412 3025 0000000.
443 2954 472 3010 10
485 2962 537 3021 000,
558 2970 660 3012 000000
674 2956 795 3030 80000000
805 2977 819 3013 '²
832 2956 895 3015 0000
909 2957 982 3030 0000
1033 2989 1068 3027 ne
1083 2980 1153 3035 erret
1162 2973 1206 3029 rel
1213 2971 1330 3028 deliciet.
1343 2972 1554 3042 confirmandos
1564 2972 1627 3029 dico
1635 2977 1670 3029 ut
1678 2988 1761 3030 nemo
1771 2988 1827 3030 ues-

187 3049 229 3098 est
243 3043 379 3114 caudium
393 3049 420 3098 ει
448 3058 552 3102 corono
565 3045 653 3100 meai
669 3043 724 3100 Sed
737 3061 833 3103 nonne
846 3062 893 3105 uos
913 3048 981 3104 estis
996 3018 1020 3080 Ο
1033 3064 1111 3126 trum
1123 3064 1272 3118 moveatur
1289 3061 1321 3115 ιη
1342 3061 1571 3117 manumissam
1580 3062 1652 3127 sem,
1665 3069 1770 3133 quam
1779 3075 1827 3117 vos

185 3145 237 3202 mr
250 3130 395 3202 paemen
409 3131 563 3231 simposio
577 3147 649 3188 nuso
663 3141 726 3189 aare
753 3134 900 3190 nominum
914 3151 982 3192 nos·
1032 3147 1609 3220 prmissanospsumurusummm
1619 3148 1827 3216 moveamu-

187 3218 388 3276 000000000000
402 3221 478 3277 00000
492 3219 556 3277 0000
584 3235 688 3279 000000
701 3229 856 3294 0000000000
869 3222 938 3279 mihi
950 3224 983 3280 in
1032 3237 1090 3293 nuit
1111 3252 1159 3292 eos
1173 3235 1295 3292 nondum
1319 3243 1417 3304 motos,
1433 3243 1460 3292 et
1480 3252 1510 3292 se
1525 3236 1597 3293 nolle
1611 3236 1828 3293 saltemuuums

187 3306 313 3364 0000000
321 3310 397 3407 ,ttius
409 3307 482 3365 0000
499 3308 652 3366 00000000
665 3310 797 3382 Studium
810 3311 877 3366 mihi
892 3319 919 3368 00
932 3327 983 3369 00·
1033 3323 1209 3381 fidemoveri.
1219 3324 1278 3381 Nec
1289 3323 1394 3380 dehetis
1403 3323 1508 3380 moveri
1521 3342 1529 3392 3
1540 3325 1596 3397 ipsi
1604 3327 1681 3382 enim
1693 3325 1764 3382 bene
1772 3326 1829 3383 set·

187 3409 265 3493 0000,
281 3411 345 3468 0000
361 3402 442 3453 00000
453 3397 518 3466 jam,
535 3397 582 3453 0οῑ
596 3413 678 3455 00000
700 3414 822 3471 0000000,
838 3399 929 3456 miuus
942 3400 985 3456 00·
1035 3415 1072 3469 tis
1088 3413 1160 3486 quod
1175 3428 1225 3468 nos
1236 3421 1263 3468 et
1276 3427 1326 3468 vos
1338 3413 1425 3484 positi
1440 3428 1539 3469 sumus
1553 3415 1587 3470 in
1597 3413 1647 3471 boc
1660 3421 1690 3469 ut
1712 3413 1830 3470 adversa

186 3482 290 3559 tellrgo,
314 3485 382 3542 00000
396 3501 442 3542 000
457 3486 548 3557 900000
557 3491 657 3543 000000
670 3491 699 3544 00
713 3488 857 3558 90000000·
1034 3501 1179 3573 patiamur.
1193 3500 1274 3557 Scitis
1288 3500 1390 3572 utique.
1402 3502 1473 3557 Nom
1479 3517 1544 3558 cum
1553 3500 1684 3574 apadnos
1693 3516 1827 3568 essemus,

526 3633 638 3692 CAPUT
652 3636 689 3692 m
1034 3589 1256 3661 praedicabamus
1266 3590 1340 3645 uotis
1347 3603 1399 3645 nos
1408 3604 1467 3645 esse
1477 3603 1607 3660 passuros
1619 3589 1827 3658 tribrstotiones,

691 3677 699 3691 '
1035 3678 1110 3733 sicut
1120 3677 1215 3748 utique
1229 3691 1280 3748 pro
1294 3675 1367 3733 dicto
1376 3691 1439 3732 meo
1452 3679 1563 3748 suctum
1577 3681 1629 3743 est,
1645 3681 1674 3734 et
1694 3691 1746 3734 vos
1760 3677 1831 3734 bene

227 3769 370 3839 «Propter
384 3766 458 3838 quod
471 3782 527 3822 non
542 3767 707 3824 sustinentes
730 3768 856 3840 amplius,
886 3769 986 3842 placuit
1036 3765 1115 3821 scitis
1144 3779 1205 3820 esse
1224 3763 1336 3821 tactum.
1357 3766 1524 3838 Propterea,
1540 3764 1624 3820 idest
1643 3764 1716 3837 quia,
1732 3778 1831 3836 passas

192 3878 205 3904 a
220 3855 299 3911 nobis
313 3867 459 3909 remanere
473 3855 596 3922 Athenis,
614 3855 679 3911 solis
695 3855 756 3928 pst„
774 3855 876 3929 ⁸0103]3
893 3865 920 3914 et
934 3858 985 3914 mi.
1036 3867 1095 3906 sum
1110 3851 1307 3918 tribulationes,
1323 3867 1358 3906 na
1372 3852 1510 3909 tribulatio
1523 3852 1646 3924 magistri
1661 3867 1744 3910 cause
1757 3859 1831 3909 esset

192 3943 307 3997 «simus
320 3940 490 3996 Timotheum
504 3942 615 3998 fratrem
644 3951 779 4011 nostrum,
794 3952 820 4000 et
834 3945 985 4002 ministrum
1036 3938 1159 3995 desectus
1172 3939 1267 4008 vestri,
1277 3955 1324 4011 ⁶9⁰
1337 3957 1396 3998 nou
1406 3942 1529 4013 amptius
1543 3942 1697 4000 susstinens.
1712 3942 1772 3997 nisi
1794 3941 1831 3997 oo

191 4053 203 4079 u
221 4029 272 4085 Dei
286 4029 314 4083 in
327 4027 505 4102 Evangelium
523 4030 633 4101 Christi,
663 4030 697 4086 ad
721 4030 922 4090 confirmandos
937 4051 986 4090 ros
1036 4020 1257 4099 0090000000οΜ
1267 4029 1352 4098 fidem
1366 4033 1498 4095 00000000,
1513 4036 1543 4084 00
1552 4045 1601 4101 per
1614 4030 1734 4101 10800οῐ0
1749 4027 1831 4085 00000

191 4139 204 4169 ι
221 4124 248 4172 ει
262 4116 444 4174 exhortandos
458 4133 508 4188 pro
522 4115 576 4174 fide
590 4125 693 4185 vestre,
709 4127 740 4175 ut
754 4136 834 4176 nemo
844 4129 987 4178 moveatur
1037 4123 1155 4171 0080000
1166 4130 1372 4188 cognoscerem·
1382 4117 1441 4172 Nisi
1451 4117 1524 4185 ideo,
1535 4133 1571 4174 00
1585 4120 1659 4189 sorte
1675 4118 1832 4174 tentaverit

192 4225 203 4253 ιι
220 4204 249 4260 in
263 4204 482 4261 tribulationibus
511 4205 581 4261 istis.
597 4207 652 4278 lpsi
674 4207 747 4263 enim
774 4208 848 4264 scitis
871 4211 944 4282 quod
958 4210 986 4266 in
1035 4220 1082 4262 uos
1092 4205 1117 4259 is
1132 4205 1179 4276 oui
1195 4208 1297 4270 tentet,
1313 4204 1342 4260 id
1355 4212 1407 4271 est,
1417 4205 1495 4274 cujus
1510 4204 1628 4261 officium
1645 4212 1686 4261 est
1705 4213 1829 4261 tentare:

192 4312 204 4345 s
222 4293 274 4349 hoc
287 4292 369 4364 positi
384 4283 487 4349 sumus.
504 4293 575 4351 Nam
586 4302 613 4350 ει
627 4311 689 4352 cum
703 4296 775 4367 apud
790 4312 839 4353 vos
851 4313 984 4367 essemus,
1038 4296 1065 4348 et
1076 4307 1111 4348 ne
1126 4292 1165 4348 sic
1181 4292 1260 4348 tabor
1273 4296 1370 4349 noster
1383 4294 1435 4362 fiat
1445 4295 1544 4349 inanis
1555 4293 1642 4361 robis,
1656 4293 1832 4349 succumben-

192 4403 203 4429 ι
221 4380 435 4451 praedicebamus
455 4382 533 4438 vohis
561 4399 691 4454 passuros
710 4401 761 4441 nos
785 4367 1023 4454 ambulationesffl
1038 4380 1110 4434 tibus
1119 4380 1269 4436 tentationi.
1280 4378 1353 4436 Olim
1365 4381 1427 4436 misi
1443 4398 1451 4436 t
1466 4398 1544 4437 nunc
1555 4386 1652 4438 nutem
1665 4381 1832 4440 Timotheus

192 4466 291 4524 «sicut
304 4475 331 4524 ει
353 4467 453 4524 lactum
475 4476 517 4525 εει
535 4477 563 4525 ει
592 4471 677 4528 εείιίε.
707 4473 854 4543 Propterea
880 4481 907 4529 ει
935 4490 988 4546 ego
1037 4468 1250 4524 uobisoeniante
1265 4469 1302 4523 00
1315 4484 1377 4534 000,
1400 4471 1430 4524 00
1448 4484 1481 4524 00
1495 4471 1693 4526 0000000000
1709 4469 1833 4540 000000·

194 4554 338 4626 aamplius
356 4570 411 4610 non
440 4557 592 4625 sustinens,
617 4559 678 4615 misi
703 4560 738 4614 ad
768 4562 988 4634 cognoscendam
1038 4556 1102 4612 dam
1117 4570 1199 4627 quam
1213 4555 1326 4611 tirmiter
1338 4556 1446 4623 tenetis,
1462 4560 1491 4612 ct
1505 4558 1678 4614 eboritotem
1696 4563 1830 4625 oestrum,

194 4639 458 4714 «lidemonium,
490 4659 525 4700 ne
559 4644 628 4702 lone
655 4647 800 4703 tentaverit
822 4663 871 4704 vos
894 4648 919 4704 is
942 4651 988 4722 qui
1039 4660 1090 4716 qua
1100 4659 1197 4700 omnes
1214 4659 1265 4700 nos
1276 4642 1392 4717 diligere
1404 4625 1733 4717 probatistannuatiante
1753 4646 1833 4702 etiarn

194 4750 206 4783 ι
223 4737 319 4799 tentat,
334 4738 362 4787 ει
390 4729 480 4787 inanis
508 4730 553 4786 liat
581 4733 660 4789 labor
682 4742 784 4791 noster.
800 4737 878 4792 Nunc
897 4744 988 4794 autem
1038 4733 1114 4804 qesta,
1128 4731 1208 4787 00000
1222 4731 1305 4803 0000,
1318 4731 1425 4789 0000000
1439 4733 1606 4789 0000000000
1616 4733 1708 4789 000000
1718 4734 1831 4802 000000,

195 4840 206 4866 s
225 4819 352 4876 veniente
365 4818 508 4876 Timotheo
520 4818 556 4876 ad
569 4836 620 4877 nos
634 4836 652 4877 a
665 4822 754 4889 vobis,
771 4831 798 4879 ει
811 4825 989 4883 annuntiante
1038 4820 1108 4875 situi
1121 4819 1225 4875 debetis
1242 4837 1249 4875 τ
1262 4820 1456 4876 desiderantes
1465 4836 1575 4892 semper
1583 4822 1675 4877 videre
1683 4809 1833 4888 notssictst

196 4925 208 4956 ι
223 4906 303 4962 nobis
318 4905 398 4963 fidem
413 4914 439 4963 et
461 4907 621 4965 charitatem
649 4918 782 4980 vestram,
799 4920 826 4967 et
850 4910 913 4984 quia
927 4929 988 4969 me·
1037 4924 1088 4965 nos
1098 4924 1213 4981 umque,
1227 4907 1415 4964 desideramus
1426 4908 1574 4966 riderevos
1585 4927 1594 4964 .·
1604 4908 1651 4964 illo
1664 4909 1717 4965 hoc
1727 4924 1833 4966 annun·

195 4992 339 5049 amorium
366 4994 453 5051 nostri
482 4995 589 5051 habetis
607 4996 708 5053 honam
737 5015 855 5070 semper,
875 5000 988 5058 deside·
1038 4996 1130 5062 tiente,
1146 4997 1287 5054 consolati
1307 5011 1415 5062 monus,
1431 4999 1591 5068 fratruum
1606 4997 1695 5055 vobis.
1716 4998 1790 5064 ldeo,
1804 4998 1832 5053 id

196 5087 318 5135 «rantes
341 5095 392 5136 nos
420 5082 531 5149 videre,
552 5083 623 5139 sicut
641 5100 691 5139 ncs
721 5101 828 5159 quoquc
842 5103 910 5155 vos;
926 5089 989 5146 ideo
1038 5093 1079 5140 est
1093 5101 1143 5157 pro
1170 5100 1203 5140 eo
1232 5084 1304 5155 quod
1330 5084 1370 5142 sic
1393 5084 1569 5140 annuntiante
1584 5084 1721 5152 devehis,
1737 5094 1834 5142 etnon
1862 5133 1865 5141 .

198 5187 211 5217 ι
227 5166 359 5222 consolati
374 5185 478 5236 sumus,
496 5169 605 5239 iratres,
621 5171 650 5226 in
666 5173 744 5228 robis
756 5173 784 5228 in
796 5175 870 5230 omni
889 5191 989 5233 neces·
1039 5177 1149 5253 propter
1163 5173 1254 5239 aliud;
1272 5180 1365 5244 posset
1379 5172 1450 5229 euim
1479 5174 1531 5229 hoc
1557 5172 1611 5244 ipsi
1625 5170 1791 5241 annuntidri,
1808 5180 1834 5230 at

196 5278 207 5303 ιι
225 5253 305 5310 sitate
319 5262 346 5310 et
360 5256 530 5314 tribulatione
552 5267 645 5315 nostra
673 5276 724 5330 per
746 5260 827 5317 tidem
856 5271 987 5330 vestram,
1039 5278 1088 5333 pro
1112 5262 1167 5318 alio
1187 5261 1323 5318 consolari
1340 5278 1347 5314 ε
1364 5260 1497 5316 consolati
1523 5277 1616 5315 sumus
1639 5261 1667 5315 in
1691 5260 1770 5317 vobis
1784 5277 1834 5334 per

196 5365 208 5390 u
226 5341 354 5414 quoniam
368 5358 439 5400 nunc
466 5345 591 5413 vivimus,
609 5347 633 5402 si
652 5362 702 5403 ros
729 5349 806 5404 statis
819 5349 847 5404 ln
861 5351 987 5408 Domino.
1039 5352 1133 5420 Mem,
1149 5350 1178 5405 id
1193 5358 1234 5405 est
1252 5357 1366 5420 propter
1389 5348 1470 5403 fidem
1484 5353 1608 5405 oestrum
1626 5346 1741 5404 firmiter
1756 5358 1834 5405 stan-

196 5428 315 5499 «Quen
343 5430 416 5487 enim
443 5433 594 5505 gratiarum
609 5435 743 5492 actionem
765 5437 904 5507 possimus
931 5440 989 5496 Deo
1039 5445 1104 5495 tem.
1121 5436 1186 5507 Vel,
1201 5453 1251 5510 per
1274 5437 1355 5493 tidem
1381 5443 1501 5493 vestram
1518 5437 1581 5506 juro
1605 5452 1649 5492 me
1663 5437 1834 5493 consolatum

196 5539 208 5567 α
226 5517 377 5578 retribuere
395 5535 445 5594 pro
470 5522 548 5580 vobis
565 5522 595 5580 iu
608 5523 682 5582 omni
695 5524 798 5598 gaudio
815 5543 869 5601 quo
882 5528 989 5604 mude—
1039 5541 1111 5596 esse,
1127 5541 1209 5599 quam
1223 5525 1341 5600 diligero
1363 5539 1418 5582 non
1440 5524 1602 5597 pejerarem.
1615 5524 1760 5584 consolati
1774 5526 1836 5584 dico
