3742 5986
171 267 224 322 503
444 266 473 322 S.
494 262 671 323 BRUNONIS
691 261 1015 322 caatudstattotttttt
1033 260 1275 319 tristivtttottts
1293 260 1370 319 ΟΡΡ.
1391 261 1480 319 Palts
1498 263 1532 318 11.
1771 263 1823 319 tot

173 390 310 457 dominas,
326 390 375 446 sed
397 390 522 446 minister
544 398 614 446 erat.
630 391 661 446 ln
679 391 758 447 omui
781 390 853 456 ideo,
876 405 929 462 qua
942 388 970 443 in
983 390 1064 452 Aest
1077 387 1270 458 perdurantem
1285 403 1371 460 usquc
1384 387 1420 443 cd
1433 389 1522 457 daem
1537 387 1609 454 vite,
1626 386 1820 459 quandoquod

171 479 297 535 omnibus
313 495 374 551 qua
386 478 541 534 necessaria
562 486 638 534 erant
652 486 678 534 et
704 479 732 533 in
747 478 883 544 docendo,
900 485 927 534 ει
940 477 969 531 in
1019 477 1102 532 modo
1118 492 1260 547 speramus
1282 475 1418 546 accepturi
1432 491 1537 531 sumus.
1568 473 1743 547 Quapropter
1757 474 1821 547 quia

173 567 321 638 pascendo,
338 574 364 622 et
377 566 405 621 in
420 566 545 623 ducendo
569 566 683 622 domum
701 566 788 632 illam,
804 567 832 621 id
861 573 903 622 est
917 582 969 637 po·
1019 565 1161 620 retinendo
1188 563 1316 622 fiduciam
1331 571 1358 620 et
1382 563 1499 637 gloriam
1527 563 1585 635 spei
1612 579 1705 618 sumus
1721 563 1819 618 domus

172 655 266 728 pulum
280 656 446 722 Judaeomm,
468 654 585 711 fideliter
599 655 766 711 enutriebat.
786 655 836 711 Vel
852 655 889 710 ita
904 670 970 711 con·
1020 653 1128 708 Christi.
1144 653 1256 724 Propter
1269 654 1322 708 hoo
1349 652 1451 722 videte,
1467 651 1581 719 iratres,
1597 668 1632 707 ne
1659 650 1731 708 lorte
1746 650 1820 724 qnod

173 751 320 799 struamus.
331 744 411 799 Jesus
424 743 514 799 tidelis
529 751 571 799 εει
585 744 652 812 Deo,
671 743 739 799 sicut
753 744 862 814 Moyses
880 741 969 798 fidelis
1020 741 1180 812 contingere
1195 749 1300 812 potest,
1317 740 1352 796 sit
1372 740 1400 795 in
1413 740 1504 812 ahqno
1516 748 1645 797 vestrum.
1666 740 1697 794 ln
1726 736 1819 812 aliquo

174 830 457 888 fnitssssffdasaa
471 831 533 887 dico
547 832 639 901 fidelis
654 832 774 888 inomni
789 831 969 896 domoilliaa,
1020 829 1083 885 ideo
1113 830 1151 885 ait
1179 829 1243 901 quic
1270 829 1364 900 plures
1392 828 1497 884 sciebat
1527 828 1555 883 in
1582 827 1707 885 Ecclesia
1736 842 1819 899 posse

173 927 229 975 tam
248 919 391 976 intudaeis
406 936 487 991 quam
501 919 528 973 in
548 919 697 990 gentilibus
713 935 720 975 ε
736 919 832 974 nonin
852 919 969 990 quadam
1020 932 1082 973 esse
1110 916 1258 989 periectos,
1290 934 1336 987 aa,
1366 916 1488 988 inquam,
1516 917 1556 973 sit
1579 917 1612 972 io
1635 918 1732 989 aliquo
1757 931 1819 972 ves·

168 1007 442 1080 domoaicctMoysea
452 1007 595 1063 inJudaeis.
605 1007 673 1062 lllud
683 1006 968 1062 sicatsimilitudinem
1022 1011 1099 1062 trum
1109 1022 1157 1061 cor
1165 1006 1390 1071 incredulitatis,
1406 1012 1435 1060 ut
1450 1003 1584 1061 increduli
1605 1004 1674 1071 sitis,
1690 1011 1819 1075 putantes

170 1103 272 1150 tantum
287 1103 372 1162 notat,
388 1111 444 1151 non
458 1096 653 1167 quantitatem
668 1095 767 1167 probat
781 1111 830 1165 per
844 1093 970 1151 effectum
1021 1094 1157 1150 Christum
1176 1110 1230 1150 non
1252 1092 1378 1150 sufficere
1402 1093 1435 1148 ad
1460 1091 1692 1162 justificationem,
1708 1092 1760 1149 sed
1775 1093 1818 1148 le-

173 1183 245 1256 quod
260 1183 297 1238 ait
314 1201 321 1238 ε
338 1184 409 1239 Vere
423 1185 503 1239 lesus
517 1182 605 1239 tidelis
620 1191 672 1252 est,
688 1183 756 1238 sicut
764 1184 882 1254 Moyses.
899 1184 970 1239 Nam
1020 1200 1083 1255 gem
1099 1198 1160 1239 εεεε
1173 1182 1366 1239 necessariam.
1386 1182 1440 1238 Cor
1454 1182 1516 1239 dioc
1530 1181 1730 1238 incredulitatis
1755 1198 1819 1237 otc·

73 1331 80 1345 ,
174 1273 255 1327 lesus
267 1272 380 1328 habitas
410 1272 582 1342 estdiyaaa,·
597 1270 658 1340 iste,
684 1271 804 1342 inquam,
819 1272 908 1339 lesus,
925 1271 971 1343 qni
1022 1273 1092 1338 lum,
1110 1271 1138 1326 id
1152 1279 1194 1327 est
1222 1271 1250 1325 in
1277 1270 1364 1326 multa
1383 1270 1455 1326 mala
1482 1269 1691 1341 precipitatum.
1708 1270 1751 1324 Ex
1767 1285 1819 1341 quo

169 1358 242 1416 filius
256 1361 339 1432 longe
367 1359 497 1431 praecellit
517 1358 669 1414 ministrum
693 1359 793 1432 dignus
808 1366 848 1415 est
863 1359 968 1431 gloria,
1021 1360 1093 1415 enim
1115 1359 1263 1415 incredulis
1277 1367 1319 1415 est
1332 1358 1440 1430 ahquis,
1461 1374 1585 1430 preceps
1611 1358 1665 1413 ruit
1674 1357 1702 1412 in
1727 1365 1819 1414 actum

174 1447 244 1504 sicut
258 1449 377 1518 Moyses,
390 1447 435 1519 qui
450 1446 530 1501 etiam
544 1448 690 1520 amplioris
708 1448 807 1519 gloriae
816 1447 915 1519 dignus
929 1455 971 1504 est
1020 1447 1136 1519 peccati.
1150 1448 1209 1504 Nec
1223 1463 1320 1518 parum
1346 1454 1427 1504 nocet
1453 1462 1501 1503 cor
1519 1445 1731 1513 incredulitatis,
1747 1445 1819 1519 quod

170 1553 231 1608 prae
247 1537 346 1609 Moyse,
363 1536 391 1590 id
407 1543 449 1590 est
464 1550 545 1606 quam
564 1537 673 1607 Moyses
687 1535 731 1591 vel
745 1552 801 1607 prae
809 1537 902 1607 Moyse
918 1536 972 1592 exi·
1021 1543 1063 1592 est
1077 1536 1176 1592 habere
1190 1551 1238 1592 cor
1252 1536 1415 1592 discedendi
1429 1536 1525 1592 abac.
1540 1536 1575 1590 Et
1588 1534 1661 1590 male
1670 1535 1752 1590 vobis
1766 1534 1790 1589 si
1804 1550 1819 1589 a

172 1631 247 1679 stens
262 1623 289 1678 in
303 1623 444 1679 merendo.
469 1625 555 1679 Tanto
580 1624 674 1695 utique
688 1623 838 1695 amplioris,
865 1628 971 1697 quanio
997 1631 999 1635 ’
1021 1626 1079 1680 Deo
1090 1623 1239 1691 disceditis,
1255 1623 1320 1695 quia
1339 1624 1397 1679 Deo
1412 1623 1473 1679 dico
1488 1625 1558 1690 civo,
1573 1639 1589 1678 a
1603 1622 1714 1695 quoqui
1729 1622 1819 1680 disce·

171 1713 340 1784 ampliorem
356 1713 490 1767 honorem
505 1712 612 1781 domat,
628 1711 656 1767 id
680 1719 722 1768 est
740 1712 769 1766 in
797 1713 879 1768 domo
897 1713 1007 1805 apudB
1021 1712 1069 1778 dit,
1086 1713 1169 1768 vitam
1185 1712 1288 1783 perdit,
1298 1711 1345 1783 qui
1359 1713 1394 1767 ad
1410 1728 1472 1768 eum
1486 1712 1596 1780 incedit,
1611 1711 1693 1768 mtam
1703 1710 1819 1767 invenit.

173 1816 231 1865 eos,
248 1800 352 1856 scilicet
366 1800 411 1871 qni
427 1800 455 1855 in
471 1800 553 1856 domo
568 1808 640 1855 sunt.
652 1801 703 1856 Vel
718 1801 825 1871 domus,
840 1801 868 1856 id
883 1809 925 1857 est
935 1801 969 1857 de
1057 1800 1154 1856 Videte
1169 1816 1203 1856 ne
1218 1801 1254 1855 sit
1268 1800 1297 1854 in
1308 1799 1401 1871 aliquo
1411 1816 1458 1857 cor
1475 1799 1672 1857 incredulitatis
1682 1799 1757 1872 quod
1769 1815 1822 1872 ego

171 1888 254 1944 domo
270 1887 398 1944 fabricata
414 1889 496 1945 habet
509 1891 561 1945 illa
575 1890 624 1962 qut
652 1890 803 1959 fabricavit
826 1891 908 1945 illam
923 1889 972 1945 do-
1020 1890 1162 1960 prohibeo,
1178 1890 1253 1944 dcat
1267 1887 1340 1943 idem
1354 1889 1502 1959 prohibens
1524 1889 1595 1945 dicit
1609 1888 1736 1961 Spiritus
1750 1904 1820 1944 aaa·

170 1993 255 2033 mum.
271 1977 439 2048 simpliorem
454 1977 517 2033 dico
531 1993 612 2048 qnam
627 1976 673 2032 ille
686 1977 731 2048 qni
744 1977 916 2048 dispensator
930 1985 972 2033 εει
1021 1982 1084 2034 ctos
1098 1978 1127 2032 in
1141 1977 1227 2032 David
1236 1977 1278 2031 his
1289 1977 1382 2032 verbis
1397 1977 1485 2048 (Paci.
1499 1992 1577 2043 actv,
1593 1981 1620 2044 8,
1636 1977 1682 2047 lt)
1696 1996 1706 2032 :
1722 1977 1819 2044 Medis,

170 2065 198 2121 in
214 2080 257 2121 ea.
269 2066 413 2121 Nuncduo
425 2065 608 2120 residuasunt
621 2065 849 2136 adprobandum,
861 2066 970 2137 etquod
1020 2066 1047 2121 id
1064 2073 1105 2121 est
1119 2073 1244 2135 tempore
1259 2065 1364 2136 gratim,
1382 2065 1421 2120 sic
1435 2065 1507 2121 enim
1536 2064 1626 2120 David
1655 2064 1821 2136 loquebatur

172 2153 270 2209 domus
298 2168 353 2209 non
367 2169 383 2206 a
398 2169 438 2218 se,
455 2153 504 2208 sed
522 2153 556 2207 ab
571 2152 625 2208 alio
646 2152 778 2209 fabricata
794 2153 838 2221 sit,
856 2163 883 2210 et
897 2155 971 2226 quod
1021 2154 1099 2225 quasi
1113 2154 1210 2225 spiritu
1235 2154 1395 2225 praesensin
1419 2154 1517 2209 diebus
1535 2153 1643 2209 Christi.
1657 2153 1710 2208 Per
1739 2153 1820 2210 hodic

170 2241 293 2297 Christus
309 2257 374 2299 eam,
393 2240 577 2298 fabricaverit.
1020 2250 1112 2298 autem
1127 2249 1213 2297 totum
1227 2249 1335 2313 tempus
1349 2242 1454 2313 gratias,
1477 2257 1493 2296 a
1517 2241 1624 2297 Christo
1639 2257 1728 2312 usque
1742 2240 1771 2296 in
1784 2239 1820 2296 fi-

207 2330 272 2386 Haec
285 2337 376 2385 autern
404 2329 497 2385 ornnia
512 2330 546 2385 de
562 2330 677 2401 spiritali
700 2330 782 2386 domo
811 2331 971 2402 accipienda
1020 2347 1084 2386 nom
1107 2330 1201 2386 mnndi
1223 2330 1393 2401 inteligitur.
1410 2330 1507 2396 Hodie,
1523 2329 1644 2401 inquam,
1669 2329 1697 2384 in
1722 2329 1820 2386 diebus

173 2427 245 2473 sunt.
264 2418 342 2489 Saepe
354 2418 425 2474 enirn
442 2418 556 2491 contigit
571 2426 609 2488 ut,
625 2419 652 2474 in
668 2418 795 2474 domibus
808 2419 910 2475 nostris
925 2421 971 2476 ho·
1020 2419 1130 2487 Christi,
1155 2419 1246 2474 colite
1260 2417 1397 2475 obdurare
1411 2419 1496 2474 cordo
1506 2423 1616 2485 ocstrc,·
1626 2420 1652 2474 ci
1666 2417 1819 2474 audieritis

172 2507 324 2563 norabilior
339 2514 412 2563 esset
429 2506 516 2577 quiin
533 2522 566 2563 ea
581 2507 752 2563 ministrabat
767 2523 848 2578 quam
861 2507 907 2564 ille
923 2525 970 2564 cu·
1020 2523 1114 2563 vocem
1124 2508 1195 2578 ejus,
1207 2506 1275 2561 sicut
1297 2521 1394 2562 revera
1414 2506 1539 2562 audietis.
1560 2507 1628 2562 lllud
1642 2507 1668 2561 si
1678 2504 1819 2562 affirmati·

169 2596 215 2665 y'us
234 2603 292 2651 erat
306 2595 414 2651 domus.
440 2593 525 2663 Quasi
553 2595 658 2652 diceret
674 2612 680 2650 :
698 2597 770 2653 Bene
793 2596 855 2652 dico
869 2597 916 2668 qui
930 2596 971 2652 la·
1020 2612 1082 2652 vum
1097 2602 1148 2650 est.
1160 2594 1251 2650 Nolite
1260 2591 1395 2650 obdurare
1409 2610 1468 2660 cor,
1482 2593 1602 2651 368
1614 2601 1729 2668 agentes
1744 2595 1820 2651 εἰειιι

170 2683 283 2739 bricavit
296 2683 389 2749 illam;
406 2699 456 2753 per
475 2698 506 2738 se
534 2682 607 2738 enim
637 2698 693 2738 non
719 2691 807 2754 potest
831 2683 968 2753 fabricari,
1019 2685 1051 2739 ic
1067 2683 1294 2748 exacerbatione,
1311 2682 1338 2736 id
1353 2689 1395 2737 εει
1408 2682 1557 2755 multoties,
1568 2681 1761 2738 exacerbando
1774 2697 1819 2737 me

170 2771 262 2826 amaia
277 2771 507 2842 nomqacdomus
521 2771 681 2842 fabricatur
696 2771 846 2844 abaliquo.
861 2771 902 2826 hd
917 2772 969 2828 hoc
1019 2774 1152 2843 fecerant
1169 2775 1267 2842 potres
1291 2772 1392 2827 vestri.
1417 2771 1457 2825 De
1480 2770 1572 2825 multis
1601 2769 1819 2826 exacerbationi·

169 2858 214 2913 ille
232 2876 239 2913 :
256 2858 284 2913 Si
300 2859 335 2912 ab
351 2858 453 2930 aliquo,
469 2874 523 2913 non
550 2865 639 2914 tamen
654 2874 670 2913 a
685 2860 753 2914 Deo.
779 2859 821 2914 Ad
835 2861 887 2915 hoc
900 2861 969 2914 Pau·
1019 2860 1071 2914 bus
1086 2873 1168 2914 unam
1183 2859 1299 2930 reponit,
1316 2858 1410 2914 dicens
1427 2873 1433 2912 :
1451 2858 1542 2914 Nolite
1562 2858 1699 2914 obdurare
1714 2875 1818 2916 secun-

170 2947 213 3003 lus
230 2961 237 3001 :
254 2948 322 3002 Vere
343 2946 441 3002 domus
456 2946 637 3003 fabricatura
652 2948 727 3014 Deo;
750 2962 813 3002 nam
838 2948 910 3004 Deae
925 2952 968 3004 cst
1019 2948 1086 3003 dum
1101 2947 1185 3017 dmm,
1197 2947 1225 3001 id
1241 2955 1281 3003 eat
1296 2946 1365 3002 sicut
1379 2947 1419 3001 illi
1433 2946 1560 3002 obdurati
1580 2954 1642 3002 sunt
1658 2946 1687 3001 in
1698 2946 1745 3003 die
1763 2955 1819 3002 ten-

168 3036 217 3108 pai
230 3037 338 3092 creavit
362 3038 467 3101 omnic,
485 3036 559 3106 quod
574 3035 597 3090 si
607 3036 697 3090 omnia
720 3035 830 3104 creavit,
862 3043 969 3092 constat
1017 3035 1137 3105 tationis,
1153 3035 1265 3108 quondo
1276 3039 1462 3091 tentaverant
1475 3050 1530 3105 me,
1546 3035 1670 3092 dicentes
1686 3049 1692 3089 :
1711 3035 1818 3090 ‹Nun-

169 3123 241 3197 quod
255 3131 282 3179 et
304 3124 426 3189 domurn,
444 3139 526 3195 quam
551 3124 614 3196 quia
629 3124 783 3192 fabricavit,
800 3125 923 3196 sequitur
938 3096 1003 3180 utC
1018 3124 1083 3196 quid
1092 3124 1192 3194 poterit
1207 3124 1250 3180 hic
1264 3138 1362 3194 parare
1372 3139 1494 3179 mensam
1504 3123 1687 3195 populosuo?
1704 3124 1818 3196 s(Psal.

167 3211 307 3284 amplioris
322 3211 420 3285 glorie
435 3213 568 3268 habeatur
581 3213 609 3268 in
623 3213 669 3269 illa
683 3229 766 3286 quam
782 3213 870 3286 quiin
884 3214 967 3269 domo
1019 3227 1127 3278 tarvis,
1143 3213 1199 3281 ta.)
1226 3212 1395 3268 ‘tentationis
1417 3212 1479 3268 dieo
1493 3211 1573 3268 lactae
1587 3213 1619 3268 ia
1634 3211 1755 3278 deserta
1770 3211 1820 3268 ubi

168 3308 270 3356 tantum
285 3300 430 3356 ministrat.
446 3301 594 3372 Propterea
609 3302 672 3374 quia
686 3302 830 3359 labricavit
844 3303 966 3369 domum,
1018 3301 1107 3371 magis
1131 3299 1344 3373 confugiendum
1366 3300 1420 3355 illis
1441 3309 1515 3356 esset
1542 3301 1577 3355 ad
1605 3300 1735 3356 auxilium
1756 3300 1817 3368 Dei,

168 3388 197 3445 in
217 3404 271 3461 qua
289 3391 396 3460 Moyses
411 3389 588 3460 dispensavit,
604 3407 661 3462 prae
684 3393 778 3462 Moyse
792 3391 855 3446 ideo
870 3391 968 3462 dignus
1019 3389 1148 3462 quemad
1163 3389 1368 3460 provocandum
1395 3405 1458 3444 enm
1477 3405 1527 3460 per
1547 3389 1738 3445 tentationem.
1763 3389 1819 3446 Vos

172 3477 280 3533 habitus
294 3484 345 3534 est.
361 3478 512 3549 Propterea
526 3478 608 3534 etiam
636 3479 777 3551 amplioris
798 3479 893 3551 gloriae
915 3487 966 3545 est,
1019 3485 1108 3533 autern
1123 3478 1204 3549 positi
1219 3477 1246 3532 in
1261 3478 1370 3534 deserto
1391 3477 1484 3533 mnndi
1508 3478 1597 3547 hujus,
1614 3477 1704 3534 videte
1719 3493 1755 3533 nc
1768 3493 1820 3550 per

170 3567 234 3639 qtria
246 3567 348 3639 Moyses
362 3566 475 3639 quidem
490 3575 519 3622 ut
542 3566 661 3623 samalus
685 3567 713 3622 in
734 3568 816 3624 domo
832 3583 885 3624 non
897 3583 967 3633 sua;
1018 3566 1181 3622 tentationes
1197 3566 1284 3622 Deum
1298 3566 1417 3636 irritetis,
1433 3567 1489 3633 ubi,
1506 3566 1534 3622 id
1548 3566 1627 3622 estin
1637 3581 1692 3637 qao
1707 3567 1819 3622 deserto

170 3655 291 3710 Christus
307 3670 374 3711 vero
390 3655 473 3711 Filius
487 3655 516 3710 in
538 3656 620 3711 darno
636 3673 694 3711 sua.
708 3654 834 3724 Quidem,
850 3664 877 3712 et
891 3672 968 3721 vero,
1020 3659 1208 3711 tentaverunt
1226 3671 1272 3710 ma
1289 3659 1386 3727 patres
1401 3657 1502 3712 vestri.
1521 3655 1616 3711 Videte
1630 3655 1654 3711 si
1667 3655 1820 3712 secuudum

169 3743 349 3800 distributivae
365 3744 571 3812 conjunctiones
586 3751 658 3799 sunt.
677 3746 786 3815 Moyses
809 3745 918 3816 quidem
932 3747 969 3815 fi·
1019 3759 1130 3800 carnem
1144 3752 1236 3814 patres
1251 3751 1323 3811 sunt,
1339 3759 1374 3799 ne
1388 3744 1442 3799 sint
1455 3751 1546 3814 patres
1561 3744 1712 3800 secundum
1727 3743 1819 3799 imita-

170 3830 241 3888 dclt‘a
254 3836 318 3888 crat
331 3834 364 3886 ic
380 3836 438 3888 toto
454 3832 552 3888 domos
566 3835 637 3904 ejus,
651 3832 756 3889 scilicet
770 3833 819 3888 Dei
830 3835 916 3889 Patris
926 3834 970 3890 vel
1018 3833 1130 3888 tionem.
1146 3833 1338 3902 Tentaverunt‚
1349 3832 1470 3904 inquam,
1483 3840 1510 3888 et
1521 3833 1724 3905 probaverant,
1735 3831 1764 3887 id
1778 3839 1821 3888 est

170 3919 281 3985 Christi,
298 3922 433 3991 tanquam
444 3920 588 3990 famulas,
613 3919 678 3992 quia
692 3920 863 3977 solummodo
878 3922 969 3978 lamu-
1019 3920 1189 3992 probabilem
1208 3937 1252 3976 me
1275 3921 1454 3988 invenerunt3
1470 3921 1570 3977 etenim
1585 3921 1720 3977 viderunt
1733 3936 1820 3993 opero

170 4007 275 4061 labatur
284 4006 313 4060 in
329 4021 370 4061 ea.
387 4006 514 4062 Famulus
528 4016 616 4063 antem
632 4007 678 4079 qui
693 4009 775 4065 hodie
785 4018 826 4065 est
840 4009 868 4064 in
876 4011 967 4078 domo,
1020 4025 1083 4065 mcc
1102 4009 1291 4081 quodraginta
1305 4011 1401 4075 onnia
1417 4009 1445 4064 in
1459 4010 1557 4082 quihus
1568 4025 1613 4065 me
1633 4008 1725 4064 omnia
1738 4023 1820 4080 posse

170 4110 235 4154 cras,
245 4093 371 4150 fortassis
391 4095 551 4166 expelletur,
572 4112 712 4168 nunquam
724 4098 793 4154 adeo
809 4097 898 4154 fidelis
909 4099 968 4167 erit,
1020 4096 1124 4168 experti
1139 4105 1211 4153 suat.
1226 4099 1346 4170 Propter
1360 4099 1440 4169 qaod,
1456 4097 1561 4154 scilicet
1575 4097 1637 4168 quia
1648 4104 1821 4153 tentaverunt

172 4182 242 4239 sicut
256 4182 327 4238 filius
343 4182 390 4255 qui
405 4184 563 4240 haereditate
590 4201 768 4256 possessurus
790 4194 832 4242 εει
846 4187 968 4243 domum.
1019 4201 1074 4253 me,
1090 4186 1213 4257 offensae
1227 4188 1282 4257 sai,
1294 4186 1322 4241 id
1335 4193 1376 4241 est
1390 4186 1474 4242 iratus
1489 4188 1621 4243 liciatum
1635 4184 1764 4256 pessimae
1777 4201 1822 4258 pc·

172 4273 282 4343 Moyses
296 4280 425 4342 tanquam
441 4271 558 4327 famulus
573 4281 632 4329 erat
660 4277 692 4329 ic
711 4276 905 4332 testimoniam
925 4293 971 4332 co·
1020 4275 1174 4339 iterationi,
1190 4282 1217 4328 et
1231 4273 1287 4328 dixi
1301 4275 1334 4329 dc
1348 4275 1419 4330 illis.
1431 4276 1599 4347 latiscmpsr
1609 4277 1719 4340 cmcct,
1731 4274 1819 4330 ethoo

173 4376 248 4426 ram,
264 4360 292 4414 id
307 4368 349 4415 est
363 4369 393 4416 ut
404 4361 578 4418 solummodo
599 4361 787 4419 testificaretur
803 4378 845 4431 ea,
870 4380 924 4420 non
943 4372 970 4420 nt
1021 4362 1112 4426 corda,
1131 4363 1215 4417 idest
1238 4378 1271 4418 ex
1299 4363 1410 4434 propria
1434 4361 1640 4432 deliberatione,
1665 4362 1731 4434 quia
1744 4361 1820 4418 serio

170 4447 288 4521 gratiam
297 4446 456 4517 adjutricem
470 4449 504 4504 ad
519 4450 656 4521 operanda
680 4452 806 4507 mandata
821 4453 887 4508 dare
902 4468 970 4523 pos·
985 4453 1142 4523 Dpeccant,
1160 4457 1284 4521 potentes
1305 4459 1332 4506 ει
1355 4450 1472 4507 scientes
1500 4458 1573 4506 recte
1586 4466 1681 4522 agere.
1694 4450 1740 4517 Et,
1755 4450 1819 4507 licet

171 4543 227 4601 set;
244 4550 348 4602 eorum,
365 4535 437 4604 dico,
454 4553 516 4608 qcoe
539 4537 659 4594 dicenda
686 4544 779 4607 erant,
810 4539 837 4595 id
852 4548 894 4595 est
909 4557 969 4612 quta
1020 4539 1060 4595 sic
1073 4539 1194 4594 dicerem
1208 4539 1272 4607 iMis,
1297 4546 1389 4594 tamar
1403 4540 1459 4611 ipsi
1479 4555 1538 4594 noo
1554 4543 1746 4611 cognoverunt
1758 4539 1820 4596 vias

172 4624 369 4680 conveniebant
383 4624 437 4680 dici
465 4624 504 4680 illi
533 4625 634 4681 carnali
648 4627 758 4697 populo,
774 4627 820 4699 qui
834 4628 969 4699 spiritalia
1018 4644 1106 4693 mccc,
1123 4627 1205 4682 idest
1228 4642 1396 4699 cognoscere
1425 4627 1571 4683 noluerunt
1593 4642 1677 4698 opera
1700 4641 1773 4692 mea,
1791 4627 1820 4682 ia

171 4728 269 4784 capere
284 4728 338 4770 non
349 4720 454 4783 posset.
469 4715 577 4786 Moyses
585 4722 713 4787 tanquam
722 4714 840 4771 famulus
849 4733 878 4771 tn
887 4717 969 4773 domo
1019 4715 1116 4787 quibus
1140 4715 1281 4771 ambulare
1296 4715 1472 4782 debuissent3
1490 4716 1539 4770 sed
1555 4715 1688 4787 quianon
1711 4729 1820 4786 cogno-

173 4817 228 4857 non
244 4817 311 4869 sua;
330 4801 458 4859 Christus
478 4819 541 4859 vero
555 4802 595 4859 sic
608 4811 668 4860 erat
682 4803 771 4859 tidelis
785 4808 923 4876 tuaquom
933 4806 969 4875 fi·
1019 4812 1123 4869 verunt,
1139 4805 1165 4860 si
1180 4804 1232 4874 ipsi
1246 4804 1408 4861 introibunt
1422 4805 1454 4858 in
1477 4804 1603 4876 requiam
1617 4819 1721 4870 mecm,
1737 4819 1819 4875 quam

173 4887 239 4953 lius,
257 4902 336 4959 quern
351 4885 423 4942 illius
438 4886 535 4942 domus
554 4888 683 4943 manebat
701 4888 858 4944 hareditas.
875 4889 968 4956 Filius,
1018 4891 1072 4947 illis
1092 4891 1227 4962 pollicitus
1255 4892 1353 4947 erami
1368 4891 1490 4947 Deiectio
1518 4891 1660 4959 orationis,
1676 4899 1705 4946 ut
1718 4890 1821 4947 intelli·

173 4973 244 5041 dico,
260 4976 382 5031 indomo
401 4990 458 5030 non
484 4974 605 5046 alterius,
620 4976 670 5031 sed
698 4992 760 5033 tao.
792 4978 857 5046 Quae
872 4978 970 5035 domus
1018 4988 1119 5052 gantur
1147 4979 1275 5050 quaelibet
1300 4979 1528 5044 inconvenientia,
1549 4979 1627 5050 quasi
1646 4978 1750 5034 diceret
1765 4995 1772 5034 :
1790 4979 1820 5035 Si

173 5060 275 5117 Christi
299 5079 351 5117 nos
379 5062 465 5117 renati
484 5078 533 5133 per
551 5063 668 5135 gratiam
687 5081 794 5131 sumus,
808 5066 859 5121 hac
873 5065 970 5122 condi·
1020 5067 1179 5132 introibunt,
1192 5083 1273 5123 nemo
1288 5067 1352 5122 mihi
1368 5068 1461 5123 credat
1474 5067 1602 5123 ulterius.
1628 5066 1678 5122 Vel
1691 5066 1822 5138 quaelibet

172 5149 246 5205 tione
261 5149 332 5216 dico,
350 5166 444 5205 sumus
461 5150 570 5216 domus,
595 5153 620 5207 si
634 5153 810 5209 retineamus
836 5154 971 5222 fidaccicm
1020 5155 1184 5223 hujusmodi.
1200 5156 1269 5211 lllud
1296 5157 1320 5211 si
1339 5156 1448 5228 quidam
1463 5156 1556 5211 dicuat
1571 5172 1632 5211 esse
1656 5156 1735 5227 quasi
1749 5172 1820 5225 nost,

171 5240 241 5312 spei,
256 5238 337 5293 idest
351 5253 428 5309 spem
443 5239 540 5294 lntnrae
567 5239 741 5295 beatitudinis
769 5257 831 5296 cum
860 5240 969 5309 fiducia,
1021 5243 1194 5299 attendentes
1208 5244 1261 5301 vim
1278 5244 1428 5310 sententiae,
1451 5243 1657 5300 condictionis.
1683 5243 1713 5299 Si
1726 5243 1824 5300 introi-

171 5335 201 5382 ut
215 5325 380 5384 fiducialiter
394 5342 556 5397 speremus,
572 5334 598 5382 et
616 5326 640 5381 si
663 5328 828 5383 retineamus
851 5330 971 5400 gloriam
1021 5331 1088 5386 bunt
1101 5331 1162 5388 dico
1176 5337 1209 5388 ct
1223 5348 1276 5405 ego
1286 5335 1393 5404 juravi,
1410 5332 1491 5387 idest
1515 5333 1629 5387 tirmiter
1638 5331 1757 5387 stabilivi
1772 5348 1823 5388 eos

170 5415 241 5486 spei,
257 5415 285 5471 id
300 5422 342 5470 εει
354 5413 505 5487 gloriosam
519 5430 607 5486 spem,
624 5415 687 5486 qaia
697 5416 909 5485 dey‘ucuuditate
919 5408 971 5473 ca·
1022 5434 1076 5475 uon
1103 5420 1251 5476 intraturos
1263 5440 1271 5488 3
1284 5421 1375 5490 juravi
1399 5420 1492 5492 utique
1520 5422 1551 5476 ic
1579 5421 1625 5476 irc
1638 5436 1712 5488 mcc,
1728 5421 1756 5476 id
1779 5427 1824 5476 est

170 5501 244 5560 lasti.
273 5503 449 5561 ltetineamus
478 5502 540 5561 dico
567 5502 694 5561 tiduoiam
718 5505 778 5577 spei
803 5505 927 5578 fimncm,
943 5506 972 5562 id
1022 5507 1130 5580 quando
1144 5507 1230 5566 uatus
1244 5507 1409 5577 eramitlis;
1425 5507 1498 5581 qnod
1513 5515 1657 5580 utrumque
1682 5514 1710 5563 et
1735 5507 1778 5568 ira
1796 5515 1823 5567 ct
