3742 5986
110 125 179 180 tots
544 125 575 180 S.
599 121 757 181 HUGONIS
775 120 883 179 episc.
903 118 1065 177 LINCOLN.
1085 119 1167 179 oab.
1189 117 1314 176 ethin.
1707 116 1760 171 tuat

109 254 164 304 tem
178 247 332 321 precipuus
347 246 518 304 babitustuit
539 246 568 303 in
581 246 687 304 bellicis
708 246 807 315 rebus;
836 245 943 308 lineaA
957 245 1135 318 fugiendum,
1162 245 1218 314 jam
1241 242 1377 299 medicum
1405 240 1523 299 credidit
1560 238 1758 312 expetendum.

109 351 176 392 raro
190 335 332 409 sanguinis
346 335 472 409 generosi
486 335 638 408 potioribus
654 335 733 409 regni
746 335 907 407 proceribus
958 333 1045 402 Quem
1060 332 1142 389 etiam
1164 326 1278 387 anhelus
1302 337 1328 386 et
1354 329 1448 386 anxius
1470 330 1590 386 demum
1622 326 1763 393 invenite

106 423 283 495 jungebatur.
299 423 368 480 Hinc
382 423 457 497 regis
471 423 565 480 lavore
580 423 732 491 comitatus,
746 438 802 478 non
817 423 907 478 inians
958 436 1012 492 quo
1028 429 1055 477 et
1082 419 1217 477 medelam
1244 419 1272 474 in
1295 417 1408 474 remotis
1429 418 1522 490 posito
1551 417 1603 474 rix
1638 415 1762 486 percepit

110 510 167 566 suia
182 527 261 584 quam
285 511 338 566 sibi
359 511 487 566 nonnulla
501 518 601 582 praeter
610 511 656 580 jus
670 510 820 583 usurpandi
834 509 905 565 tidu-
956 525 1037 581 quam
1054 509 1081 563 in
1099 508 1185 566 ticino
1199 514 1295 580 sponte
1309 506 1428 562 oblatam
1442 507 1568 577 recipere
1586 505 1764 575 contempsit

110 598 181 656 oiarn
191 598 353 655 vindicabat.
366 597 502 656 Officiales
511 600 602 671 itaque
611 599 685 654 illius
700 607 796 656 contra
806 598 907 655 monita
958 596 1098 668 Subiitque
1109 596 1165 666 iam
1180 596 1258 652 laetus
1279 594 1419 666 septennis
1438 594 1582 651 sarcinam
1601 591 1766 664 poenitentia

110 687 259 759 Scripturas
285 687 401 744 dicentis
430 706 437 742 :
468 708 479 738 ι
510 687 572 742 Noli
599 703 660 742 esse
689 687 801 742 nimium
818 688 906 756 justus
957 685 1003 756 qni
1018 685 1170 740 breuiorem
1188 683 1337 754 adimplere
1365 690 1581 754 contempserat.

109 775 212 846 (Erote.
230 791 285 843 un,
303 776 357 847 l'l),
372 776 423 830 »in
436 776 583 841 hominem,
598 783 766 848 querentem
775 775 907 832 Ecclesia
992 772 1125 845 (hiblllic
1139 777 1234 828 autem
1246 774 1277 828 r'n
1287 773 1387 843 dtopuu
1405 772 1464 827 t'itu
1478 771 1635 827 inseritur
1648 770 1769 842 peregri·

110 862 345 930 misericordiam,
372 880 469 919 saevam
486 871 644 919 exercentes
656 863 802 933 justitiam,
818 863 906 935 ipsum
956 862 1036 918 notio
1046 862 1209 933 quemfecit
1217 862 1293 930 tingo
1302 863 1399 916 noster
1412 859 1448 915 ad
1462 861 1492 915 Β.
1511 858 1698 921 Antonium,
1711 874 1769 913 cum

110 951 146 1008 de
169 951 268 1006 Christi
283 951 360 1022 asylo
373 951 533 1022 productum
548 950 628 1018 dolo,
653 958 828 1022 peremerunt
842 968 906 1006 sos·
957 948 1162 1005 miraculorum
1173 948 1303 1020 pureum
1315 947 1438 1020 ejusdem
1448 949 1477 1003 Β.
1488 947 1621 1003 Antonii
1633 951 1718 1002 rccto
1733 962 1769 1001 re·

109 1038 220 1111 pendia.
250 1039 324 1094 Tunc
351 1055 417 1095 vero
432 1038 576 1111 episcopus
591 1038 619 1094 in
634 1038 822 1094 transmarinis
837 1056 906 1112 age·
957 1037 1104 1093 citatione.
1118 1035 1193 1105 Quod
1204 1040 1296 1093 totum
1304 1051 1355 1109 pre
1365 1035 1484 1091 vitando
1493 1034 1697 1106 digressionis
1705 1049 1768 1106 pro·

109 1126 166 1182 bat.
178 1125 255 1184 Unde
270 1142 404 1196 reversus,
416 1133 452 1194 et,
465 1126 537 1200 quod
549 1125 648 1184 lactum
663 1135 731 1192 erat,
742 1142 905 1200 agnoscens,
960 1124 1075 1181 ttxitote
1088 1124 1370 1196 pretermittendum
1379 1127 1513 1180 censetur
1523 1122 1720 1195 ndproeaerrs.

109 1215 271 1271 sententiam
281 1214 434 1286 genemlem
449 1214 477 1268 in
491 1223 617 1271 auctores
632 1222 658 1270 et
666 1214 814 1285 complices
827 1215 907 1284 hiqus
1257 1264 1369 1321 CAPUT
1383 1264 1436 1319 XX

108 1302 245 1359 malefacti
271 1302 463 1375 promulgavit.
491 1302 614 1374 Reliquis
642 1318 726 1370 vero,
756 1302 801 1375 qui
825 1318 908 1374 super

108 1389 264 1459 brajusmodi
279 1390 425 1463 sacrilegio
438 1389 612 1446 cauteriatam
623 1390 757 1462 gerebant
766 1389 908 1446 conscien-
957 1371 995 1425 ⁰⁶
1011 1369 1136 1426 “dmm
1149 1370 1229 1426 illim
1243 1373 1271 1426 ⁰2
1287 1373 1402 1452 'mim‘
1415 1369 1490 1442 opud
1518 1370 1766 1442 Gtssliflmlffllmv

109 1477 173 1532 tiam
186 1476 377 1534 ecclesiastice
391 1477 530 1533 humiliter
551 1492 581 1534 se
605 1477 808 1547 subjicientibus
823 1477 907 1534 disci·
993 1441 1766 1636 2²⁶gzzssffflgsswflgssgsszmffi'{aem

108 1565 209 1637 pnnae,
240 1564 285 1620 hltt
312 1564 506 1621 satisfactionis
534 1565 685 1621 abhOi'i'essS
700 1565 948 1662 districtionem,B
995 1585 1024 1636 εἰ
1033 1597 1121 1636 domu
1134 1596 1178 1636 em
1213 1596 1373 1637 gngvgmgg·
1389 1584 1417 1636 gg
1449 1581 1594 1637 numera
1634 1581 1765 1637 0711!de

109 1653 268 1724 relinquens
281 1652 417 1724 Angliam,
432 1653 467 1708 ad
482 1652 622 1709 dominum
646 1669 726 1709 suum
750 1653 909 1727 confugerat
991 1666 1154 1707 recessurus
1183 1651 1216 1707 de
1243 1652 1372 1724 reliquiis
1387 1597 1566 1708 ordinaverit
1587 1669 1608 1706 α
1625 1667 1658 1707 sc
1674 1655 1704 1707 et
1717 1668 1762 1708 auo

108 1741 136 1797 in
167 1740 330 1797 Neuatriam.
366 1739 506 1813 Siquidem
533 1740 666 1813 compulsi
692 1748 769 1797 erant
796 1741 834 1796 illi
862 1741 908 1813 qni
993 1720 1130 1778 m⁰⁷¹⁰⁶h⁰
1150 1722 1313 1794 exquisiti&

108 1843 205 1885 necem
232 1826 377 1884 intulerant
406 1828 538 1900 fugitivo,
568 1844 620 1886 nec
657 1844 711 1886 non
740 1837 767 1885 et
793 1829 832 1884 illi
862 1829 908 1903 qui
994 1825 1100 1882 Dabitis
1115 1841 1183 1900 ergo
1195 1827 1266 1883 votis
1281 1834 1396 1898 patrono
1416 1833 1491 1882 tanto
1508 1827 1550 1897 (S.
1563 1828 1704 1913 Antonio)
1719 1843 1764 1883 so·

108 1911 262 1985 proditione
285 1911 361 1969 iilum
389 1912 423 1968 de
452 1913 536 1985 septis
551 1913 676 1970 ecclesias
702 1920 904 1985 protraxerant,
958 1913 1031 1981 lutis,
1044 1929 1106 1971 cnm
1121 1922 1148 1970 et
1163 1916 1359 1970 xenodochium
1377 1915 1462 1986 ipsius
1485 1915 1540 1972 loci
1555 1916 1640 1987 (296)
1655 1917 1763 1971 aisitas·

107 2000 245 2068 omnibns,
261 2001 381 2073 exceptis
396 2000 583 2070 femoralibus,
599 2001 720 2057 vestibus
742 2001 824 2072 nudi,
850 2001 908 2072 jam
959 2010 1010 2072 set,
1027 2011 1054 2058 et
1068 2003 1096 2058 in
1120 2002 1217 2058 solatia
1244 2003 1399 2059 victualium
1426 2003 1573 2074 pecuniam
1600 2005 1763 2060 custodibus

107 2087 290 2162 putrefactum
313 2089 431 2146 cadaver
457 2089 575 2145 hominis
604 2088 735 2156 effodere,
752 2089 908 2162 feretroque
958 2091 1053 2165 largiri
1067 2090 1243 2164 precepisset
1257 2091 1380 2164 (grandis
1393 2091 1492 2163 quippe
1507 2091 1647 2148 debilium
1670 2092 1762 2148 multi·

107 2176 263 2249 impositum
280 2176 450 2248 asnspendii
463 2176 541 2245 loeo,
567 2176 688 2233 humeris
716 2177 752 2233 ita
766 2176 847 2232 nudis
856 2218 864 2247 ,
880 2177 909 2232 in
958 2179 1033 2245 tudo,
1049 2195 1117 2252 quos
1132 2187 1194 2235 ante
1210 2179 1378 2236 curationem
1388 2180 1499 2235 morbus
1525 2179 1614 2236 trariis
1632 2181 1762 2237 membris

109 2264 204 2321 villam
217 2264 361 2336 pecunius
385 2265 443 2321 tere
468 2264 586 2320 milliarii
613 2265 731 2337 spatium
754 2273 905 2337 reportare.
957 2267 1082 2339 privarit,
1098 2267 1199 2324 ibidem
1224 2267 1359 2340 consistit)
1375 2267 1689 2340 Gratianopolimfflw)
1703 2285 1761 2342 pre»

108 2352 152 2410 td
165 2352 286 2410 omnium
303 2368 411 2426 quoque
425 2352 517 2409 limina
532 2353 710 2411 ecclesiarum
724 2353 811 2426 ipsius
825 2353 909 2410 vicia
957 2353 1044 2412 ficisci
1072 2354 1195 2411 instituit.
1215 2355 1286 2415 Inde,
1308 2371 1426 2428 namque
1449 2357 1484 2412 ad
1504 2356 1687 2413 carthusiam
1713 2374 1760 2430 per

109 2443 214 2500 cunctis
228 2441 302 2498 illius
316 2441 427 2515 capituli
441 2441 608 2515 presbyteris
622 2441 777 2509 verberati,
792 2442 908 2499 circum·
959 2443 1042 2500 ardna
1057 2444 1189 2500 montium
1204 2451 1230 2499 et
1244 2459 1340 2515 aspera
1354 2444 1459 2516 rupium
1479 2444 1532 2500 iter
1560 2446 1721 2516 expeditius
1734 2455 1759 2502 ct

109 2530 207 2603 portati
230 2530 355 2603 corporis
369 2531 510 2598 membra,
532 2531 589 2601 jam
603 2530 747 2602 putredine
761 2530 906 2600 tabefacta,
958 2531 1081 2588 locorum
1096 2539 1192 2587 natura
1206 2540 1232 2587 et
1255 2532 1464 2589 commeantium
1494 2531 1657 2604 frequentia
1683 2543 1759 2606 pate·

108 2619 228 2693 propriis
242 2619 381 2688 manibus,
397 2627 440 2690 et,
464 2627 494 2675 ut
507 2619 608 2677 dictum
623 2626 674 2689 est,
690 2619 770 2675 nudis
798 2635 908 2690 semper
945 2620 1030 2677 lecit.
1043 2621 1126 2690 Cujus
1137 2621 1192 2690 jam
1201 2620 1345 2690 aduentus,
1361 2635 1425 2675 mox
1438 2627 1468 2674 ut
1492 2619 1758 2694 Gratianopolitanis

110 2706 273 2779 corporibus
296 2707 326 2763 in
347 2707 533 2764 coemeterium
555 2707 694 2776 basilicae,
717 2707 789 2763 unde
816 2708 907 2764 virum
958 2709 1082 2775 innotuit,
1098 2708 1219 2764 universi
1226 2708 1328 2780 pariter
1337 2708 1445 2765 obuiam
1461 2716 1543 2763 ruunt
1565 2709 1630 2765 viro
1651 2711 1687 2766 ad
1701 2727 1758 2766 ine

110 2794 279 2863 eduxerant,
308 2795 426 2867 sepelire
452 2802 515 2851 sunt
543 2796 640 2852 coacti.
671 2797 735 2851 Post
756 2797 815 2852 haec
828 2796 909 2851 nudis
957 2797 1022 2851 dum
1033 2796 1183 2852 venerabili
1194 2803 1273 2852 extra
1284 2797 1360 2851 urbis
1371 2797 1482 2861 moenia,
1495 2812 1529 2853 ao
1539 2806 1704 2870 susceptum
1713 2815 1758 2870 per

109 2883 224 2956 pedibus
234 2882 399 2941 hincolniam
414 2883 501 2951 adire,
513 2896 545 2940 ac
556 2900 611 2955 prae
625 2882 728 2940 loribus
738 2883 907 2958 singularum
959 2885 1055 2940 urbem
1071 2884 1189 2939 mediam
1204 2885 1316 2940 tionibus
1330 2892 1356 2941 et
1369 2884 1460 2956 palliis
1475 2884 1659 2957 holosericis,
1670 2888 1759 2944 saria

109 2979 192 3028 tantae
207 2971 322 3028 civitatis
338 2971 513 3028 ecclesiarum
528 2960 615 3028 latera
629 2972 746 3044 flagellis
761 2953 944 3044 exponeres)¹
959 2989 1012 3046 que
1028 2972 1129 3029 decore
1145 2973 1179 3028 ob
1190 2972 1249 3042 ejus
1262 2973 1445 3029 reverentiam
1462 2972 1626 3045 specialiter
1634 2983 1662 3030 et
1670 2976 1758 3047 splen·

111 3068 138 3117 et
152 3059 195 3116 bis
209 3059 317 3127 similia,
333 3058 444 3117 hiemali
457 3060 610 3132 praesertim
632 3068 764 3132 tempore,
787 3061 824 3117 nd
838 3060 907 3116 tole·
957 3061 1048 3117 didius
1061 3069 1194 3128 ornatam,
1210 3075 1297 3132 usque
1325 3060 1360 3116 ad
1384 3061 1413 3117 S.
1435 3062 1548 3117 loannis
1565 3063 1699 3134 baptista
1712 3079 1756 3120 ec-

111 3149 227 3206 randum
241 3149 308 3204 satis
324 3165 424 3222 aspera
435 3149 503 3218 jussi
516 3157 580 3204 sunt
596 3149 729 3220 perterre.
958 3149 1069 3205 clesiam
1085 3148 1270 3205 cathedralem
1282 3164 1345 3205 oum
1359 3149 1472 3205 canticis
1485 3149 1587 3206 laetitiae
1602 3159 1632 3207 et
1646 3152 1758 3208 solemni

147 3238 212 3294 Haeo
225 3237 287 3304 iste,
301 3236 336 3293 de
360 3237 524 3310 quoagitur,
540 3253 601 3294 cnm
618 3254 688 3293 nnus
702 3245 775 3292 esset
790 3252 822 3293 ex
844 3237 906 3304 illis,
957 3237 1095 3294 deducunt
1122 3238 1308 3309 processione.
1331 3238 1396 3292 Erat
1417 3245 1507 3293 autem
1532 3239 1675 3295 natalitius
1701 3241 1758 3296 dies

111 3326 184 3383 terre
207 3340 261 3381 non
287 3326 442 3394 sustinens,
470 3325 598 3399 Angliom
626 3326 718 3381 maluit
732 3326 806 3381 exire
825 3340 908 3398 quam
958 3327 1080 3396 ejusdem
1095 3327 1180 3398 (298),
1205 3333 1268 3397 post
1296 3326 1405 3383 unicam
1429 3326 1524 3381 mundi
1542 3327 1687 3384 dominam
1712 3328 1756 3384 bei

111 3412 208 3487 Anglis
236 3430 270 3469 ex
298 3413 435 3486 condigna
449 3413 608 3485 poenitentia
621 3413 752 3488 gaudium
767 3413 906 3469 exhibere.
958 3414 1135 3481 Genitricem,
1151 3421 1207 3469 tam
1223 3414 1326 3470 ordinis
1348 3414 1550 3485 carthusiensis
1564 3431 1650 3487 quam
1665 3419 1755 3488 etepi-

111 3502 246 3559 Ceterum
259 3501 352 3573 (siout)
363 3503 439 3572 juxta
454 3501 615 3558 sententiam
638 3502 710 3559 beati
733 3502 785 3558 Job
802 3517 808 3557 :
826 3524 837 3550 u
856 3501 908 3571 Qui
957 3501 1139 3573 scopinostri,
1156 3502 1281 3573 specialis
1296 3502 1626 3574 advocatipracursoris
1638 3505 1755 3561 Domini.

110 3589 188 3647 timet
200 3590 336 3663 pruinam,
352 3590 437 3647 irruet
451 3606 536 3662 super
550 3607 611 3645 eum
627 3591 673 3646 nix
688 3590 755 3661 (lob.
768 3605 806 3657 ri,
824 3592 879 3660 16),
894 3610 905 3640 ι
958 3588 1011 3646 [ibi
1024 3589 1134 3644 misaam
1148 3590 1285 3659 majorem
1298 3590 1415 3645 maxima
1429 3605 1492 3646 oum
1514 3590 1665 3648 devotione
1679 3593 1757 3666 llugo

110 3686 137 3735 et
150 3695 224 3751 saepe
238 3679 405 3750 periclitatur
417 3678 532 3744 morbo,
559 3678 604 3751 qui
628 3693 682 3735 non
697 3678 797 3750 patitur
810 3693 908 3749 aspere
957 3677 1114 3743 celebravit,
1134 3684 1160 3734 et
1178 3685 1241 3749 post
1267 3677 1448 3749 Evangelium
1470 3694 1629 3735 sermonem
1645 3679 1709 3737 tecit
1723 3681 1757 3736 ad

109 3767 220 3824 tractari
234 3782 252 3824 a
264 3767 389 3835 medico,
404 3767 466 3824 huic
476 3783 531 3823 non
541 3767 708 3824 dissimiliter
718 3783 752 3823 ex
762 3782 812 3822 suo
826 3765 909 3823 cessit
957 3766 1087 3837 populum
1101 3765 1176 3821 mirae
1195 3765 1335 3822 suavitatis
1354 3773 1464 3822 nectare
1484 3766 1637 3823 conditum.
1660 3768 1757 3839 Sicque

110 3855 233 3912 consilio.
259 3856 312 3925 Qui
335 3856 408 3910 enim
422 3863 514 3912 reatus
542 3856 584 3911 sui
612 3856 696 3911 noluit
710 3854 908 3912 correctionem
957 3854 1122 3925 geminatam
1137 3852 1269 3918 laetitiam,
1284 3861 1310 3909 et
1332 3869 1430 3910 annum
1450 3854 1647 3921 solemnitatis,
1664 3865 1690 3912 et
1700 3857 1758 3928 pri·

110 3944 254 4010 austinere,
271 3944 335 3999 dum
350 3944 440 4000 adhuc
452 3951 535 3999 status
559 3944 601 3998 sui
624 3943 805 4015 integritatem
823 3942 908 4014 potuit
956 3957 1011 3999 mae
1022 3950 1084 4012 post
1093 3942 1275 4013 episcopatum
1290 3941 1451 3998 visitationis
1464 3958 1531 4009 suae,
1547 3942 1658 3999 civibus
1669 3960 1757 4016 qnon-

109 4029 238 4097 retinere,
250 4030 441 4103 ingruentibus
451 4030 515 4087 hinc
529 4030 592 4086 inde
608 4046 691 4102 snper
705 4046 767 4086 eum
782 4029 907 4086 adversi·
957 4031 1021 4086 dam
1034 4038 1061 4085 et
1070 4029 1199 4084 tratribus
1213 4029 1270 4084 suis
1284 4028 1404 4084 salubris
1418 4029 1531 4102 alloquii
1553 4032 1646 4103 gratia
1661 4048 1756 4088 eumu-

109 4125 195 4175 latum
204 4118 341 4190 procellis,
353 4133 386 4174 eo
398 4135 483 4191 usque
493 4118 601 4174 damnis
611 4118 724 4175 affectus
738 4125 780 4174 est
789 4125 816 4173 et
825 4117 907 4173 uariis
957 4117 1030 4183 lavit,
1046 4125 1076 4172 nt
1089 4133 1161 4188 pane
1176 4117 1358 4188 lacrymarum
1372 4117 1477 4173 cibaret
1491 4132 1550 4184 eos,
1567 4118 1642 4174 daris
1657 4120 1698 4175 eis
1706 4135 1757 4191 po-

107 4205 305 4275 inoommodis‚
323 4214 351 4263 ut
363 4250 376 4274 „
393 4207 463 4264 sicut
476 4207 624 4272 asserebat,
640 4206 754 4262 taederet
768 4222 829 4262 euni
846 4205 908 4262 vitm
957 4213 1014 4259 tum
1028 4205 1056 4259 in
1070 4205 1211 4277 lacrymis,
1235 4205 1324 4261 sedin
1347 4221 1478 4260 mensura
1493 4206 1583 4277 (Paul.
1602 4222 1703 4270 cxxix,
1719 4208 1755 4276 a).

108 4310 174 4351 suae.
190 4295 299 4350 Domini
313 4310 422 4367 quoqne
437 4295 489 4362 sni,
501 4295 545 4351 cui
558 4304 688 4367 prestare
698 4294 860 4365 obsequium
874 4309 941 4376 seD
957 4293 1042 4348 Tanta
1057 4293 1174 4364 denique
1189 4309 1251 4350 cum
1274 4293 1432 4357 humilitate,
1442 4293 1542 4364 talique
1561 4310 1595 4349 ex
1611 4295 1758 4351 deuotione

107 4381 256 4438 arbitratus
270 4391 327 4449 est,
351 4383 415 4438 dum
439 4390 531 4440 contra
560 4383 718 4455 episcopum
734 4382 903 4438 recalcitrare
956 4380 1086 4453 suffragia
1101 4381 1256 4437 orationum
1269 4381 1304 4435 ab
1325 4381 1459 4437 universis
1483 4382 1606 4451 expetiit,
1624 4383 1759 4457 exignita-

107 4469 183 4525 nisus
199 4478 255 4540 eat,
281 4470 350 4527 adeo
373 4471 488 4544 gratiam
510 4471 562 4527 sibi
584 4479 708 4527 senserat
727 4486 761 4526 ex
778 4470 831 4526 hoc
844 4469 903 4540 ipso
953 4477 1007 4524 tem
1020 4470 1060 4524 sui
1076 4477 1102 4524 et
1122 4469 1307 4541 indignitatem
1339 4484 1520 4542 exaggerans,
1538 4486 1621 4541 quem
1638 4487 1756 4541 superna

107 4558 255 4625 sublatam,
272 4566 301 4614 ut
315 4575 375 4613 eum
391 4559 417 4613 in
433 4575 483 4614 suo
507 4575 558 4616 nec
573 4559 706 4629 obsequio
721 4559 823 4613 sineret
837 4573 903 4628 per·
953 4557 1075 4629 dignatio
1090 4557 1124 4612 de
1139 4565 1258 4613 stercore
1272 4556 1404 4613 elevatum
1416 4556 1578 4613 collocasset
1588 4557 1618 4612 in
1634 4559 1754 4623 sublimi,

104 4662 233 4711 manere,
259 4662 309 4702 noc
337 4647 364 4701 in
388 4663 437 4702 suo
464 4656 576 4719 aspectu
608 4647 723 4701 libenter
746 4661 807 4701 eum
822 4645 904 4700 vellet
953 4651 982 4699 ut
996 4646 1031 4699 ab
1046 4643 1132 4701 oculis
1156 4645 1277 4700 omnium
1291 4645 1379 4700 exitus
1402 4659 1534 4716 aquarum
1549 4646 1705 4703 educerent
1714 4647 1756 4703 ia-

105 4750 246 4808 apparere.
263 4734 315 4803 Qui
330 4750 458 4792 reversus
473 4736 582 4791 tandem
598 4734 627 4789 in
648 4751 687 4801 se,
701 4749 782 4806 quem
797 4734 902 4789 censuit
952 4732 1054 4803 crymis
1068 4732 1229 4788 distillantes
1244 4733 1315 4789 oculi
1331 4733 1382 4788 sui.

138 4910 209 4978 (295)
220 4912 316 4966 Omittit
337 4913 492 4964 abbreviator
509 4913 628 4977 quadam
647 4885 702 4974 quae
718 4913 739 4963 si
758 4911 897 4974 addidisset,
949 4910 1076 4961 cellarum
1090 4909 1207 4972 adjuncto
1226 4911 1394 4974 xenodochio,
1408 4910 1552 4975 recipiendis
1571 4914 1680 4977 Antonio
1704 4914 1758 4978 igne

102 4979 172 5030 labor
183 4993 231 5031 non
243 4981 329 5031 inisset
341 4981 421 5030 inanis
433 4980 464 5029 ob
484 4980 663 5042 antiquitatem,
686 4979 791 5030 manime
808 4978 829 5028 si
841 4979 898 5029 talia
948 4976 1116 5027 laborantibus
1130 4976 1234 5028 infirmis
1246 4978 1372 5041 deputato.
1387 4995 1397 5025 x

102 5044 183 5096 torent
195 5046 358 5096 bollandianis
369 5047 392 5096 in
406 5047 460 5096 Vita
472 5047 498 5096 S.
511 5045 608 5097 Antonii
620 5046 752 5109 incognita.
983 5055 1054 5119 (aar,
1068 5055 1143 5118 Vulgo
1154 5057 1283 5116 (treuobte,
1295 5057 1453 5119 Delphinatus
1462 5057 1518 5107 urbs
1529 5057 1662 5120 primaria,
1676 5060 1700 5109 in
1712 5073 1757 5114 nna

136 5129 205 5191 (296)
230 5131 309 5179 «time
326 5135 363 5180 cst
384 5133 411 5181 s.
438 5131 537 5181 antonii
560 5130 664 5180 ecclesia
685 5130 715 5180 de
741 5133 805 5180 mota
824 5141 898 5191 prope
949 5123 1022 5173 sedes
1035 5122 1196 5186 episcopium
1211 5123 1237 5172 in
1250 5135 1296 5185 qna
1310 5127 1364 5184 post
1375 5127 1485 5174 sanctum
1503 5124 1633 5184 hugonem
1645 5138 1691 5176 sex
1716 5126 1755 5176 alti

101 5194 220 5245 Viennam
233 5195 317 5257 (rerba
333 5200 390 5247 sunt
401 5196 532 5247 mabillonii
553 5200 613 5246 tom.
627 5196 646 5245 V
664 5197 753 5247 annal.
763 5196 854 5246 bened.
870 5210 892 5259 p.
952 5194 1124 5240 successerunt
1136 5201 1165 5238 ex
1177 5189 1263 5239 ordine
1274 5190 1441 5240 Carthasicnsi
1454 5191 1580 5253 assumpti·

101 5260 161 5324 369)
175 5261 289 5323 adquam
301 5263 382 5325 magni
393 5262 456 5313 illius
472 5264 497 5312 S.
521 5263 621 5313 Antonii
640 5274 736 5325 corpus,
754 5262 843 5312 saeculo
862 5276 897 5325 xr,
983 5266 1054 5331 (298)
1068 5266 1112 5329 Qui
1122 5267 1154 5316 tt
1169 5267 1232 5317 lunii
1246 5279 1324 5318 annuc
1343 5269 1456 5330 recurrit,
1470 5280 1517 5329 qno
1529 5273 1554 5319 et
1566 5269 1592 5320 S.
1607 5271 1680 5334 hingo
1692 5270 1750 5321 illac

101 5329 246 5380 translatum
260 5327 368 5392 tradunt,
382 5329 421 5378 ubi
435 5333 516 5380 erecta
528 5342 541 5380 a
554 5328 642 5380 ltontis
659 5328 757 5391 hiajaris
772 5330 898 5380 monacbis
949 5338 990 5384 aut
1002 5334 1147 5396 praecedenti
1160 5334 1199 5385 die
1211 5334 1288 5395 venit,
1303 5333 1435 5385 honorifice
1447 5337 1564 5396 receptus
