3750 5984
105 242 173 295 3093
792 228 882 284 VITA.
899 254 933 268 -
947 225 1012 281 ttn.
1033 223 1065 280 V.
1686 225 1756 280 tons

105 362 241 434 dirigant,
268 359 304 414 ita
326 358 416 413 llariae
440 363 554 412 matrem
582 354 709 426 precibus
730 353 866 408 advocare
881 351 945 410 οιΑ
959 347 1088 404 adventui
1102 347 1161 417 ejus
1175 346 1394 418 congratulando
1408 346 1616 418 applaudentes,
1633 346 1682 404 sed
1702 363 1762 404 mo·

107 448 265 505 muneribus
294 445 449 518 corrogatis
476 443 595 508 ambire,
620 450 648 497 nt
671 456 782 497 currere
797 447 907 510 queant,
958 435 1044 491 lestie
1059 434 1206 506 corporali,
1227 451 1279 506 qua
1294 433 1369 489 illum
1386 433 1513 489 affectum
1527 434 1696 502 didicerant,
1716 437 1761 489 ni·

108 554 171 595 cnm
204 533 403 590 subsidentium
436 540 580 587 ventomm
619 529 768 601 spiramina
803 526 909 582 itineris
959 519 1013 574 mio
1037 532 1156 574 merore
1183 517 1389 588 compatientes.
1416 516 1491 586 Quos
1518 516 1564 572 illc
1586 517 1762 590 magnanima

109 632 290 682 commeatum
304 628 416 695 negant.
434 619 503 676 lluic
531 635 598 676 vero
625 633 734 688 semper
758 617 832 687 (333)
847 621 911 686 post
959 605 1050 662 cordis
1065 605 1174 677 orisque
1188 605 1343 661 constantia
1365 620 1536 677 magnopere
1550 604 1687 660 consolari
1701 612 1762 660 stu-

108 714 209 785 ipsium
223 718 315 766 natam
329 707 577 779 iamiliariusllugo
592 713 619 762 et
628 705 753 762 devotius
768 702 910 774 depende·
960 693 1035 754 duit:
1051 693 1183 764 vultuque
1197 707 1296 749 sereno
1311 691 1419 765 flagella
1433 691 1576 749 Dominies
1594 692 1680 748 servis
1704 692 1763 748 Do-

111 802 156 856 hat
171 797 354 856 venerationis
368 795 557 865 obsequelam.
586 793 654 862 Quae
672 792 725 847 sibi
747 790 866 848 vicissim
883 791 912 844 in
960 781 1027 838 mini
1040 781 1131 837 dultia
1144 797 1206 837 ³⁸80
1220 780 1338 847 debete,
1365 788 1390 836 el
1413 780 1504 837 Verbis
1519 779 1619 851 docuit,
1634 788 1661 836 el
1676 779 1762 852 suiip-
1791 839 1792 842 ,

109 889 216 944 cunctis
231 884 439 942 necessitatibus
449 890 476 939 et
486 882 616 953 periculis
634 880 753 938 celerem
773 878 912 951 repende·
961 871 1018 928 sius
1033 868 1159 940 exemplo
1174 868 1333 925 declaravit.

112 976 160 1030 bat
183 972 396 1046 opitulationem.
420 972 497 1027 Tunc
519 985 628 1042 qnoque
643 984 704 1024 eam
718 965 855 1023 invocanti
869 965 912 1021 le·
997 959 1032 1014 Et
1047 973 1113 1013 sane
1128 957 1270 1014 oculorum
1284 956 1421 1013 hebetudo
1444 957 1547 1013 sensim
1561 958 1710 1029 irrepserat
1737 956 1766 1014 ei

112 1062 185 1118 stina
200 1059 304 1128 adluit,
329 1067 409 1131 atque
430 1073 511 1114 cursu
526 1055 710 1129 placidissimo
725 1054 809 1109 littori
823 1061 914 1124 optato
962 1063 1023 1119 que
1048 1045 1170 1118 pulveris
1199 1052 1225 1101 et
1252 1045 1385 1102 caumatis
1399 1045 1554 1102 continuato
1568 1052 1690 1118 ingestu,
1704 1061 1765 1101 me·

112 1149 241 1206 celeriter
254 1147 396 1218 appulsum
408 1147 479 1201 adeo
488 1144 651 1200 exhilaravit
660 1151 689 1198 ut
698 1141 840 1199 confestim
850 1148 913 1212 post
962 1141 1076 1190 rnorate
1090 1132 1267 1204 protectionis
1290 1140 1427 1203 tempore,
1442 1133 1584 1189 oculorum
1599 1132 1686 1190 aciem
1699 1132 1764 1204 pln-

114 1250 225 1309 pressas
235 1234 359 1307 vestigiis
368 1248 467 1290 arenas
481 1231 626 1289 ecclesiam
637 1238 752 1303 poteret,
768 1229 914 1285 missarum
963 1221 1061 1276 ritnum
1072 1221 1305 1277 reverberaverat.
1318 1218 1370 1289 Qut
1384 1219 1482 1276 crebro
1496 1220 1708 1293 suggerentibus
1718 1235 1768 1277 no·

115 1323 248 1379 solemnia
274 1322 310 1378 de
338 1336 415 1377 sacro
437 1320 524 1391 ipsius
547 1318 693 1391 puerperio
712 1317 910 1374 celebraturus.
964 1308 1025 1374 bis,
1050 1315 1185 1380 quatenus
1208 1307 1324 1376 alicuius
1338 1322 1420 1379 opem
1434 1306 1549 1364 medelae
1563 1307 1665 1364 sineret
1688 1307 1766 1364 adhi-

116 1411 177 1480 Qno
201 1417 275 1467 certe
300 1425 333 1465 er
355 1408 428 1464 iacto
443 1407 510 1463 satis
525 1407 610 1478 patuit
624 1414 725 1478 quanta
738 1404 819 1460 inerit
833 1404 861 1458 in
881 1418 915 1458 eo
963 1395 1039 1464 beri,
1069 1412 1122 1450 una
1150 1410 1258 1466 semper
1285 1402 1313 1450 et
1339 1395 1437 1451 eadem
1464 1409 1532 1451 voce
1555 1395 1763 1467 respondebat:

116 1514 186 1571 erga
199 1497 342 1554 Dominica
354 1502 524 1551 sacramenta
533 1494 651 1560 devotio,
664 1509 745 1565 quem
755 1506 843 1564 neque
857 1505 916 1545 rna·
968 1506 979 1535 ι
996 1483 1078 1551 Satis,
1094 1482 1238 1555 inquiens,
1263 1481 1337 1538 oculi
1350 1482 1429 1538 nohis
1443 1482 1488 1538 isti
1502 1482 1658 1552 sufficient,
1674 1498 1765 1557 quan·

115 1587 175 1643 rina
202 1585 331 1655 jactatio,
362 1598 488 1639 naccum
502 1581 629 1639 morbida
643 1579 798 1638 valetudine
818 1578 917 1634 inedie
965 1571 1011 1626 diu
1025 1570 1106 1626 inerit
1119 1569 1242 1641 ipsorum
1256 1569 1409 1626 nsusnobis
1422 1570 1605 1626 necessarius.
1621 1571 1670 1626 llis
1685 1571 1767 1644 igitur

118 1672 277 1745 permultos
283 1672 339 1741 jam
349 1669 409 1726 dies
418 1677 553 1741 protracta
566 1668 724 1734 maceratio,
737 1666 953 1755 adivinorumB
967 1657 1144 1715 exterioribus
1159 1672 1307 1729 parumper
1321 1658 1443 1728 obtusis,
1473 1673 1526 1715 nec
1546 1665 1638 1714 tamen
1652 1658 1767 1730 pristino

116 1759 300 1817 celebratione
314 1758 400 1830 potnit
414 1757 554 1824 cohihere,
565 1756 640 1828 qnia,
651 1756 722 1813 sicot
736 1755 841 1828 pridem
855 1769 918 1810 mo·
967 1747 1069 1803 decore
1082 1745 1201 1801 exterius
1215 1745 1347 1817 venetia,
1371 1745 1503 1801 luminum
1517 1746 1676 1802 interiorum
1702 1746 1766 1802 lirn-

117 1849 232 1915 nachus,
248 1847 354 1919 quoties
368 1847 403 1902 de
416 1846 551 1917 permissu
565 1843 670 1900 ordinis
683 1844 759 1900 licuit
769 1844 855 1914 (340),
879 1842 918 1898 ita
967 1834 1056 1906 pidiOt
1078 1834 1112 1890 de
1135 1833 1179 1890 die
1203 1833 1231 1888 in
1254 1833 1327 1890 diem
1350 1834 1460 1890 claritas
1484 1834 1660 1890 reddebatur.
1685 1835 1766 1906 Apud

117 1938 173 2006 jam
189 1935 354 2008 episcopus,
370 1933 476 2005 quoties
500 1932 569 1988 ratio
583 1931 757 2004 possibilitati
771 1929 917 2001 concurrit,
968 1920 1141 1978 Cantauriatn
1168 1936 1250 1992 tero,
1274 1922 1321 1977 ulti
1345 1921 1433 1977 solent
1461 1921 1644 1993 quorumdam
1667 1922 1768 1995 sepius

119 2025 218 2080 missas
232 2022 372 2080 celebrare
385 2022 461 2077 nullo
475 2031 598 2093 tempore
611 2020 794 2092 pretermisit.
809 2020 851 2074 Ex
866 2033 920 2090 qus
968 2009 1055 2067 levari
1066 2009 1253 2083 egritudines,
1270 2008 1355 2081 ipsius
1369 2010 1440 2065 adeo
1453 2009 1595 2081 ingravata
1619 2019 1661 2067 est
1684 2011 1768 2084 egri·

119 2113 255 2185 precipue
269 2110 389 2167 muneris
402 2110 474 2166 sacri
498 2109 678 2166 devotissima
700 2107 921 2181 frequentissima
968 2099 1052 2166 11310,
1076 2105 1107 2153 ul
1126 2096 1192 2154 inde
1206 2097 1379 2163 londonias,
1407 2112 1463 2154 110ss
1490 2106 1590 2168 ptaeter
1603 2097 1767 2168 molestiam,

119 2199 294 2272 perceptione
309 2207 336 2254 et
345 2197 513 2270 singularem
523 2197 615 2254 cordis
629 2197 790 2253 munditiam
804 2204 831 2251 et
844 2196 920 2252 insn-
968 2187 1068 2259 ptrtitn
1082 2184 1250 2258 equitando,
1276 2185 1373 2256 partim
1388 2185 1478 2242 navali
1497 2185 1623 2242 vehiculo
1636 2187 1769 2259 deporta-

120 2287 272 2359 perabilem
285 2286 445 2342 constantie
459 2292 673 2356 ceterarumque
687 2284 816 2340 virtutum
831 2282 920 2338 firmi·
969 2283 1055 2331 retur.
1070 2274 1143 2331 Nihil
1158 2281 1250 2329 tamen
1262 2274 1322 2329 hec
1336 2273 1395 2329 suis
1408 2273 1478 2329 votis
1492 2274 1697 2342 adversabatur,
1719 2291 1770 2332 nec

120 2383 204 2431 tatem
219 2374 343 2431 obtinere
358 2373 517 2444 promeruit,
533 2372 582 2428 sed
596 2379 623 2428 et
637 2370 812 2426 invisibilium
827 2385 921 2426 rernm
969 2363 1106 2435 precibus,
1123 2377 1192 2434 quas
1205 2361 1234 2417 in
1249 2361 1350 2434 templo
1364 2361 1463 2418 devote
1474 2361 1620 2433 libaverat,
1637 2362 1769 2436 quidquid

121 2472 148 2521 et
163 2462 341 2534 spiritualium
355 2469 521 2517 secretorum
537 2459 664 2531 mysteria
679 2459 705 2514 ei
728 2457 856 2515 divinitus
868 2472 920 2529 pa·
971 2451 996 2506 ei
1010 2450 1118 2517 accidit,
1134 2450 1163 2506 in
1174 2449 1266 2523 aliquo
1280 2449 1418 2506 obviabat.

120 2551 207 2607 tuisse
220 2551 290 2606 inter
303 2550 364 2621 ipsa
377 2549 529 2605 reverenda
552 2548 666 2605 canonis
684 2554 792 2604 secreta
806 2545 922 2601 familia-

123 2655 169 2695 res
183 2638 269 2709 ipsius
283 2653 337 2693 non
351 2636 436 2692 latuit.
467 2636 621 2708 Aliquando
646 2642 738 2691 nmen
751 2633 922 2705 capellanum
1256 2641 1370 2700 (ιιιιιιιτ
1382 2641 1485 2699 ιιιιιιι,

126 2743 222 2794 suum,
245 2743 327 2799 quern
348 2725 437 2798 pridie
458 2724 619 2796 sanguinem
647 2723 778 2780 minuisse
807 2722 921 2792 sciehat,
1228 2793 1246 2807 ..
1277 2795 1282 2806 ·
1498 2794 1504 2809 .

125 2815 237 2871 missam
264 2813 419 2871 celebrasse
433 2812 580 2886 cognovit;
610 2828 693 2884 quem
719 2820 784 2868 tunc
812 2810 924 2883 quidem
974 2792 1365 2862 Qualilssrlmwmmm
1374 2797 1558 2865 &97026220'10
1573 2795 1772 2869 mamlius!

125 2902 225 2958 blande
239 2901 379 2974 corripuit,
394 2901 444 2958 sed
458 2902 510 2958 hoc
523 2900 623 2956 iterum
638 2907 814 2956 attentantem
828 2898 924 2955 durius
1008 2864 1776 3007 mffifflffilgdamttztmtgtscettfgtceirglzqqrclegg,

124 2991 291 3060 increpavit,
315 2989 436 3046 districte
449 2989 598 3061 prohibens
611 3004 646 3044 ne
659 2987 772 3043 ulterius
787 2987 815 3042 id
834 2986 924 3043 lacere
1006 3004 1126 3076 pondis,
1155 3007 1183 3059 et
1211 3005 1324 3074 utum,
1348 3021 1431 3076 quem
1453 3020 1562 3076 semper
1583 3005 1620 3061 cd
1643 3006 1773 3074 divinam

126 3085 318 3150 presumeret,
344 3086 371 3134 et
392 3076 511 3149 pericula
534 3092 568 3132 ex
582 3076 630 3131 tali
644 3073 856 3146 presumptione
870 3088 926 3129 non
1011 3075 1134 3145 officinm
1157 3074 1308 3142 deiceret,
1333 3092 1392 3130 aare
1416 3073 1527 3131 dimisit
1546 3079 1576 3131 et
1597 3077 1722 3149 qualiter
1735 3081 1773 3137 cd

127 3166 213 3222 semel
227 3165 376 3231 accidisse,
401 3173 426 3220 et
442 3164 494 3220 sibi
508 3163 659 3220 innotuisse
672 3163 854 3219 memorabat.
1011 3159 1106 3215 'edem
1129 3145 1267 3200 mmm
1289 3149 1317 3201 02
1347 3145 1591 3218 “Whissli'ffllmm
1618 3162 1648 3204 ³⁶
1675 3147 1775 3209 'tabuit

162 3256 277 3320 terum,
292 3262 322 3308 nt
335 3261 425 3325 coepta
439 3252 571 3324 procedat
584 3252 680 3316 oratio,
705 3251 778 3308 diem
793 3250 926 3306 adventus
1011 3230 1099 3271 “m
1117 3213 1256 3270 ”mundi
1272 3215 1468 3273 mmmm
1481 3217 1518 3272 “d
1532 3215 1672 3274 camdem.

100 3411 106 3418 ἱ
129 3341 171 3397 sni
185 3341 212 3397 in
222 3340 349 3413 Angliam
362 3340 434 3411 apud
445 3341 566 3396 Douram
579 3340 655 3412 (stt)
670 3339 715 3394 ubi
730 3337 857 3410 applicuit
872 3352 927 3393 una
1012 3338 1158 3410 Postquam
1173 3352 1240 3394 vero
1253 3338 1395 3411 proprium
1405 3339 1595 3408 diversorium,
1607 3341 1680 3413 quod
1696 3357 1775 3398 secus

129 3445 191 3486 cum
207 3428 311 3485 clericis
326 3428 441 3500 aliisque
455 3427 612 3484 domesticis
627 3435 654 3483 et
669 3426 763 3482 amieis
777 3426 833 3481 suis
844 3427 927 3498 (quo-
977 3426 1132 3483 londonias
1146 3426 1218 3497 apud
1233 3434 1311 3483 vetus
1328 3426 1457 3498 templum
1472 3428 1632 3499 possidebat
1646 3429 1720 3501 (333)
1734 3430 1776 3486 in-

130 3532 190 3572 rum
213 3516 314 3572 ibidem
336 3515 415 3571 tnrbn
429 3531 484 3572 non
496 3515 603 3572 modica
617 3522 754 3586 speratam
776 3521 803 3569 et
823 3528 928 3585 preco·
977 3529 1090 3587 gressm
1105 3522 1156 3581 est,
1172 3514 1329 3570 anhelantia
1343 3513 1464 3571 febribus
1487 3515 1610 3572 membra
1633 3517 1711 3590 quies
1734 3517 1774 3574 le·

130 3605 233 3676 gnitum
247 3604 332 3675 ipsius
344 3603 518 3676 presentiam
539 3603 755 3674 exspectaverat)
774 3601 863 3658 letam
877 3601 927 3657 le-
977 3601 1041 3658 ctuli
1055 3602 1178 3674 protinus
1189 3601 1305 3673 excepit.
1318 3602 1397 3672 Quod
1406 3603 1555 3660 amicornm
1570 3603 1655 3676 ipsius
1664 3604 1776 3677 plurimi

130 3701 186 3748 tns‘
197 3693 256 3762 ipse
278 3706 342 3748 cum
355 3691 423 3748 letis
438 3690 539 3764 exegit.
567 3693 597 3747 ln
625 3690 745 3747 crastino
760 3689 928 3744 Dobeminm
976 3689 1128 3757 intuentes,
1155 3690 1284 3746 mestitia
1298 3690 1531 3760 continebantur,
1553 3700 1581 3748 et
1593 3691 1654 3764 ipso
1667 3709 1776 3765 quoque

130 3780 215 3837 venit.
230 3779 271 3834 lbi
284 3778 382 3836 Christi
397 3779 536 3835 basilicam
550 3793 622 3848 mox,
645 3778 692 3833 nbi
707 3778 804 3834 urbem
816 3777 928 3850 ingres·
977 3778 1105 3834 audiente
1128 3778 1248 3834 divinam
1263 3779 1413 3836 exorabant
1428 3779 1619 3847 clementiam,
1644 3788 1778 3852 quatenns

132 3884 189 3934 sus,
205 3866 289 3922 adivit
301 3867 329 3922 in
349 3882 401 3939 qna
415 3866 502 3938 primo
516 3867 552 3922 ad
567 3865 714 3922 salvatoris
728 3880 814 3932 aram,
829 3864 930 3922 deinde
977 3867 1068 3939 ipsum
1082 3864 1248 3923 incolumem
1262 3867 1395 3925 Ecclesiae
1409 3884 1465 3924 sue
1479 3866 1559 3934 liliis,
1575 3867 1610 3924 ad
1623 3868 1709 3941 ipsius
1719 3869 1776 3938 iam

132 3956 167 4011 ad
177 3955 299 4027 singulas
309 3962 464 4011 sanctorum
478 3954 506 4010 in
516 3969 548 4010 ea
558 3952 756 4027 quiescentium
769 3953 927 4019 memorias,
978 3954 1025 4011 diu
1050 3955 1166 4011 reditum
1190 3954 1272 4012 valde
1293 3955 1435 4027 suspensis
1457 3955 1560 4013 restitui
1580 3940 1698 4026 juher‘et.
1721 3958 1777 4015 llos

132 4043 302 4114 maximeque
329 4043 365 4098 ad
392 4041 507 4114 gloriosi
534 4040 663 4114 martyris
677 4042 788 4098 Thome
815 4055 929 4098 manso·
977 4042 1024 4099 ille
1039 4043 1131 4114 paucis
1145 4043 1247 4100 blande
1269 4044 1425 4101 consolatus
1438 4044 1477 4100 ait
1493 4059 1500 4100 ι
1518 4066 1530 4095 ι
1546 4044 1622 4101 Filiis
1636 4045 1736 4102 nostris
1749 4045 1779 4102 in

131 4132 213 4188 lenm
226 4130 387 4198 diutissime,
400 4131 450 4187 sed
464 4138 491 4186 et
505 4130 680 4187 devotissime
698 4145 791 4198 orans,
808 4130 929 4202 seipsum
979 4131 1085 4188 Christo
1099 4131 1278 4199 charissimis,
1295 4132 1353 4189 sive
1367 4148 1489 4205 presens
1503 4148 1630 4206 corpore,
1645 4133 1703 4189 sive
1726 4133 1779 4188 ab·

131 4228 158 4277 et
173 4235 238 4275 suos
251 4218 344 4277 divino
358 4218 485 4291 presidio
501 4226 528 4275 et
541 4218 693 4290 patrocinio
707 4218 757 4274 Dei
772 4226 929 4275 sanctornm
980 4235 1053 4286 sens,
1068 4219 1202 4290 spirituali
1216 4235 1355 4292 nunquam
1368 4220 1514 4291 presentia
1527 4221 1626 4277 deesse
1639 4220 1746 4278 valebo.
1765 4245 1777 4272 a

132 4308 260 4364 attentius
275 4306 488 4364 commendavit.
508 4307 585 4372 Hinc,
608 4305 701 4377 priore
714 4303 862 4376 multisque
876 4305 930 4360 lra-
980 4307 1080 4363 Verum
1104 4307 1138 4363 de
1159 4306 1314 4364 valetudine
1328 4307 1385 4364 sive
1399 4307 1543 4379 presentia
1556 4324 1618 4364 mea
1632 4309 1778 4381 corporali,

133 4396 222 4451 tribus
235 4412 321 4468 usque
336 4395 371 4451 ad
385 4395 482 4450 atrium
494 4393 611 4450 exterius
635 4393 724 4464 ipsum
739 4408 801 4450 cum
815 4391 1036 4452 venera-Dima
1050 4394 1126 4451 etde
1140 4395 1246 4466 meipso
1271 4403 1337 4465 toto,
1354 4395 1441 4451 Patris
1456 4395 1560 4468 solius,
1587 4397 1634 4470 qui
1660 4397 1689 4456 in
1704 4396 1781 4455 coelis

132 4484 205 4539 tione
220 4482 427 4561 deducentibus,
442 4482 477 4538 ad
490 4481 636 4553 hospitium
650 4497 729 4536 snum
745 4480 862 4537 divertit.
875 4479 933 4537 lllic
981 4492 1033 4550 est,
1049 4483 1173 4540 voluntas
1187 4499 1296 4555 semper
1316 4482 1371 4541 liat.

132 4572 207 4644 regis
219 4571 376 4641 justitiarii,
396 4586 448 4628 nec
462 4586 518 4626 non
532 4580 558 4626 et
585 4570 709 4642 plerique
725 4570 870 4641 optimates
884 4584 933 4624 re·
1016 4572 1165 4628 Transacta
1188 4587 1255 4629 vero
1269 4572 1296 4628 in
1312 4573 1410 4630 eodem
1424 4572 1483 4631 loco
1500 4581 1580 4631 nocte
1594 4589 1657 4643 una,
1673 4581 1783 4646 postera

133 4658 181 4731 gni
196 4659 275 4730 (qnos
288 4659 324 4714 ad
337 4659 429 4715 locum
442 4658 536 4724 illum,
553 4658 647 4714 nescio
662 4657 722 4730 quis
737 4673 837 4724 cens,
867 4665 933 4714 tunc
981 4659 1037 4726 die,
1053 4659 1106 4731 ipsi
1115 4660 1162 4732 qni
1171 4661 1230 4717 hec
1240 4660 1350 4733 scripsit
1361 4663 1434 4734 (sta)
1446 4662 1496 4717 ista
1515 4662 1622 4719 locutus
1639 4669 1699 4718 est:
1713 4661 1780 4730 «ili,

133 4747 275 4818 asciverat)
298 4748 456 4818 episcopum
482 4745 604 4802 certatim
627 4745 746 4802 invisere
765 4745 931 4817 gaudebant,
982 4747 1101 4820 quinos,
1126 4747 1227 4820 inquit,
1244 4749 1432 4820 temporaliter
1446 4749 1572 4823 diligunt,
1587 4749 1643 4806 imo
1658 4757 1685 4805 et
1698 4748 1781 4821 spiri-

170 4921 241 4988 (333)
253 4922 387 4987 lgtturjam
399 4927 425 4977 s.
446 4924 554 4987 lingonis
573 4927 684 4988 tempora
704 4926 790 4975 sancta
808 4925 888 4984 tuna,
907 4925 934 4974 ut
1015 4924 1088 4990 (sta)
1100 4927 1128 4978 ln
1137 4927 1183 4977 hoc
1195 4927 1279 4981 extera
1287 4930 1314 4981 s.
1328 4928 1446 4989 ansonis,
1457 4931 1485 4979 ιιι
1496 4927 1569 4990 intra,
1583 4939 1606 4978 c.
1618 4926 1652 4978 tl
1662 4964 1670 4991 ,
1681 4926 1782 4994 dicitur,

136 4989 304 5052 navigantium
315 4995 429 5055 patrona,
442 4992 603 5043 venerabatur
623 4991 649 5041 in
661 4991 759 5055 hughe,
778 4989 846 5052 cuins
858 5002 935 5042 vene·
982 5005 1110 5056 aeorpore
1119 4993 1210 5055 oblata,
1230 4993 1255 5044 in
1267 5007 1325 5047 vasa
1337 4994 1449 5057 plumbeo
1470 4994 1595 5046 recondita
1613 4997 1682 5046 sunt.
1710 4994 1784 5046 vetita

125 5055 200 5106 ’ratio
212 5056 340 5118 plurimum
353 5058 431 5110 crevit
441 5059 471 5109 ad
483 5058 557 5108 tinem
570 5057 651 5109 seculi
663 5071 715 5108 xiv.
983 5059 1041 5111 illnd
1053 5062 1154 5111 vocabar
1165 5066 1278 5122 respectu
1290 5063 1346 5114 novt
1355 5061 1440 5125 templi
1452 5073 1460 5123 ;
1472 5061 1538 5110 unde
1556 5060 1620 5124 apud
1640 5060 1780 5113 trivettum

172 5136 245 5205 (sto)
261 5140 471 5192 vtnenonmtn.
486 5155 520 5201 ιι,
534 5141 798 5205 cantanensium,
812 5142 849 5192 cur
861 5141 933 5203 arro,
984 5127 1008 5176 in
1020 5128 1113 5177 crmn.
1127 5127 1158 5177 aa
1169 5139 1229 5204 aaa·
1247 5129 1322 5193 (ιιι,
1345 5126 1441 5190 ennam
1459 5126 1591 5178 nonnanis
1605 5129 1673 5197 anst
1694 5138 1782 5180 ros·

137 5210 247 5269 tempore
257 5207 331 5257 etiam
343 5208 458 5270 Guigonis
469 5209 501 5271 V,
513 5207 650 5260 carthusie
662 5209 758 5269 pneris,
770 5208 793 5258 in
807 5219 850 5258 nsn
860 5208 935 5258 lutea
984 5194 1098 5256 utillum
1110 5193 1240 5258 witikint·

138 5272 270 5323 tricenaria
290 5276 399 5323 recenter
418 5273 677 5336 defunctisconcessa,
690 5286 792 5336 quornm
812 5274 936 5336 quodlibet
1019 5292 1090 5360 (513)
1102 5294 1201 5346 mpod
1213 5293 1391 5357 scffioetvqae,
1415 5293 1455 5356 quq
1478 5298 1534 5360 Μ
1553 5307 1631 5361 pauca
1650 5307 1678 5349 ω
1696 5307 1784 5349 mom,

137 5337 288 5416 requirebat,
302 5344 328 5390 ut
339 5351 383 5403 per
394 5340 494 5401 triginta
514 5341 568 5418 dlcs
590 5340 637 5390 sibi
650 5341 758 5418 ‘invicem
780 5340 936 5417 succedentes
985 5360 1057 5413 chum
1070 5364 1096 5412 ει
1106 5361 1275 5426 presbyterum
1287 5361 1394 5424 qum
1406 5359 1482 5414 misse
1493 5361 1631 5426 promtu„

138 5417 212 5455 missa
223 5404 391 5468 prodetnncto
403 5405 544 5458 redderetur
555 5419 580 5457 tn
592 5406 687 5469 publico
699 5406 738 5457 vel
750 5417 775 5456 tn
787 5408 890 5470 privato.

173 5486 244 5552 (stt)
261 5489 342 5540 Doara
354 5489 426 5541 hodie
437 5490 558 5554 neore,
571 5489 629 5542 urbs
642 5491 667 5542 el
680 5493 763 5553 portus
777 5489 870 5554 angle
882 5502 936 5542 tne-

139 5553 276 5616 rtdtonnlis,
290 5568 304 5607 e
317 5555 416 5619 regiam
428 5557 516 5620 caleti,
529 5557 632 5611 celebris
641 5556 726 5610 Gadie
738 5560 834 5623 portus.
