3742 5986
101 201 150 256 tot
368 199 399 256 S.
427 194 605 258 axuNONts
623 193 949 258 cuufflustuttohtttt
966 192 1208 255 trtsrtxttrottts
1226 193 1303 254 OPP.
1324 192 1423 253 PARS.
1444 192 1479 254 ll.
1695 192 1751 253 lbi

100 324 172 397 cipio
186 325 263 398 digni
277 325 396 381 habendi
411 333 474 380 sunt
487 325 651 399 presbyteri.
666 326 730 398 quia
745 324 809 380 dicit
823 322 935 386 Scri-A
949 323 1022 380 dicio
1044 323 1192 395 quemlibet
1220 323 1429 392 examinaveris,
1458 322 1481 377 si
1513 338 1576 379 eum
1604 322 1749 396 indignum

101 422 200 486 putura
214 416 291 471 :Nora
301 414 432 485 alliyabia
442 432 472 470 os
482 414 543 471 hovi
554 416 709 472 trituranti
718 413 813 486 (Deci.
825 427 897 481 xxv,
948 413 1100 470 sacerdotio
1114 430 1164 486 per
1178 412 1405 470 examinationem
1416 411 1565 481 inveneris,
1577 413 1653 468 ntttt
1664 411 1750 468 iacias

102 505 133 570 l;
150 504 163 556 l
171 502 230 559 Cor.
247 519 287 570 rx,
304 505 341 573 9).
358 504 416 558 Μοι
440 502 489 558 luit
502 503 638 559 veteribus
652 503 691 575 (et
712 503 801 559 adhuc
815 508 857 556 est
871 501 899 556 in
949 502 1118 559 declinando
1132 505 1287 576 importem
1297 502 1379 558 aliam
1395 501 1478 557 abeo
1494 501 1568 573 quod
1578 501 1672 557 docuit
1685 515 1751 556 exa-

101 590 238 663 aliquibus
252 592 386 664 partibus)
401 600 430 646 ut
444 600 552 664 segetes
568 592 595 646 in
610 607 675 647 area
689 591 793 662 positas
808 596 899 646 conte·
948 591 1060 646 minatio
1078 605 1084 646 :
1101 598 1130 646 ut
1156 607 1237 662 quem
1264 591 1365 646 malurn
1392 589 1575 645 examinando
1608 589 1749 656 invenisti,

102 687 196 735 rerent
210 680 306 747 boves,
323 689 350 736 et
364 688 463 736 caetera
477 680 558 736 docta
568 680 602 735 ad
612 681 742 751 hocopus
752 678 878 734 animalia
891 695 899 746 ;
948 687 1044 751 postea
1064 680 1193 736 seductus
1207 679 1298 752 aliquo
1312 679 1394 735 modo
1409 693 1557 735 consecres
1571 678 1600 733 in
1615 679 1746 735 sacerdo-

100 768 151 824 sed
166 776 258 824 tamon
279 768 417 841 proprium
439 768 540 825 bovum
562 770 685 824 hocerat
704 769 801 833 uthoc
815 766 898 823 modo
948 775 1014 824 tem.
1031 768 1060 824 Si
1073 783 1141 824 vero
1165 768 1298 839 probatus
1321 768 1449 824 inventus
1464 767 1499 822 sit
1512 767 1626 840 dignum
1647 783 1750 823 secun·

101 858 216 913 contrita
231 873 331 924 messe,
347 873 436 931 grana
450 856 635 929 seligerentur
649 856 773 928 apaleis.
785 857 826 911 lie
840 854 901 926 qui-
949 857 1015 912 dum
1030 857 1102 929 quod
1124 857 1206 911 modo
1229 858 1319 911 visum
1342 863 1394 923 est,
1416 864 1505 912 tamen
1529 856 1641 912 nemini
1655 871 1750 911 eorum

101 945 153 1000 bus
167 945 296 1018 praecepit
312 947 420 1018 Moyses
433 962 468 1001 no
483 945 546 1002 bovi
562 945 712 1002 conterenti
721 944 748 999 iu
763 959 828 999 area
838 943 901 998 alli·
950 946 1006 1003 aito
1020 962 1124 1001 marias
1138 946 1318 1017 imposueris,
1334 945 1362 1000 id
1376 952 1418 1001 est
1428 960 1483 1001 non
1491 944 1581 999 statim
1591 960 1750 1013 consecres,

101 1042 211 1106 garetur
224 1050 266 1102 os,
281 1034 329 1090 sed
345 1035 379 1090 de
389 1050 422 1090 eo
431 1035 459 1089 in
469 1049 523 1106 quo
534 1034 674 1090 laborabat
684 1033 799 1090 licenter
808 1048 901 1089 come·
951 1035 1000 1089 sed
1014 1032 1126 1090 differas
1140 1035 1228 1090 adhuc
1242 1050 1293 1106 per
1308 1048 1459 1107 congruum
1473 1041 1591 1105 tempus,
1602 1041 1631 1089 ut
1645 1033 1671 1088 ιι
1680 1033 1751 1090 lorte

102 1125 188 1191 deret,
202 1123 254 1180 hoc
271 1123 455 1195 precipiendo
479 1123 624 1179 intendens
646 1123 730 1191 aliud,
754 1121 859 1178 scilicet
873 1130 902 1177 ut
951 1123 1017 1195 quid
1033 1122 1099 1179 latet
1121 1123 1202 1178 ineo
1228 1122 1302 1194 quod
1325 1122 1490 1179 examinatio
1512 1121 1585 1179 iacta
1598 1137 1653 1178 non
1669 1122 1751 1178 inve·

101 1212 268 1284 predicator
288 1212 419 1267 triturans
439 1212 468 1266 in
490 1227 554 1268 area
569 1211 679 1266 Domini
692 1211 727 1266 de
742 1210 836 1266 labore
852 1225 902 1266 suo
951 1211 1031 1279 nerit,
1047 1227 1097 1283 per
1118 1211 1277 1266 dilationem
1296 1211 1425 1283 temporis
1448 1210 1612 1268 inveniatur.
1632 1212 1669 1267 Et
1683 1210 1752 1267 nihil

101 1298 262 1357 sufficientia
286 1301 339 1356 sibi
362 1299 516 1372 susciperet
540 1300 575 1355 ab
590 1299 644 1355 illis
659 1315 709 1371 pro
723 1314 840 1370 quornm
856 1298 901 1353 in·
952 1299 1078 1357 iaciendo
1096 1299 1154 1355 sine
1169 1299 1338 1371 prejudicio,
1355 1315 1407 1356 nec
1420 1316 1543 1371 praeoeps
1557 1299 1586 1355 in
1599 1315 1750 1356 consecra·

102 1389 249 1445 stmctione
264 1388 409 1444 laboraret.
426 1388 498 1444 Dicit
517 1388 597 1443 etiam
617 1387 749 1443 Dominus
765 1387 793 1441 in
808 1388 902 1442 Evan-
952 1389 1024 1444 tione
1039 1388 1154 1457 alicujus
1169 1403 1224 1443 non
1234 1389 1488 1445 communicaveris
1497 1389 1601 1445 alianis
1611 1390 1750 1461 peccatis.

103 1477 186 1549 gelio.
206 1501 216 1526 v
233 1479 340 1548 Dianas
356 1481 399 1534 cat
416 1478 561 1549 operarias
575 1477 766 1533 merccdeaua
781 1477 859 1546 (Lar.
870 1483 901 1541 x,
954 1477 982 1533 Si
996 1477 1068 1532 enirn
1083 1491 1137 1532 non
1151 1477 1331 1544 examinares,
1348 1477 1391 1535 vel
1406 1476 1487 1531 nimis
1497 1477 1551 1533 cito
1560 1492 1752 1544 consecrares,

103 1569 142 1638 Ἰ),
161 1587 173 1616 ι
189 1566 218 1621 id
231 1575 272 1621 est
286 1566 448 1637 praedicalor
468 1566 503 1622 ab
518 1565 561 1620 his
576 1565 604 1620 in
620 1565 719 1637 quibus
734 1563 903 1621 instruendis
952 1565 1090 1637 particeps
1103 1581 1180 1622 esses
1194 1565 1315 1621 omnium
1337 1566 1482 1623 criminum
1497 1583 1558 1638 quaa
1571 1565 1672 1636 injuste
1686 1581 1753 1622 con·

103 1662 244 1727 operatur,
258 1671 319 1728 quae
333 1655 489 1711 necessaria
504 1654 556 1710 sibi
571 1654 755 1726 siutaccipiat.
769 1653 841 1722 Quia
853 1653 940 1746 ite-B
955 1662 1077 1710 secretus
1104 1654 1287 1710 committeret
1319 1653 1348 1708 in
1376 1655 1530 1710 sacerdotio
1547 1671 1554 1709 :
1570 1655 1660 1727 thue
1683 1653 1753 1709 alios

102 1759 162 1798 rum
178 1742 244 1800 vidit
258 1742 404 1815 Apostolus
418 1743 501 1816 quod,
512 1743 675 1815 presbytero
686 1742 904 1815 reprehendente
954 1742 1087 1798 subtiliter
1095 1743 1243 1811 examines,
1250 1742 1334 1814 digne
1340 1758 1501 1799 consecres:
1511 1743 1621 1800 custodi
1628 1743 1754 1815 teipsam

101 1831 166 1888 vitia
180 1831 359 1899 subditorum,
382 1833 494 1905 quidam
518 1831 590 1888 male
604 1839 792 1899 moverentur,
808 1830 904 1888 voleu·
953 1835 1074 1897 castam,
1091 1831 1118 1886 id
1134 1839 1176 1886 est
1188 1831 1216 1886 in
1230 1831 1304 1887 omni
1320 1831 1418 1887 virtute
1432 1831 1579 1904 integrum.

101 1928 143 1976 tes
158 1920 311 1992 depravare
324 1920 406 1977 vitam
420 1920 590 1993 presbyteri,
608 1935 642 1977 ne
657 1920 710 1977 hoc
727 1928 830 1975 temere
845 1935 903 1975 cre·
989 1917 1058 1988 Quia
1073 1928 1163 1976 autem
1186 1920 1221 1976 de
1235 1920 1355 1975 castitate
1379 1936 1441 1976 eum
1456 1920 1606 1989 admonuit,
1622 1920 1659 1975 ob
1675 1920 1755 1990 cujus

103 2009 222 2076 deretur,
239 2009 277 2064 ait
294 2026 301 2064 :
317 2010 462 2081 Presbyter
470 2009 509 2066 sic
520 2010 669 2065 honoretur
683 2008 836 2076 asubditis,
851 2009 904 2066 ad·
954 2008 1105 2064 custodiam
1126 2008 1189 2064 vino
1208 2023 1265 2064 non
1287 2008 1432 2065 utebatur:
1448 2025 1532 2080 quare
1548 2016 1575 2064 et
1598 2009 1756 2065 stomachus

103 2087 205 2151 varana
226 2110 306 2166 quem
335 2094 533 2167 presbyteram
557 2094 619 2149 noli
642 2096 767 2166 recipere
788 2111 905 2152 occaso-
955 2098 1014 2167 ejus
1037 2096 1236 2163 debilitabatur,
1259 2113 1295 2152 ne
1314 2097 1455 2168 penitusa
1478 2096 1542 2154 rino
1562 2096 1756 2153 abstinendum

106 2184 213 2239 tionem
237 2184 336 2238 iactam
359 2183 395 2238 de
418 2182 543 2251 crimine,
568 2183 631 2238 nisi
653 2182 704 2238 sab
731 2183 837 2242 duobus
861 2185 906 2241 acl
956 2186 1007 2241 sibi
1031 2202 1092 2242 esse
1116 2185 1251 2253 crederet,
1274 2185 1311 2241 ιιι
1325 2186 1424 2242 Paulus
1440 2204 1447 2240 ι
1462 2187 1527 2242 Noli
1544 2186 1636 2243 bibare
1652 2202 1757 2260 aquam

108 2271 198 2327 tribus
210 2272 338 2327 testibus.
956 2276 1058 2332 odhra.
1090 2275 1144 2330 Per
1170 2275 1222 2332 hoo
1237 2274 1313 2347 quod
1326 2274 1393 2330 dixit
1407 2275 1509 2342 adhuc,
1525 2274 1680 2349 designavit
1692 2290 1757 2331 eum

142 2359 221 2428 Quod
236 2358 259 2414 si
273 2359 307 2415 de
317 2358 419 2427 debito,
429 2359 475 2417 vel
485 2360 519 2416 de
529 2360 687 2433 qualibetre
698 2360 824 2418 saeculari
837 2377 905 2416 con·
956 2363 1034 2435 prius
1057 2363 1095 2418 uti
1119 2377 1200 2435 aqua.
1224 2362 1287 2419 Noli
1301 2362 1394 2419 bibere
1408 2378 1516 2436 aquam,
1532 2363 1581 2420 aad
1595 2366 1678 2420 atero
1700 2379 1756 2418 non

107 2447 225 2517 venitur,
243 2448 408 2520 respondeat
422 2448 547 2520 singulis.
558 2449 637 2504 Nunc
653 2449 756 2522 utique,
773 2449 838 2522 quia
851 2464 906 2505 ma·
957 2451 1053 2519 semel,
1068 2451 1156 2507 sedin
1178 2468 1229 2507 usu
1251 2451 1331 2506 habe.
1348 2453 1438 2519 Utere,
1464 2451 1584 2525 inquam,
1602 2452 1668 2510 uino
1681 2472 1691 2509 :
1706 2451 1757 2507 sed

107 2537 151 2610 gis
166 2536 302 2610 armagis
325 2537 354 2592 in
375 2536 497 2594 deterius
520 2537 590 2609 lapsi
612 2546 674 2593 sunt
694 2539 829 2605 homines,
855 2554 908 2595 nec
956 2541 1075 2608 modico,
1098 2540 1126 2595 id
1148 2547 1190 2595 est
1221 2540 1401 2596 custodiendo
1423 2541 1546 2609 modum,
1572 2540 1678 2597 scilicet
1700 2555 1758 2596 non

107 2625 192 2681 multo
215 2625 339 2698 pluribus
369 2627 494 2696 testibus,
518 2627 677 2684 conceditur
696 2627 788 2693 hodie,
809 2636 838 2682 ut
860 2642 907 2682 re·
957 2637 1069 2701 propter
1077 2628 1246 2696 ebrietatem,
1258 2629 1613 2702 sedpropteratomccbom
1624 2633 1719 2697 taam,
1729 2629 1758 2685 id

109 2714 244 2786 spondeat
256 2714 410 2787 presbyter,
425 2715 479 2771 nisi
489 2715 676 2788 interpelletur
686 2716 720 2772 de
730 2716 839 2771 haeresi.
851 2715 907 2771 Sub
959 2726 1000 2775 est
1015 2726 1125 2790 propter
1146 2717 1274 2774 morbum
1298 2718 1396 2774 crebro
1416 2719 1555 2775 stomacho
1570 2718 1757 2787 insidentem

108 2802 216 2858 duobus
230 2802 275 2860 vel
288 2803 376 2859 tribus
394 2804 510 2860 testibus
533 2805 719 2876 respondeant
742 2805 908 2877 presbyteri.
959 2812 986 2864 ιι
995 2809 1274 2880 proptersreqecntes
1282 2808 1547 2877 tacainfirmitctcr,
1556 2807 1585 2863 id
1595 2814 1759 2879 estpropter

108 2891 137 2948 si
150 2899 241 2947 autern
261 2896 411 2965 peccantes
432 2891 494 2958 sint,
510 2892 538 2948 id
553 2901 594 2949 est
616 2893 639 2947 si
662 2893 818 2965 presbyteri
832 2893 861 2948 in
874 2909 908 2949 eo
959 2895 1123 2966 multiplices
1138 2910 1268 2952 accessus
1282 2902 1309 2951 et
1322 2896 1494 2952 aestuationes
1507 2895 1629 2965 ejusdem
1654 2894 1755 2964 morbi,

107 2995 162 3053 quo
184 2988 345 3053 arguuntur,
369 2995 502 3052 peccasse
525 2981 731 3049 convincantur,
754 2998 840 3054 nrpae
859 2997 907 3042 eos
961 2987 990 3034 ut
1004 2979 1118 3052 quilibet
1138 2978 1295 3036 febricitans
1318 2980 1445 3036 morbum
1469 2980 1580 3052 quidem
1604 2996 1714 3052 semper
1729 2979 1759 3035 in

107 3085 204 3126 coram
217 3071 356 3136 amnionis,
368 3077 398 3124 ut
412 3069 595 3126 sioutcrimen
607 3085 713 3138 eorum,
725 3070 765 3127 sic
773 3039 943 3142 poeniten-⁰
960 3085 990 3124 se
1004 3068 1094 3135 babet,
1110 3068 1174 3124 licet
1195 3068 1277 3125 modo
1299 3068 1398 3135 acrius,
1415 3069 1497 3125 modo
1512 3069 1655 3124 remissius
1669 3069 1759 3141 patia-

105 3155 144 3213 tia
158 3157 281 3215 criminis
295 3157 422 3213 omnibus
435 3158 528 3230 palam
543 3159 589 3228 sit,
607 3175 643 3215 ne
657 3158 729 3215 lorte
743 3159 767 3214 si
781 3159 910 3231 privatim
959 3165 1012 3225 tur,
1028 3158 1078 3213 sed
1099 3157 1262 3213 accedentes
1276 3165 1357 3213 aestua
1371 3157 1456 3213 febris
1469 3157 1590 3214 vicissim
1604 3157 1716 3229 patitur,
1733 3164 1760 3214 et

107 3246 266 3318 poeniteaut,
283 3262 339 3301 non
357 3243 489 3318 poenitere
513 3255 643 3319 putentur
665 3248 713 3320 qui
728 3248 763 3304 ab
783 3248 911 3304 omnibus
959 3261 1015 3302 non
1038 3260 1157 3316 semper.
1183 3246 1227 3301 Sic
1250 3245 1302 3302 iste
1326 3245 1483 3302 Timotheus
1502 3255 1627 3302 naturam
1648 3245 1760 3318 quidem

107 3349 239 3405 peccasse
251 3333 415 3406 deprehensi
425 3343 494 3391 sunt.
509 3337 574 3392 ldeo
585 3353 676 3393 coram
688 3337 815 3392 omnibus
826 3352 911 3409 argue
959 3333 1049 3389 morbi
1068 3333 1095 3389 in
1119 3335 1261 3391 stomacho
1277 3334 1381 3407 jugiter
1404 3334 1533 3403 habebat,
1556 3335 1606 3390 sed
1629 3350 1761 3392 accessus

108 3424 202 3480 athoc
212 3424 272 3482 viso
283 3425 413 3482 timorem
425 3424 548 3482 habeant
567 3425 700 3497 peccandi
709 3428 806 3483 ceteri
816 3441 911 3482 sacer·
960 3422 1048 3479 morbi
1056 3422 1176 3480 vicissim
1184 3421 1342 3478 difficillime
1352 3423 1516 3495 patiebatur.
1526 3424 1592 3480 ldeo
1602 3422 1761 3481 necessaria

109 3511 197 3583 dotes,
211 3511 332 3569 329
343 3513 461 3570 scientes
480 3512 561 3569 simili
572 3529 653 3586 poena
664 3530 694 3570 se
703 3513 872 3585 plectendos,
888 3513 913 3569 si
966 3518 1007 3567 est
1038 3510 1201 3566 examinatio
1221 3511 1383 3583 priusquam
1403 3512 1547 3584 presbyter
1569 3518 1759 3580 consecretur,

109 3601 296 3670 peccaverint.
307 3601 465 3679 Velceteri,
478 3602 506 3658 id
517 3610 557 3658 est
568 3602 679 3671 subditi,
689 3602 801 3674 quiviso
812 3608 913 3675 quanta
962 3600 1026 3673 quia
1035 3603 1152 3672 peccota
1166 3600 1290 3672 quadam
1305 3601 1492 3673 quorumdam
1502 3601 1652 3657 bominum
1666 3602 1762 3658 mani

109 3687 279 3746 districtione
301 3698 481 3748 coerceantur
492 3690 614 3762 praelati,
629 3690 718 3762 magis
733 3690 846 3746 timeant
860 3689 913 3745 sibi
961 3690 1036 3760 festa
1046 3692 1117 3745 sant
1125 3689 1762 3762 praecedentioodyadiciamrquiapriusquam

109 3777 242 3848 quisunt
270 3778 382 3835 subditi.
410 3779 453 3834 Ne
490 3786 581 3835 autem
609 3778 718 3850 aliquos
739 3779 913 3850 presbyteros
962 3776 1087 3833 veniatur
1101 3777 1136 3833 ad
1156 3776 1291 3846 iudicium
1305 3777 1350 3833 vel
1363 3777 1398 3832 ad
1411 3778 1622 3845 discussionem,
1638 3793 1762 3850 praeces·

108 3865 250 3939 contingat
265 3865 305 3922 sic
320 3867 355 3922 de
368 3874 484 3939 peccato
498 3867 625 3924 convinci
639 3866 706 3939 (non
717 3867 913 3939 enimparvum
963 3873 1058 3921 semnt
1072 3865 1273 3922 discussionem
1296 3864 1371 3920 illam
1386 3866 1509 3938 quedam
1524 3873 1636 3938 peccata
1651 3866 1763 3924 illomm

108 3953 211 4010 malum
234 3961 274 4010 est
295 3970 343 4010 eos
363 3954 392 4009 in
415 3954 521 4011 scelere
547 3954 727 4026 deprehendi,
755 3956 800 4029 qui
824 3955 914 4012 lorma
962 3955 1009 4026 qui
1022 3954 1157 4025 probandi
1166 3962 1229 4010 sunt
1242 3954 1309 4009 satis
1319 3955 1428 4028 cognita
1438 3972 1489 4027 per
1498 3955 1585 4011 solam
1595 3955 1709 4012 lamam.
1721 3957 1762 4012 De

109 4041 174 4097 boni
196 4059 258 4099 esse
282 4042 383 4098 debent
401 4042 492 4115 aliis);
509 4060 544 4100 ne
566 4044 619 4101 hoc
640 4044 733 4117 utique
758 4044 912 4119 contingat,
963 4044 1005 4098 his
1020 4051 1111 4099 autem
1127 4059 1186 4115 quac
1210 4043 1304 4115 palam
1326 4053 1389 4099 sunt
1412 4060 1468 4100 nou
1490 4052 1598 4116 oportet
1610 4044 1760 4102 discutere.

110 4130 239 4203 praecipio
254 4147 290 4188 ne
305 4148 388 4204 quem
404 4147 552 4188 consecres
576 4132 750 4189 sacerdotem
764 4133 824 4189 sine
842 4149 915 4205 prae-
964 4132 1103 4200 Quosdam
1119 4135 1218 4189 autem
1241 4132 1451 4205 subsequantur
1464 4141 1575 4204 peccata
1589 4133 1778 4191 discussione·

113 4219 222 4278 cedenti
253 4220 466 4278 examinatione.
494 4223 529 4278 Ut
557 4229 647 4278 autem
675 4222 727 4279 hoc
757 4222 914 4279 mandatum
963 4219 1034 4277 lacta
1051 4235 1057 4275 :
1073 4220 1137 4293 quia
1159 4220 1317 4293 priusquam
1332 4222 1367 4277 de
1392 4221 1436 4276 bis
1449 4221 1585 4278 discussio
1607 4220 1696 4290 lieret,
1712 4237 1763 4279 oo·

111 4309 187 4366 nulla
199 4325 283 4367 causa
298 4318 458 4383 praetereas,
474 4311 598 4367 obtestor
613 4319 640 4368 te
656 4327 752 4370 aarum
767 4313 822 4368 Deo
835 4313 915 4368 Patre
963 4308 1033 4365 culta
1057 4315 1135 4365 erant
1157 4309 1272 4365 crimina
1294 4325 1355 4382 qua
1376 4326 1425 4382 per
1445 4310 1646 4368 discussionem
1667 4318 1765 4383 sparta

115 4407 145 4454 nt
160 4399 234 4454 Deus
256 4400 311 4455 hoo
335 4415 389 4455 non
405 4414 489 4468 arne,
511 4400 562 4457 sed
575 4400 610 4457 de
627 4416 708 4456 manu
722 4408 768 4456 tua
782 4399 913 4471 requirat,
927 4395 1036 4464 Dsunt,
1059 4404 1087 4452 et
1109 4404 1222 4468 propter
1249 4398 1308 4455 hmo
1332 4398 1440 4455 occulta
1463 4399 1577 4456 crimina
1602 4399 1764 4457 necessaria

114 4487 138 4543 si
152 4494 244 4543 tamen
259 4485 369 4544 leceris.
394 4490 489 4546 lector
504 4489 587 4545 etiam
602 4503 697 4546 coram
714 4489 823 4546 Christo
837 4490 913 4559 lesa,
965 4485 1015 4542 init
1030 4485 1174 4542 discussio.
1201 4487 1342 4544 Similiter
1363 4495 1392 4543 ut
1406 4487 1440 4543 de
1456 4488 1534 4543 malis
1548 4488 1674 4561 quaedam
1688 4488 1765 4547 bono

114 4575 159 4648 qui
173 4574 280 4633 iuturus
295 4584 336 4632 est
347 4576 431 4647 judex
445 4577 577 4646 omnium,
593 4584 622 4632 ut
635 4577 665 4633 in
677 4577 781 4646 judicio
790 4592 845 4633 non
858 4593 914 4646 me,
964 4577 1045 4647 [octa
1058 4589 1154 4631 eorum
1168 4574 1215 4648 qui
1237 4575 1371 4646 probandi
1393 4584 1457 4632 sunt
1470 4579 1626 4649 montfarto
1640 4581 1722 4649 sant,
1737 4584 1766 4634 et

115 4665 164 4722 sed
181 4671 206 4721 te
220 4665 284 4722 inde
307 4673 417 4740 arguat.
432 4667 531 4723 Testor
545 4665 626 4723 etiam
641 4680 734 4722 coram
748 4667 847 4723 clectis
859 4684 916 4722 oa·
966 4662 1165 4720 examinatione
1179 4679 1234 4720 non
1248 4672 1340 4737 egent,
1357 4669 1386 4721 ct
1399 4681 1415 4721 e
1429 4680 1563 4723 converso
1574 4666 1645 4721 bona
1659 4681 1767 4723 eorum·

115 4755 185 4826 palia
201 4773 210 4811 .·
224 4753 378 4811 ministerio
391 4770 507 4827 quorum
521 4755 548 4809 in
565 4753 608 4810 die
618 4753 715 4824 judicii
729 4753 794 4810 boni
808 4770 918 4826 separa·
966 4752 1030 4809 dem
1044 4768 1105 4825 qtae
1120 4751 1225 4809 tutent
1239 4769 1269 4809 ac
1283 4754 1379 4824 aliter,
1395 4752 1423 4809 id
1437 4763 1479 4811 est
1493 4772 1554 4828 quae
1567 4770 1622 4810 non
1633 4763 1696 4810 sunt
1706 4770 1768 4812 ma·

116 4842 218 4899 buntur
233 4844 268 4900 ab
281 4843 383 4916 impiis,
400 4852 428 4899 ut
441 4843 470 4898 in
484 4842 529 4899 die
541 4842 590 4898 illo
604 4842 643 4898 rei
657 4843 737 4913 hujus
751 4842 818 4899 mihi
832 4851 917 4900 testes
966 4839 1073 4911 niiesta,
1098 4842 1231 4900 abscondi
1251 4857 1310 4898 noa
1334 4848 1456 4915 possunt
1475 4843 1503 4898 in
1519 4843 1690 4901 discussione
1707 4859 1715 4899 τ
1730 4842 1778 4902 ad.

117 4931 182 4999 sint,
199 4948 250 4988 nec
263 4949 308 4989 me
323 4931 385 4988 ideo
400 4932 533 5004 repellant
547 4946 564 4987 a
577 4939 655 5002 parte
678 4931 796 5003 piomm.
821 4935 917 4990 lector
967 4945 1027 5002 qum
1043 4930 1115 4986 bona
1130 4930 1295 4987 invenienda
1308 4939 1490 5003 opportunum
1505 4931 1556 4988 luit
1570 4932 1716 4990 discutere.
1733 4932 1768 4989 Et

118 5022 155 5098 te,
171 5018 290 5092 inquam,
316 5025 350 5078 at
371 5022 429 5078 ιιι
453 5037 515 5094 quae
534 5019 658 5077 dicturus
679 5037 738 5077 sum
759 5022 915 5091 costodiae,
967 5018 1031 5091 quia
1044 5018 1429 5092 sicinquibusdampeccata,
1441 5020 1680 5079 inaliis330
1693 5021 1768 5079 bona

118 5106 223 5164 scilicet
235 5108 302 5163 nihil
316 5107 413 5176 iacias,
430 5109 457 5164 id
473 5117 515 5166 est
528 5110 666 5165 neminem
680 5111 717 5166 ad
732 5110 918 5168 sacerdotium
966 5105 1039 5164 iacta
1054 5107 1160 5164 occulta
1174 5116 1236 5163 sunt
1253 5126 1260 5162 ε
1276 5108 1339 5165 ideo
1353 5125 1466 5166 necesse
1481 5118 1523 5165 est
1538 5125 1587 5166 eos
1602 5109 1649 5182 qui
1664 5125 1767 5168 conse·

118 5211 280 5269 promoveas
293 5199 356 5254 aine
377 5198 554 5270 prejudicio,
567 5198 596 5254 id
616 5207 657 5255 est
678 5199 737 5255 sine
752 5198 918 5272 praecedenti
967 5195 1062 5253 orandi
1077 5203 1139 5251 sunt
1163 5196 1332 5266 examinare,
1357 5206 1385 5253 ut
1400 5197 1447 5270 qui
1461 5199 1524 5254 mali
1537 5198 1641 5255 inventi
1655 5197 1766 5271 fuerint,

119 5283 328 5342 examinatione.
367 5287 556 5356 Praejudioium
587 5288 718 5361 accipitur
751 5289 806 5357 bic,
840 5287 919 5361 quasi
968 5285 1165 5356 reprobentur;
1182 5285 1229 5358 qui
1259 5302 1325 5344 vero
1353 5287 1428 5355 boni,
1455 5294 1677 5359 pmmoveantur.
1702 5289 1768 5346 ttae

118 5374 280 5454 praecedens
288 5373 418 5445 judicium
436 5391 442 5432 :
459 5376 508 5432 sed
522 5376 551 5433 in
565 5377 716 5434 canonibus
729 5376 918 5452 prejudicium
969 5374 1102 5431 sententia
1116 5373 1188 5430 beati
1202 5375 1347 5449 Augustini
1369 5383 1419 5432 est.
1442 5376 1605 5433 Ambrosius
1620 5384 1713 5433 autern
1728 5377 1769 5434 sic

120 5463 287 5538 precipitata
301 5463 436 5524 ιιιιιιιιιι
451 5464 562 5525 dicitur.
582 5466 704 5541 Cumque
725 5465 868 5540 praemisso
878 5464 920 5536 ju·
971 5462 1008 5520 ad
1021 5462 1175 5535 proximum
1199 5464 1283 5522 verba
1301 5465 1392 5539 jungit
1406 5483 1414 5523 :
1429 5466 1528 5523 lloneo
1551 5472 1578 5523 te
1597 5465 1637 5524 uti
1650 5465 1726 5539 vino,
1741 5465 1770 5523 in
