3750 5984
105 244 157 304 ιεε
391 241 1354 304 uxrosrrromurrsrouesrunn.-·1unr1sr.ran
1381 232 1454 302 riu.
1541 221 1544 228 '
1600 287 1603 292 .
1693 228 1746 300 ist

104 370 144 426 bit
157 372 257 427 multos
271 371 342 429 filios
358 373 474 429 Abrahae
496 373 645 430 secundum
670 388 781 429 caruem
805 386 902 444 repro·
916 373 991 435 Aa
1000 372 1030 429 1
1039 373 1074 429 3
1088 381 1113 429 et
1122 363 1172 444 per
1181 373 1371 429 bocerrentes.
1382 353 1519 443 Separatio
1528 368 1601 428 enirn
1613 368 1751 425 averitete

104 458 192 529 batos,
212 469 241 516 ut
265 463 362 530 Esau3
389 462 508 518 inveniet
544 463 624 518 etiem
653 461 762 532 multos,
792 478 847 518 non
871 461 905 516 de
955 477 1033 518 error
1047 469 1097 518 est.
1113 462 1279 517 Aberrentes
1300 460 1393 533 utique
1412 460 1539 517 converri
1553 462 1632 528 sunt,
1648 473 1703 513 non
1717 457 1752 513 od

105 564 188 606 carne
202 549 338 606 Abrabam
353 551 472 622 genitos,
489 566 557 624 quos
572 559 664 608 temen
679 553 753 607 Deus
769 549 861 624 elegit,
877 556 907 604 ut
955 549 1047 618 fidem,
1063 550 1158 607 sedin
1182 551 1386 623 vaniloquium,
1410 549 1553 621 loquentes
1569 563 1628 620 quae
1643 563 1712 603 vena
1727 553 1754 602 et

105 637 167 695 Job.
956 638 1061 695 inutilia
1098 646 1170 706 sunt,
1201 637 1436 696 circumcisionem
1470 636 1573 693 scilicet
1608 635 1755 692 tenendam

144 727 211 795 nce
224 727 393 802 genealogiae
406 733 548 801 prestant
557 730 736 803 questiones,
752 727 780 783 id
795 734 837 784 est
851 725 907 781 liti·
958 743 1020 784 esse
1035 727 1167 784 dicentes.
1184 726 1288 796 Quibus
1297 743 1351 782 uon
1367 725 1464 783 sufficit
1478 727 1536 781 baec
1551 740 1623 780 vene
1638 724 1711 797 apud
1725 739 1755 779 εε

106 814 163 890 gia,
188 824 214 871 et
242 816 330 871 nullas
355 816 515 873 solutiones.
537 818 604 886 Hoc,
631 818 752 889 inquam,
778 822 909 888 praestent
957 816 1043 888 loqui,
1060 817 1119 883 sed,
1135 816 1208 889 quod
1223 815 1342 871 deterius
1357 822 1409 882 est,
1426 814 1756 872 uolentesesredoctorcs
1834 822 1845 855 ·‘

106 906 197 977 tnagis
213 921 298 979 quum
312 904 540 975 edificationem,
559 922 643 978 quem
657 904 824 962 nullomodo
838 919 909 976 prae-
961 905 1039 977 lepis,
1057 905 1084 960 id
1100 911 1141 961 est
1155 905 1285 960 docentes
1301 903 1434 960 tenendas
1448 919 1511 959 esse
1525 902 1651 959 cerneles
1666 901 1757 957 obser·

108 999 189 1048 stant.
205 993 255 1050 llic
269 993 343 1049 enim
364 994 454 1067 magis
469 994 614 1050 electivum
629 1001 669 1050 εει
684 994 719 1050 de
734 1009 789 1049 nou
802 991 912 1065 partici-
960 993 1067 1050 vendes
1081 992 1160 1064 legis.
1173 993 1208 1047 Et
1223 994 1276 1048 boc
1290 992 1356 1048 satis
1371 991 1552 1063 impudenter,
1569 1007 1627 1047 non
1645 991 1760 1047 inteili-

107 1081 236 1153 peutibns
251 1097 348 1155 egens.
374 1081 588 1139 AEdificetiouem
603 1082 696 1155 utique
711 1083 912 1138 virtutemnon
961 1085 1058 1154 gentes
1073 1098 1162 1154 neque
1177 1097 1211 1136 ea
1224 1098 1286 1154 quoe
1298 1083 1463 1153 loquuntur,
1478 1080 1506 1135 id
1521 1087 1563 1135 est
1572 1071 1759 1137 circumcisio-

107 1177 237 1243 praesteut
252 1189 260 1238 3
276 1187 338 1241 que
359 1168 503 1227 edificatio
518 1179 559 1227 est
581 1187 637 1227 non
651 1187 702 1243 per
722 1169 911 1227 circumcisio·
961 1187 1035 1238 uem,
1053 1186 1134 1243 quam
1150 1170 1260 1236 docent,
1289 1169 1351 1225 ideo
1375 1169 1425 1224 sub
1449 1168 1533 1225 veteri
1558 1168 1621 1241 lege
1634 1168 1664 1223 in
1677 1183 1761 1224 cerne

108 1274 184 1327 nem,
200 1258 249 1314 sed
266 1275 327 1333 quae
348 1264 391 1316 est
412 1261 445 1316 in
467 1260 531 1330 fide,
546 1260 574 1315 id
589 1267 630 1316 εει
645 1276 694 1333 per
706 1257 799 1315 fidem.
817 1256 913 1315 Omnis
962 1259 1093 1327 tenuisse,
1107 1267 1137 1314 ut
1151 1257 1282 1330 figuraret
1300 1256 1535 1314 circumcisionem
1561 1256 1651 1313 cordis
1666 1264 1762 1313 tenen·

108 1347 184 1404 euim
204 1346 361 1417 justificatio
387 1356 430 1404 est
455 1365 490 1404 ex
513 1347 577 1415 fide,
589 1365 651 1422 quae
665 1356 695 1403 ut
708 1347 914 1403 fundumentum
963 1348 1026 1404 dem
1042 1364 1104 1404 esse
1118 1347 1147 1402 iu
1161 1355 1284 1418 ternpore
1298 1346 1403 1420 gratiae,
1428 1354 1455 1402 ει
1477 1362 1532 1401 non
1555 1345 1656 1402 cernis.
1670 1346 1762 1419 Neque

107 1434 210 1504 iacitur
225 1455 233 1503 ;
250 1444 276 1492 et
291 1452 374 1507 snper
399 1437 471 1493 hauc
487 1437 566 1509 quasi
590 1436 795 1492 fundamentum
810 1443 915 1492 ceterae
965 1438 1048 1495 etiem
1060 1437 1247 1510 intelligentes
1262 1436 1417 1508 Scripturas
1432 1435 1627 1506 prophetarum
1642 1434 1676 1490 de
1696 1437 1761 1507 qni-

114 1522 226 1580 uirtutes
240 1523 419 1581 aediticautur.
443 1525 544 1581 Probet
569 1526 642 1598 quod
656 1525 684 1580 iu
698 1524 752 1580 lide
777 1525 811 1579 sit
824 1524 914 1581 aedifi-
966 1525 1026 1594 bus,
1043 1526 1071 1581 id
1086 1534 1126 1581 est
1144 1541 1195 1598 per
1219 1541 1286 1597 quas
1310 1525 1458 1596 affirment
1481 1523 1715 1581 circumcisionem
1737 1530 1764 1579 et

110 1612 184 1668 cetio
197 1612 257 1680 Dei,
274 1613 384 1670 dicens:
401 1613 429 1670 Si
444 1630 478 1669 ex
489 1613 758 1685 fideproceditbona
770 1612 914 1669 conscien-
965 1622 1060 1671 uetere
1075 1612 1220 1681 sacrificia,
1252 1629 1311 1685 quae
1328 1614 1484 1685 loquuntur,
1512 1613 1629 1668 tenende
1656 1627 1718 1668 esse
1736 1611 1765 1666 iu

110 1700 161 1768 tia,
176 1699 204 1755 id
219 1709 260 1756 est
281 1717 345 1772 spes
363 1716 418 1757 :ex
441 1717 490 1772 spe
514 1709 604 1758 autem
627 1718 724 1774 purum
747 1716 806 1766 cor,
831 1709 857 1756 et
880 1701 914 1756 de
927 1730 954 1791 B
965 1710 1087 1775 ternpore
1101 1702 1208 1774 gratie,
1225 1701 1294 1759 vele
1310 1717 1453 1759 converso.
1464 1701 1526 1757 Nou
1535 1700 1720 1774 intelligentes
1732 1715 1764 1756 ea

111 1804 182 1862 puro
206 1788 288 1845 corde
310 1789 440 1845 charitas.
464 1790 595 1847 Charites
609 1805 675 1846 vero
690 1789 724 1844 sit
737 1789 815 1858 finis,
830 1788 859 1843 id
873 1795 914 1844 est
964 1808 1025 1865 quae
1042 1791 1190 1863 loquuntur
1218 1789 1253 1846 de
1273 1789 1415 1861 prophetis
1438 1789 1474 1845 ad
1495 1789 1667 1860 probandum
1690 1787 1765 1861 quod

113 1877 237 1950 impletio
252 1877 334 1934 totius
347 1880 492 1951 precepti,
510 1894 559 1934 seu
568 1893 701 1934 uovaeseu
714 1877 817 1934 veteris
832 1876 912 1950 legis.
962 1879 1082 1937 tenende
1096 1879 1150 1934 siut
1169 1895 1201 1935 ea
1216 1895 1277 1951 quae
1291 1878 1399 1934 docent.
1410 1879 1505 1949 Neque
1515 1877 1697 1949 intelligentes
1712 1876 1764 1932 cir·

115 1965 187 2036 Quie
200 1967 224 2021 si
239 1967 290 2022 boc
311 1967 393 2022 modo
417 1983 450 2022 ex
471 1965 524 2022 fide
539 1966 661 2039 sequitur
682 1966 770 2022 omnis
784 1965 915 2038 precepti
963 1968 1160 2026 cumcisiouem
1178 1976 1205 2024 ει
1225 1966 1370 2034 sacrificiu,
1396 1967 1474 2036 cujus
1501 1966 1540 2022 rei
1567 1966 1696 2038 mysteria
1714 1981 1762 2023 es·

114 2054 249 2127 impletio,
265 2062 328 2111 tnnc
343 2055 371 2110 iu
392 2053 446 2110 fide
470 2062 513 2111 εει
526 2054 615 2110 omnis
645 2053 789 2111 aedifieetio
812 2054 872 2120 Dei,
888 2060 916 2110 ει
966 2064 1037 2124 εειιι,
1053 2072 1116 2113 cum
1128 2055 1236 2126 fierent,
1252 2055 1287 2111 de
1302 2054 1400 2128 quibus
1415 2054 1467 2126 ipsi
1481 2053 1616 2110 affirmant
1630 2054 1704 2126 quod
1717 2053 1763 2109 ed·

115 2159 173 2199 nou
196 2142 271 2199 elibi.
297 2144 351 2200 Sed
364 2143 393 2198 iu
408 2142 463 2200 lide
477 2150 518 2199 est
532 2143 655 2216 impletio
679 2143 761 2199 totius
782 2143 913 2210 mundati,
966 2146 1019 2202 buc
1032 2144 1152 2200 tenende
1166 2143 1230 2199 sint.
1247 2141 1317 2212 Quia
1336 2142 1500 2215 improbavit
1514 2152 1618 2214 partem
1634 2143 1763 2198 adverse·

113 2230 199 2303 igitur
212 2238 238 2287 ει
250 2230 394 2288 edificatio
416 2231 477 2287 Dei.
494 2230 565 2300 Quia
588 2239 747 2288 transuerso
762 2231 859 2288 ordine
876 2230 916 2287 sic
965 2232 1176 2302 riorum,diceus
1186 2249 1245 2288 non
1255 2232 1461 2304 intelligentes,
1472 2238 1525 2288 etc.
1537 2232 1595 2288 Hoc
1605 2230 1764 2303 utiqueuon

113 2319 192 2392 pouit
208 2335 215 2376 ε
233 2320 302 2376 Vere
318 2321 350 2376 in
365 2320 420 2390 fide
436 2328 478 2376 est
490 2319 635 2377 edificatio
658 2319 708 2376 Uei
724 2338 733 2388 ς
748 2321 816 2384 inis
830 2319 913 2387 enim,
966 2321 1111 2391 sufficeret,
1139 2320 1192 2376 nisi
1221 2328 1248 2377 et
1274 2327 1379 2391 partem
1408 2337 1484 2375 suam
1508 2320 1720 2390 commendaret,
1736 2327 1764 2377 et

112 2407 143 2464 id
172 2415 214 2464 est
243 2408 305 2480 quie
327 2408 448 2481 impletio
477 2408 559 2464 totius
587 2408 718 2481 praeoepti
744 2409 845 2465 veteris
867 2424 916 2465 εειι
965 2427 1077 2468 causam
1092 2407 1336 2467 commendationis
1355 2409 1499 2465 insereret.
1517 2409 1613 2465 Posset
1622 2407 1695 2464 enim
1708 2408 1763 2465 eli·

115 2512 196 2553 uovae
209 2495 338 2569 legisset
360 2496 497 2563 ebaritas,
513 2497 541 2552 id
565 2505 607 2552 est
619 2496 728 2553 dilectio
743 2496 793 2553 Uei
807 2503 835 2552 et
847 2511 915 2569 pro·
965 2499 1061 2558 tersio
1076 2498 1130 2572 ipsi
1144 2497 1234 2568 objici.
1250 2497 1278 2553 Si
1293 2496 1417 2553 doctrine
1432 2497 1682 2569 pseudodoctorum
1695 2513 1762 2569 per·

115 2584 191 2656 rimi,
220 2585 248 2640 in
276 2601 330 2658 quo
368 2585 497 2641 mendeto
530 2585 657 2640 universa
685 2585 730 2641 lex
757 2585 858 2656 pendet
889 2592 917 2642 et
965 2604 1047 2646 verse
1062 2595 1114 2656 εει,
1129 2595 1175 2643 tua
1190 2601 1256 2642 vero
1283 2601 1339 2642 uon
1353 2585 1451 2641 melius
1477 2586 1664 2658 approbanda,
1689 2586 1763 2643 unde

114 2673 254 2747 prophete
284 2672 396 2745 (llcttb.
418 2689 490 2740 xxrt,
506 2674 562 2744 io).
579 2672 633 2743 Qui
647 2673 720 2730 euim
735 2674 787 2730 hoc
800 2673 915 2729 menda·
965 2677 1064 2734 melius
1078 2675 1273 2732 adhaerendum
1288 2673 1449 2745 tibijudices
1464 2690 1546 2748 quem
1560 2674 1639 2732 illisi
1654 2674 1696 2731 ed
1710 2675 1763 2731 hoc

115 2769 183 2829 tum,
199 2760 228 2816 id
242 2768 285 2817 est
299 2761 458 2818 charitatem
473 2761 636 2833 impleverit,
651 2776 752 2819 novam
763 2769 788 2818 et
797 2769 917 2818 veterem
965 2765 1156 2832 refellendum,
1172 2764 1324 2836 improbata
1336 2771 1414 2835 perte
1428 2764 1656 2832 adverseriorum,
1673 2762 1765 2820 subdit

114 2849 207 2923 legem
220 2849 316 2923 procul
344 2849 427 2906 dubio
440 2850 573 2921 implevit.
588 2850 637 2906 Vel
651 2857 740 2906 eutem
754 2850 861 2924 legatur
879 2849 918 2905 ibi
968 2863 994 2912 ει
1007 2854 1141 2926 approbet
1154 2869 1242 2923 suem,
1258 2852 1372 2909 diceus:
1389 2851 1496 2909 Pseudo
1518 2853 1612 2925 utique
1636 2852 1764 2910 doctores

116 2938 158 2995 sic
172 2937 361 2996 continuatim.
379 2939 430 2996 Ubi
445 2937 482 2994 eit
492 2939 629 3010 superius,
650 2955 687 2996 ne
697 2939 830 2997 decerent
845 2942 917 2996 etue
966 2959 1022 2999 nou
1034 2941 1191 3015 intelligunt
1206 2941 1307 3015 legem,
1324 2957 1375 2997 nos
1389 2950 1480 2998 autem
1495 2941 1606 3009 scimus,
1620 2941 1648 2997 id
1666 2949 1708 2997 εει
1722 2940 1764 2996 in·

116 3025 313 3094 intenderent,
330 3026 417 3082 innuit
426 3028 559 3099 quosdam
574 3043 703 3099 perverse
713 3036 740 3084 et
752 3027 883 3084 docentes
891 3034 918 3084 ει
967 3029 1116 3104 telligimus
1130 3030 1232 3102 legem.
1258 3030 1294 3084 Et
1320 3030 1431 3102 quidem
1453 3030 1570 3102 emplius
1593 3029 1668 3086 eddit
1691 3030 1765 3102 quod

120 3115 305 3172 intendentes.
333 3114 411 3172 Unde
434 3115 475 3202 sic
497 3116 535 3171 eit
551 3132 558 3171 ε
574 3116 649 3172 licet
669 3115 709 3170 illi
723 3116 828 3188 pseudo
842 3116 920 3171 aliter
934 3085 1040 3178 evalet
1053 3120 1088 3175 ad
1101 3134 1222 3185 censam,
1239 3119 1334 3175 dicens
1350 3133 1356 3172 :
1372 3119 1482 3176 Scimus
1496 3121 1593 3192 utiquc
1606 3135 1662 3176 uon
1676 3118 1766 3176 solum

117 3203 234 3261 doceant
247 3218 330 3277 quem
345 3218 408 3278 ego,
425 3211 516 3259 temen
529 3205 607 3274 finis,
623 3204 651 3259 id
666 3211 708 3260 est
721 3204 810 3261 omnis
820 3203 919 3275 imple·
969 3209 1069 3280 legem,
1081 3207 1131 3263 sed
1145 3207 1227 3263 etiam
1240 3207 1292 3263 boc
1315 3207 1348 3262 de
1371 3206 1434 3279 lege
1450 3208 1552 3264 scimus
1567 3209 1633 3281 quin
1662 3209 1709 3266 tce
1724 3211 1768 3264 ert

119 3292 158 3348 tio
171 3291 244 3366 legis
258 3291 385 3349 inantea
408 3296 460 3360 εει,
478 3292 549 3349 sicut
566 3308 620 3366 ego
635 3293 731 3349 doceo.
746 3292 824 3349 Unde
848 3292 921 3365 quod
968 3298 1049 3364 bonu,
1066 3294 1094 3351 id
1108 3303 1149 3351 est
1172 3294 1245 3350 utilis
1264 3303 1292 3350 et
1314 3294 1470 3364 iustificans
1486 3295 1661 3368 spiritualiter
1685 3295 1766 3352 iutel-

119 3379 174 3451 ipsi
201 3379 302 3437 docent
329 3387 422 3436 vetera
450 3396 505 3439 uon
520 3387 583 3436 sunt
610 3380 778 3438 reducenda.
795 3380 921 3437 Charites
969 3379 1050 3447 lecte,
1066 3378 1216 3434 secuudum
1231 3378 1305 3450 quod
1317 3394 1369 3434 nos
1385 3377 1572 3452 intelligimus.
1590 3379 1653 3448 Sed,
1671 3395 1769 3436 secuu-

119 3467 245 3541 procedit
260 3468 293 3524 dc
308 3485 378 3541 puro
402 3467 493 3536 corde,
509 3469 537 3525 id
552 3475 593 3525 est
607 3469 641 3526 de
655 3469 921 3542 mundaintelligen-
971 3469 1035 3524 dum
1050 3467 1189 3524 cerealem
1204 3466 1371 3523 intellectum
1394 3481 1489 3523 eorum
1513 3468 1602 3538 potius
1617 3483 1672 3523 uon
1685 3467 1768 3536 boue,

118 3555 158 3612 tie
174 3575 183 3624 ;
199 3555 274 3629 quod
289 3556 389 3629 uliquis
402 3573 500 3628 purum
514 3557 680 3615 intellectum
695 3558 792 3614 habeat
805 3573 921 3615 conser-
972 3555 1037 3628 quie
1049 3555 1188 3612 nemiuem
1198 3553 1337 3625 justificat,
1355 3563 1381 3610 et
1394 3555 1514 3611 crudelis
1539 3563 1590 3612 εει.
1607 3555 1685 3612 Unde
1696 3554 1774 3630 quod

119 3661 191 3700 vans
206 3660 237 3700 se
251 3644 279 3699 iu
302 3644 420 3716 puritate
446 3660 500 3718 qua
524 3646 599 3702 Deus
627 3645 781 3718 purificavit
807 3662 871 3702 eum
894 3646 923 3702 iu
971 3643 1025 3716 ipsi
1039 3644 1074 3700 de
1089 3644 1151 3718 lege
1166 3644 1330 3716 intelligunt,
1348 3659 1403 3700 nou
1428 3652 1471 3701 est
1494 3644 1691 3702 reducendum.
1711 3645 1772 3707 Lex

120 3731 266 3805 baptismo.
283 3732 443 3805 Intelligens
462 3732 631 3804 diligendum
660 3733 711 3788 sibi
727 3750 788 3790 esse
812 3742 923 3791 creato·
972 3733 1065 3805 utique
1079 3732 1152 3788 bona
1166 3739 1218 3800 est,
1233 3734 1259 3788 εί
1272 3733 1334 3805 quis
1343 3736 1446 3789 utetur
1460 3750 1504 3799 en,
1518 3732 1546 3788 id
1560 3741 1602 3788 est
1616 3732 1773 3805 intelligen-

120 3837 180 3876 rem
209 3836 299 3891 suurn,
324 3821 426 3877 necin
456 3821 547 3893 aliquo
569 3820 771 3878 offendendum.
802 3822 925 3879 Charites
972 3820 1009 3877 tia
1024 3820 1084 3890 ejus
1112 3821 1248 3892 legitime,
1264 3821 1293 3877 id
1321 3829 1362 3877 est
1386 3821 1535 3878 secundum
1559 3821 1633 3894 quod
1649 3821 1694 3877 lex
1713 3820 1774 3894 ipsa

121 3908 205 3965 etiam
216 3908 372 3982 procedens
386 3909 420 3965 de
429 3911 606 3967 conscientie
621 3911 702 3978 donn,
713 3910 742 3967 id
756 3919 797 3967 est
811 3911 846 3967 de
861 3928 919 3984 spe.
974 3909 1053 3965 docet
1068 3916 1095 3965 ει
1110 3909 1242 3980 praecipit,
1260 3908 1374 3976 scilicet,
1400 3917 1427 3966 ιιι
1442 3910 1619 3982 spiritualiter
1633 3909 1772 3984 intelliga-

120 3996 262 4070 Nonquia
283 3996 451 4054 conscientia
473 3998 508 4052 sit
530 3997 605 4054 idem
628 3999 701 4071 quod
725 4015 799 4071 spes,
824 3999 874 4054 sed
893 4013 925 4053 ea
974 4005 1028 4053 tur.
1044 3997 1151 4054 Scimus
1166 3997 1259 4069 utique
1275 3997 1309 4054 de
1324 3998 1386 4072 lege
1400 3999 1474 4071 quod
1497 3999 1570 4055 bone
1583 4006 1634 4067 est,
1649 4001 1772 4057 scientes

122 4084 252 4142 affinitate
280 4100 334 4158 qua
361 4085 400 4140 illi
415 4085 459 4142 cui
472 4085 552 4141 malae
581 4087 756 4144 conscientie
781 4086 925 4159 soruprdus
973 4085 1027 4141 hcc
1043 4084 1136 4153 etiem,
1153 4084 1188 4141 de
1203 4085 1299 4143 eadem
1313 4086 1386 4159 lege,
1398 4089 1464 4159 quic
1484 4089 1531 4144 len
1554 4095 1632 4144 uetus
1653 4102 1712 4144 non
1729 4091 1773 4143 εει

122 4173 213 4244 abest,
230 4181 257 4229 et
271 4173 372 4246 ubique
384 4173 413 4229 iu
427 4173 518 4230 auimo
540 4189 570 4230 se
581 4174 824 4247 circumspectius,
841 4174 925 4231 nibil·
973 4174 1068 4246 posita
1088 4175 1179 4240 iusto,
1195 4173 1224 4230 id
1236 4182 1278 4231 εει
1292 4174 1343 4229 sub
1362 4191 1432 4231 nova
1446 4175 1508 4248 lege
1528 4173 1686 4246 justificato.
1714 4174 1774 4232 Nec

123 4278 178 4336 que
193 4261 267 4335 quod
283 4278 346 4319 eum
360 4262 486 4318 mordeat
496 4262 641 4319 inveniens
657 4282 665 4332 3
682 4264 723 4320 sic
735 4264 845 4320 taudem
863 4278 926 4335 spe·
975 4262 1058 4317 etiam
1071 4261 1122 4316 snb
1136 4263 1198 4333 ipse
1213 4262 1298 4320 veteri
1312 4262 1376 4336 lege
1388 4262 1478 4334 posite
1488 4270 1530 4318 est
1539 4262 1709 4334 alicuijusto.
1719 4262 1775 4320 Lex

124 4365 189 4407 rere
203 4350 266 4407 licet
283 4366 290 4406 :
306 4351 352 4424 qui
376 4351 448 4407 enirn
470 4367 501 4408 se
524 4359 701 4424 peccatorem
722 4352 864 4424 conspicit,
888 4351 926 4407 ti·
975 4350 1048 4407 enim
1063 4350 1126 4407 deta
1140 4356 1182 4406 εει
1197 4359 1226 4406 ut
1240 4351 1286 4407 uel
1300 4351 1411 4423 puniret
1430 4366 1518 4419 reum,
1535 4351 1579 4408 vel
1592 4367 1710 4424 peccare
1723 4367 1775 4409 to·

120 4438 253 4495 mendum
267 4439 307 4495 illi
321 4446 362 4496 est
377 4438 412 4495 de
435 4447 560 4511 peccato,
587 4455 642 4496 nou
658 4441 832 4513 sperandum.
850 4441 961 4503 Cha-D
975 4438 1077 4497 lentem
1087 4446 1231 4496 coerceret
1244 4455 1280 4495 ue
1294 4438 1475 4512 delinqueret.
1492 4440 1547 4496 Sed
1562 4439 1609 4513 qui
1620 4441 1710 4511 justus
1723 4448 1775 4510 est,

123 4526 193 4582 ritus
207 4527 288 4583 etiam
302 4528 454 4600 procedens
469 4527 502 4584 de
525 4528 580 4598 fide
604 4546 663 4587 non
685 4530 764 4599 ficte.
780 4530 838 4585 Nos
852 4528 927 4585 enim
976 4542 1031 4585 uon
1055 4535 1097 4584 εει
1125 4528 1296 4585 coercendus
1312 4547 1319 4598 ;
1336 4543 1392 4584 uon
1412 4528 1487 4584 euim
1508 4528 1676 4588 voluntatem
1695 4528 1778 4586 babet

124 4614 264 4673 credimus
279 4615 418 4672 Christum
427 4632 523 4673 verum
532 4617 621 4672 Deum
635 4624 662 4672 ει
672 4633 766 4674 verum
777 4616 925 4687 homiuem,
976 4616 1121 4688 peccandi,
1137 4633 1189 4674 uec
1203 4625 1244 4674 εει
1258 4633 1309 4689 per
1317 4617 1408 4689 legem
1416 4617 1579 4689 puniendus.
1591 4619 1697 4676 diecula
1706 4617 1779 4674 enim

124 4719 183 4760 nou
204 4702 340 4778 lingentes
364 4704 440 4760 illum
468 4704 513 4761 tel
538 4705 677 4762 bominem
700 4706 759 4763 sine
785 4707 853 4774 Deo,
883 4706 928 4762 uel
976 4703 1005 4761 in
1020 4704 1067 4760 illo
1082 4704 1157 4760 nulla
1172 4714 1214 4761 est
1232 4705 1277 4778 qui
1302 4704 1465 4775 justificatus
1479 4713 1529 4762 est.
1561 4704 1638 4762 Unde
1662 4714 1687 4763 ει
1698 4705 1779 4776 iustis

125 4792 216 4848 Deum
245 4793 304 4848 siue
329 4792 450 4850 bomine.
479 4794 514 4848 Et
528 4800 558 4848 ιιι
572 4793 682 4865 quidem
703 4794 809 4866 pseudo
836 4793 929 4851 dicunt
977 4791 1031 4848 illis
1047 4793 1093 4865 qui
1108 4793 1158 4847 sub
1173 4789 1261 4850 ueteri
1274 4794 1338 4867 lege
1353 4793 1472 4862 luerunt,
1487 4794 1710 4867 quentumedse,
1724 4807 1780 4850 nou

124 4879 256 4937 babuisse
269 4880 405 4938 Christum
421 4896 597 4952 uenenum,
623 4883 673 4939 sed
687 4898 798 4939 aereum
813 4899 924 4954 eorpus.
978 4888 1052 4937 εεεει
1066 4882 1252 4937 necessarium
1278 4890 1371 4939 tenere
1393 4873 1494 4956 l'egem,
1524 4899 1576 4954 qua
1603 4889 1692 4939 tamen
1707 4897 1776 4939 con-

125 4966 179 5025 Vel
191 4967 231 5024 itu
245 4986 253 5022 ι
269 4969 335 5026 Fide
350 4969 412 5026 dico
426 4977 521 5025 nostra
535 4970 647 5026 robusta
661 4978 689 5026 et
703 4970 851 5027 inviolabili
873 4987 930 5026 nou
978 4985 1045 5043 grue
1060 4969 1102 5024 usi
1117 4978 1189 5037 sunt,
1205 4987 1250 5041 ue,
1265 4970 1319 5026 illis
1334 4971 1524 5042 respuentibus
1533 4971 1634 5043 legem,
1651 4980 1777 5030 contem·

126 5053 200 5127 licta,
215 5055 244 5112 id
258 5064 299 5113 est
314 5071 369 5115 nou
379 5055 473 5129 fragili
486 5057 522 5113 ed
536 5058 648 5116 modum
658 5057 748 5116 fictilis
761 5059 846 5132 vesis,
860 5059 930 5116 sicut
978 5057 1036 5130 ptui
1050 5057 1128 5114 lieret
1151 5058 1206 5126 lex,
1231 5058 1324 5132 utique
1346 5060 1504 5116 auctoritate
1531 5076 1628 5116 eorum
1651 5061 1777 5118 devotius

124 5151 169 5200 est
182 5143 310 5201 doctrine
323 5145 589 5217 pseudodoctorum.
979 5153 1104 5202 tenerent
1119 5162 1180 5203 earn
1194 5146 1223 5202 bi
1235 5148 1333 5220 quibus
1354 5157 1466 5220 propter
1488 5157 1602 5222 peccata
1624 5151 1780 5208 necessarie

164 5232 364 5293 commendate
376 5242 455 5307 perte
469 5250 533 5301 sue,
550 5234 690 5306 improbat
707 5245 814 5309 partem
828 5236 930 5294 edver-
980 5240 1048 5291 erat.
1064 5233 1130 5291 ldeo
1147 5234 1232 5291 etiam
1255 5236 1323 5305 justi
1349 5244 1492 5292 tenuerunt
1510 5244 1631 5295 veterem
1644 5238 1735 5309 legem
1750 5244 1781 5293 ut

128 5321 266 5379 senorum
280 5323 375 5381 diceus
391 5341 398 5378 ε
412 5323 433 5380 Α
445 5324 544 5397 quibus
563 5324 705 5390 charitate,
727 5325 846 5396 scilicet,
862 5339 931 5381 cou-
981 5322 1054 5395 quod
1074 5322 1135 5395 ipse
1157 5324 1352 5396 praeligurabet
1373 5324 1407 5380 de
1430 5325 1537 5382 Christo
1561 5334 1587 5382 et
1608 5327 1643 5381 de
1656 5334 1780 5397 tempore

127 5407 245 5468 scientia
259 5411 341 5485 bona,
357 5419 383 5469 et
397 5412 473 5470 lide:
492 5412 608 5486 quidum
634 5416 814 5482 clementes,
839 5413 867 5468 id
891 5418 933 5470 est
981 5411 1086 5485 gretiae,
1116 5411 1170 5483 ipsi
1197 5419 1391 5469 attestarentur
1425 5413 1563 5485 implendo
1585 5414 1687 5487 legem.
1703 5416 1782 5471 lusto

127 5496 169 5554 illi
210 5499 380 5574 singularem
417 5500 569 5560 doctrinam
612 5503 773 5563 inducentes
815 5501 933 5575 separati
981 5499 1075 5572 utique
1085 5514 1140 5557 uon
1155 5507 1197 5556 est
1211 5501 1301 5572 posite
1313 5501 1367 5568 lex,
1380 5500 1430 5558 red
1443 5504 1569 5572 iniustis,
1581 5501 1610 5557 id
1624 5510 1667 5560 εει
1679 5503 1781 5560 Judaeis
