3742 5986
97 247 104 255 Ι
159 172 211 228 96Ἷ
586 175 615 230 S.
636 174 795 233 HUGONIS
813 173 925 231 EPlSC.
949 170 1114 231 LINCOLN.
1138 173 1224 231 ORD.
1248 171 1374 232 cantu.
1763 170 1816 226 968

154 311 272 352 marum.
288 295 441 368 Episcopus
452 303 479 352 et
493 295 561 369 ipse,
573 305 602 354 ut
616 306 675 355 erat
690 298 839 371 piissimus,
854 312 953 355 mona·
968 297 1033 361 Alo
1046 297 1121 370 pacis
1136 296 1311 365 valefaciens,
1327 312 1390 353 cum
1413 293 1467 350 illis
1480 291 1579 366 legatis
1593 294 1651 366 (55)
1666 292 1809 366 proiectus

155 386 223 441 chus
237 384 317 441 valde
338 385 470 441 honestus
495 393 522 442 et
544 394 713 455 mansuetus,
729 387 956 459 compellentibus
1006 393 1058 454 est,
1072 387 1107 442 ad
1122 403 1217 460 regem
1232 386 1314 454 venit,
1326 384 1491 457 tandemque
1502 399 1564 440 com
1579 381 1674 439 favore
1688 380 1809 437 maximo

155 475 291 543 omnibus,
306 484 336 530 ut
350 474 486 546 promissa
500 475 677 548 sibiapriore
692 475 721 530 in
734 477 878 549 nugonem
893 484 955 532 utc·
1006 475 1116 548 abipso
1139 475 1279 543 dimissus,
1295 483 1322 532 et
1336 472 1514 531 withamiam
1538 487 1600 529 cnm
1624 472 1734 527 bonore
1758 469 1808 526 de-

153 571 229 619 retur
247 571 389 636 potestate,
414 564 451 618 ita
474 563 592 636 primum
615 563 759 621 universos
783 564 954 638 alloquitur:
1006 564 1112 629 ductus,
1130 572 1258 637 tauquam
1273 562 1389 637 angelus
1404 561 1512 618 Domini
1527 576 1544 616 a
1557 559 1652 631 paucis
1662 559 1808 626 iratribus,

156 673 168 699 «
187 649 258 720 Quia
280 651 368 725 vobis,
384 651 484 708 fratres
505 652 670 720 charissimi,
696 669 766 725 quos
789 669 842 710 non
866 653 955 708 minus
1006 652 1052 725 qui
1063 661 1129 726 tunc
1144 652 1182 709 ibi
1196 661 1282 722 erant,
1293 652 1321 708 in
1335 651 1455 725 priorem
1470 649 1617 722 suscipitur
1625 664 1689 707 cum
1705 646 1808 722 gaudio

154 740 361 798 conversatione
380 756 462 813 quam
483 739 656 813 professione
679 741 838 799 Christianae
861 740 955 814 perie—
1004 740 1145 799 ineffabili.

155 829 252 886 ctiouis
275 829 380 902 apicem
402 822 597 891 cousfl'tdisae
629 830 803 886 manifestum
828 837 879 897 est,
905 845 955 886 nos

153 917 264 975 desides
279 926 305 974 et
319 935 334 973 a
350 918 470 979 culmina
492 926 593 985 vestm
615 919 765 975 sanctitatis
785 919 868 993 longe
883 918 926 974 inf
940 949 955 961 ·
1317 884 1429 942 CAPUT
1445 883 1491 940 lv·

154 1008 254 1075 riores,
269 1023 324 1065 non
338 1023 453 1065 necesse
473 1004 521 1065 'est
534 1009 682 1067 ostendere
706 1008 770 1080 qnid
785 1007 812 1063 in
825 1008 879 1076 bis,
895 1024 956 1080 qum
1007 1026 1136 1094 Qum,
1159 1030 1248 1094 statu,
1274 1042 1355 1101 quem
1376 1026 1487 1083 invem,
1509 1024 1583 1098 ,pud
1611 988 1808 1088 mmmm,

155 1097 206 1154 Dei
219 1103 290 1166 sunt,
306 1112 389 1168 agere
412 1096 547 1168 debeatis,
561 1104 607 1152 aut
623 1097 704 1153 etiam
727 1113 838 1153 mouere
857 1104 955 1169 quate·
1042 1098 1167 1165 visitato,
1191 1097 1228 1155 od
1250 1113 1344 1168 regem
1372 1113 1511 1164 reuersus,
1536 1096 1639 1167 secent
1672 1095 1750 1151 oittoe
1777 1093 1810 1150 da

155 1200 206 1242 nus
221 1185 299 1243 vobis
313 1185 411 1242 melius
426 1186 546 1259 cognita,
559 1193 670 1242 strenue
685 1185 853 1258 compleatis,
867 1185 913 1258 qui
927 1185 955 1240 in
1044 1168 1397 1255 Wl'illamfissdllawribssh
1408 1167 1474 1224 inde
1485 1166 1664 1233 (limitum,
1677 1165 1809 1238 hildim·

155 1275 229 1332 omni
244 1275 300 1332 vita
312 1283 404 1332 vestra
418 1290 473 1331 non
488 1292 549 1348 quaa
562 1283 653 1332 vestra
669 1283 740 1342 sunt,
755 1274 804 1331 sed
817 1290 877 1347 quae
890 1274 955 1329 Jesu
1041 1255 1086 1296 ’Μ
1099 1240 1251 1312 mmm·

155 1363 265 1431 Christi,
291 1379 341 1421 vos
365 1379 486 1436 quaerere
514 1363 708 1435 comprobatis.
733 1365 790 1420 lloc
812 1379 896 1420 unum
920 1362 956 1418 ad
1042 1363 1147 1420 Invenit
1170 1370 1262 1423 autem
1282 1363 1392 1431 iratres,
1408 1362 1483 1419 velut
1505 1361 1574 1418 alter
1587 1361 1692 1433 loseph
1708 1361 1736 1416 in
1750 1361 1809 1416 Do·

155 1451 318 1508 memoriam
332 1451 421 1520 vohis,
439 1450 554 1508 Domine
569 1451 654 1523 prior,
670 1451 719 1507 sed
735 1458 761 1508 et
775 1459 883 1517 vestrae,
900 1450 955 1506 ira·
1004 1452 1099 1521 thaim,
1125 1453 1198 1525 quod
1229 1452 1425 1524 interpretatur
1448 1452 1585 1523 desectus.
1617 1448 1810 1506 consistebant

156 1547 223 1608 tres,
247 1540 416 1597 universitati
445 1540 631 1599 revocandum
652 1540 755 1613 putavi,
782 1540 854 1613 quod
877 1539 955 1596 vobis
1006 1541 1170 1614 equidemin
1184 1540 1253 1599 silva
1267 1541 1341 1597 haud
1356 1538 1558 1614 procularegia
1572 1547 1637 1595 tunc
1651 1537 1810 1595 villavoca·

156 1637 219 1685 aute
234 1629 329 1685 oculos
351 1635 478 1701 ponatur,
502 1629 619 1701 qualiter
632 1630 660 1684 in
683 1645 750 1686 casu
774 1627 910 1684 simillimo
925 1643 955 1684 se
967 1660 994 1721 B
1006 1630 1070 1686 bulo
1084 1630 1216 1697 Witbam,
1229 1647 1290 1703 quae
1305 1630 1458 1686 futurorum
1472 1628 1589 1702 quodam
1600 1626 1741 1701 praesagio
1756 1625 1809 1682 tale

156 1716 308 1775 babuerunt
322 1717 544 1790 praedecessores
557 1717 652 1774 vestri.
668 1742 678 1767 n
696 1718 762 1773 Cum
778 1717 850 1774 euim
866 1716 901 1773 ad
917 1716 958 1772 in·
1007 1735 1107 1776 nomen
1122 1720 1240 1776 creditur
1254 1719 1357 1775 sortita.
1373 1718 1477 1775 Dicitur
1487 1733 1605 1789 namque
1619 1715 1716 1771 Latine
1726 1731 1810 1771 mon·

157 1805 282 1861 stantiam
298 1806 386 1862 sancti
409 1806 624 1863 Cenomanensis
639 1813 702 1863 tunc
716 1805 839 1878 episcopi
852 1805 958 1861 Bertir·
1007 1809 1058 1876 sio,
1076 1808 1134 1865 sive
1148 1808 1285 1864 habitatio
1300 1808 1358 1879 (56)
1374 1823 1481 1873 sensus,
1494 1806 1566 1878 quod
1580 1803 1748 1862 excellenter
1761 1820 1810 1876 per

159 1894 257 1951 ramini
271 1895 328 1966 (st)
343 1895 371 1951 in
386 1895 514 1952 occiduas
537 1894 687 1951 Galliarum
701 1902 795 1967 partes
815 1893 958 1950 sanctissi·
1007 1897 1154 1954 adrentum
1178 1897 1229 1954 viri
1253 1897 1342 1968 hujus,
1368 1895 1514 1952 Christiani
1536 1893 1704 1967 philosophi,
1733 1892 1810 1950 locus

101 1987 106 2002 ⁶
158 1999 220 2041 mus
246 1983 409 2041 Benedictus
437 1983 567 2041 dilectum
589 1992 616 2040 et
638 1992 760 2041 sanctum
793 1981 958 2054 discipulum
1007 1986 1058 2042 iste
1073 1985 1141 2042 effici
1156 1985 1255 2043 meruit
1270 1986 1353 2053 inre,
1369 1984 1491 2041 attractis
1511 1983 1630 2056 undique
1645 1982 1682 2038 ad
1696 1982 1810 2039 odorem

158 2089 237 2129 suum
251 2073 375 2128 Maurum
389 2071 534 2128 iundnndae
548 2072 638 2144 gratia
647 2072 790 2145 religionis
800 2070 959 2128 monasticae
1008 2074 1111 2132 notitiae
1126 2092 1182 2131 suae
1197 2075 1264 2132 riris
1278 2074 1404 2141 sensatis,
1421 2074 1448 2128 in
1463 2072 1537 2130 omni
1551 2071 1635 2128 verbo
1651 2079 1679 2127 et
1693 2070 1721 2126 iu
1735 2070 1811 2127 omui

157 2161 313 2228 destinaret,
330 2160 447 2216 similem
462 2159 499 2215 ibi
511 2161 614 2219 luctum
629 2168 656 2217 et
670 2161 758 2218 luctus
777 2175 889 2218 causam
903 2174 959 2214 nou
1008 2179 1090 2220 sensu
1105 2163 1349 2236 praestantissimis.
1366 2162 1419 2233 Qui
1432 2168 1573 2217 manentes
1598 2160 1702 2216 ibidem
1716 2165 1745 2216 et
1758 2158 1810 2214 ha·

159 2249 331 2320 dissimilem,
345 2248 437 2321 legitis
452 2257 586 2305 exortum.
610 2247 698 2318 Quem
713 2266 792 2304 suum
816 2248 917 2321 pariter
932 2254 959 2302 et
1009 2252 1125 2308 bitantes
1149 2268 1276 2324 corpore,
1293 2252 1327 2308 ad
1341 2251 1415 2307 illam
1438 2258 1569 2308 aeternam
1592 2249 1716 2320 patriam,
1733 2247 1810 2317 cujus

157 2337 270 2394 fratrum
286 2337 408 2394 dolorem
422 2352 456 2394 ea
471 2345 582 2394 sanctus
597 2338 648 2393 Dei
661 2337 765 2394 ratione
779 2336 956 2409 compescuit,
1007 2340 1137 2412 perfectis
1158 2341 1214 2410 jam
1233 2341 1360 2397 sensibus
1381 2338 1484 2415 gaudia
1505 2343 1685 2412 praegustant,
1702 2335 1809 2408 cogita·

157 2434 187 2483 ut
200 2427 356 2483 ostenderet
371 2441 467 2483 servos
481 2427 531 2483 Dei
546 2426 700 2483 nullatenus
709 2425 866 2483 contristari
876 2441 959 2496 super
1008 2428 1081 2485 tione
1096 2437 1123 2484 et
1136 2429 1264 2486 aviditate
1278 2429 1384 2486 inhiare
1399 2445 1455 2484 oon
1469 2434 1588 2484 cessant.

157 2515 210 2585 bis,
227 2532 287 2588 quae
302 2515 373 2572 velle
387 2516 512 2573 noverint
526 2516 672 2572 Dominum
688 2532 776 2572 suum.
794 2515 846 2572 Ubi
857 2522 883 2570 et
898 2531 959 2570 ver·
1045 2517 1121 2586 Quos
1137 2525 1227 2574 autem
1242 2518 1346 2575 invenit
1359 2517 1466 2586 fratres,
1483 2515 1621 2571 habebant
1633 2513 1663 2570 bi
1679 2514 1738 2584 (57)
1752 2511 1809 2570 cel-

156 2604 221 2661 bum
235 2604 324 2662 intulit
337 2605 471 2661 memoria
485 2604 677 2676 dignissimum
695 2623 702 2660 :
720 2627 731 2656 ι
748 2606 789 2660 Ne
813 2603 893 2671 forto,
910 2603 957 2670 ait,
1007 2606 1078 2662 lulas
1093 2623 1127 2663 ex
1141 2606 1280 2663 asseribus
1294 2613 1444 2674 contextas,
1457 2603 1529 2661 vallo
1540 2603 1693 2676 perexiguo
1703 2609 1732 2658 et
1741 2600 1811 2674 palis

158 2693 211 2750 bac
224 2693 285 2764 ipsa
299 2701 394 2749 nostra
413 2692 522 2749 tristitia
545 2694 613 2760 Deo,
631 2693 704 2765 quod
726 2691 816 2748 absitl
832 2691 957 2747 invenia-
1008 2694 1213 2768 circumseptas.
1228 2696 1259 2751 ln
1274 2695 1316 2751 bis
1331 2702 1468 2767 utcunque
1481 2692 1615 2765 usquead
1629 2699 1740 2762 tempus
1750 2705 1808 2746 cor·

156 2798 218 2838 mur
238 2782 384 2838 contraire.
407 2781 462 2837 Sed
476 2789 512 2849 te,
530 2788 557 2837 et
571 2782 661 2854 Hugo,
678 2780 762 2836 frater
785 2779 956 2851 charissime,
1008 2784 1137 2840 rectionis
1152 2800 1182 2841 se
1197 2784 1371 2857 recipientes,
1389 2783 1524 2851 omnibus,
1539 2789 1568 2838 ut
1587 2780 1710 2837 breviter
1734 2779 1812 2836 dica-

157 2869 185 2926 in
200 2869 252 2927 boc
272 2884 381 2942 quoque
402 2869 504 2924 imitari
526 2868 588 2925 eum
613 2868 748 2938 convenit,
774 2885 856 2941 quem
880 2868 958 2940 sequi
1008 2880 1063 2940 tur,
1079 2881 1125 2928 aut
1140 2889 1210 2945 pene
1224 2873 1350 2929 omuibus
1373 2870 1536 2930 necessariis
1551 2867 1699 2926 sedebitis
1725 2865 1814 2924 ordini

158 2974 269 3032 semper
289 2957 369 3015 dulce
392 2957 522 3025 habuisti»
546 2957 715 3030 unigenitum
739 2957 836 3013 Filium
860 2955 958 3012 summi
1009 2977 1059 3018 suo
1075 2961 1250 3018 adminiculis
1264 2968 1339 3018 erant
1355 2967 1493 3018 carentes.
1505 2959 1602 3031 Neque
1616 2957 1698 3012 etiam
1714 2954 1813 3011 diffini·

156 3047 316 3139 Patris,·qui
329 3047 364 3103 de
378 3046 511 3103 altissimo
526 3063 582 3104 suae
592 3046 739 3103 divinitatis
752 3018 993 3118 promultommc
1009 3058 1066 3106 tum
1081 3057 1141 3106 erat
1153 3067 1240 3123 usque
1250 3049 1403 3116 adhuc,ubi
1418 3048 1514 3118 major,
1521 3047 1568 3104 ubi
1577 3046 1668 3102 minor
1681 3043 1812 3112 ecclesia,

156 3136 244 3193 salute
259 3135 295 3192 ad
308 3135 447 3208 publicum
463 3135 648 3210 dignatusest
663 3135 738 3192 exire
753 3135 879 3192 bumanae
892 3150 957 3191 con·
1008 3139 1207 3196 monachorum
1230 3138 1317 3205 cellae,
1334 3145 1361 3194 et
1375 3137 1524 3195 claustrum
1538 3152 1600 3193 cum
1624 3134 1740 3190 fratrum
1762 3133 1814 3190 do·

157 3224 330 3282 versationis.
355 3226 390 3281 Et
403 3231 432 3279 tu
447 3224 531 3297 igitur
550 3223 723 3298 peregrinari
738 3225 773 3279 ad
788 3223 958 3280 modicuma
1008 3226 1143 3283 munculis
1174 3234 1201 3283 et
1225 3226 1364 3298 hospitum
1391 3223 1551 3282 diversoriis
1572 3222 1661 3296 aptius
1693 3220 1816 3278 construi

157 3314 210 3370 tuis
225 3313 405 3381 charissimis,
421 3313 573 3385 postposito
587 3313 697 3369 interim
719 3312 816 3385 quietis
830 3313 900 3369 adeo
912 3312 957 3368 di·
1009 3316 1178 3372 debuissent.
1195 3315 1295 3373 Villam
1317 3314 1511 3387 supradictam,
1529 3328 1624 3369 eorum
1645 3313 1703 3382 jam
1718 3309 1815 3367 didoni

107 3390 110 3395 ’
159 3401 237 3458 lectae
249 3401 368 3473 silentio,
379 3416 430 3474 pro
445 3417 478 3458 eo
489 3418 524 3458 ne
539 3401 686 3468 cuncteris,
697 3401 726 3456 in
739 3401 881 3473 praesentis
896 3401 959 3458 vitan
1009 3419 1161 3471 cessuram,
1177 3404 1343 3459 habitatores
1370 3396 1477 3475 pristini
1490 3402 1580 3458 adhuc
1603 3398 1773 3467 incolebant,
1790 3405 1816 3455 et

159 3490 263 3559 exsilio,
275 3497 304 3546 ut
318 3490 343 3546 ei
354 3491 510 3562 perenuiter
519 3491 693 3562 postmodum
704 3490 819 3546 socieris
830 3490 858 3544 in
867 3489 958 3545 beati·
1009 3493 1126 3549 necdum
1137 3492 1277 3563 provisum
1292 3492 1332 3547 eis
1347 3491 1442 3559 fuerat,
1454 3499 1483 3546 ut
1493 3490 1574 3546 sedes
1588 3504 1654 3544 suas
1669 3488 1731 3544 siue
1740 3503 1815 3543 mur·

158 3579 259 3636 tudinis
278 3595 334 3635 suae
357 3595 454 3651 regno.
479 3581 536 3635 Hoc
559 3595 622 3653 ego,
647 3579 711 3635 licet
735 3578 873 3652 indiguus,
898 3577 958 3635 vice
1008 3597 1097 3648 mure,
1115 3581 1174 3637 sine
1195 3580 1237 3636 sui
1260 3580 1382 3651 laesione,
1405 3579 1485 3636 novis
1507 3577 1610 3635 vellent
1633 3585 1680 3632 aut
1699 3582 1814 3648 possent

156 3668 243 3740 ipsius
257 3668 286 3724 in
301 3668 488 3724 remissionem
503 3675 676 3740 peccatorum
694 3675 814 3738 tuorum,
830 3668 864 3723 ob
883 3682 958 3724 com·
1010 3668 1216 3725 successoribus
1232 3669 1341 3725 cedere.

157 3757 347 3829 pausationem
362 3757 444 3812 etiam
458 3764 625 3813 eternorum
648 3756 832 3827 praemiorum,
850 3755 898 3810 tibi
912 3755 958 3810 in·
1045 3758 1094 3813 His
1108 3765 1134 3813 et
1149 3757 1210 3813 aliis
1229 3757 1264 3813 de
1280 3757 1342 3823 situ,
1359 3757 1394 3812 de
1409 3755 1538 3828 qualitate
1561 3754 1624 3823 loci,
1641 3770 1693 3811 nec
1717 3770 1775 3810 non
1788 3760 1814 3810 et

153 3845 250 3917 J'ungo,
267 3853 295 3901 et
310 3845 337 3900 in
351 3845 378 3901 vi
393 3844 557 3901 obedientiae
575 3843 689 3900 firmiter
712 3844 853 3916 praecipio.
870 3845 958 3917 Perge
1009 3846 1044 3902 de
1065 3845 1182 3911 caeteris,
1206 3862 1267 3917 quae
1288 3845 1439 3902 necessitas
1457 3843 1562 3900 ordinis
1584 3842 1730 3917 flagitabat
1753 3843 1813 3899 loco

157 3933 250 4004 itaque
265 3948 362 4004 sospes
376 3941 402 3989 et
416 3932 481 3988 felix
504 3948 565 3988 cum
580 3932 784 3988 venerabilibus
807 3932 872 3987 uiris
888 3931 956 3999 istis,
1010 3934 1167 4000 convenire,
1184 3933 1228 3991 vel
1242 3933 1348 3989 utilitati
1364 3932 1465 3989 ibidem
1484 3931 1710 3989 conversantium
1723 3931 1812 3987 inser-

157 4020 247 4094 quite
268 4036 369 4076 vocare
392 4028 535 4089 venerunt,
561 4036 709 4092 curamque
731 4020 838 4090 suscipe
861 4019 959 4076 domus
1009 4022 1078 4093 vire,
1094 4022 1221 4095 diligenti
1236 4020 1345 4077 solertia
1360 4021 1512 4092 perspectis
1526 4035 1558 4076 ac
1572 4019 1717 4092 sigillatim
1739 4034 1812 4090 prae·

157 4108 315 4165 Withamiae
329 4108 357 4164 in
372 4108 481 4182 anglia,
498 4108 603 4164 favente
614 4108 739 4174 Domino,
752 4108 956 4178 construendae3
1009 4111 1118 4175 notatis,
1134 4111 1317 4182 Hugonoster
1331 4108 1473 4178 (intereos
1488 4110 1525 4165 ita
1540 4107 1698 4166 condictum
1713 4106 1812 4175 tuerat)

155 4198 253 4270 praesis
276 4213 385 4270 quoque
407 4204 575 4262 constanter,
591 4205 618 4253 ct
632 4197 721 4268 prosis
741 4196 874 4252 instanter
898 4197 959 4253 loco
1008 4200 1042 4254 ad
1058 4214 1152 4272 regem
1166 4197 1245 4255 citius
1258 4197 1408 4270 repedavit.
1425 4198 1543 4269 Cumque
1558 4197 1593 4253 de
1611 4193 1813 4270 singulisquod

156 4294 184 4341 et
198 4286 328 4342 iratribus
352 4285 390 4342 ibi
414 4285 602 4360 congregatis,
618 4284 771 4341 innomine
797 4285 915 4352 Domini,
933 4293 960 4340 et
1010 4287 1062 4342 sibi
1077 4287 1220 4343 videbatur
1239 4285 1419 4357 exposuisset,
1436 4302 1484 4341 rex
1499 4286 1527 4340 in
1540 4284 1669 4340 omnibus
1693 4283 1813 4354 pruden-

156 4375 370 4447 congregandis.
385 4395 396 4425 r
967 4377 993 4437 D
1008 4376 1074 4431 tiam
1088 4375 1161 4430 illius
1176 4382 1202 4430 et
1216 4374 1378 4430 modestiam
1401 4374 1564 4440 admiratus,
1580 4388 1753 4445 quaecuuque
1768 4371 1812 4427 illc

194 4464 271 4519 Hauc
293 4463 372 4535 llugo
401 4461 587 4519 diffinitionem
609 4462 765 4535 aliquandiu
788 4462 904 4535 pedibus
928 4477 958 4518 se
1008 4464 1152 4535 disposuit,
1168 4471 1194 4518 et
1209 4462 1254 4518 ille
1269 4462 1441 4533 approbavit,
1453 4470 1479 4517 et
1493 4477 1552 4534 quae
1562 4460 1713 4533 postularit
1727 4459 1813 4515 liben-

83 4626 86 4631 .
157 4549 293 4623 pontificis
308 4550 480 4607 advolvendo
504 4551 609 4606 irritare
624 4551 724 4615 nitens,
743 4551 958 4623 necquidquam
1008 4562 1050 4608 ter
1064 4551 1185 4607 indulsit.
1202 4553 1242 4606 hc
1255 4550 1342 4622 primo
1365 4550 1475 4622 quidem
1496 4549 1641 4605 universos
1665 4547 1812 4606 convocari

120 4653 122 4656 ’
157 4639 322 4712 prolicieus,
346 4639 428 4695 cessit
457 4648 616 4710 postremo;
650 4655 765 4711 seseque
789 4639 957 4695 orationibus
1008 4641 1070 4696 lecit
1085 4640 1249 4711 praediomm
1264 4639 1307 4694 vel
1323 4654 1413 4694 rerum
1429 4637 1607 4711 quarumlibet
1621 4652 1812 4709 possessores,

157 4729 277 4786 omnium
291 4728 465 4801 praesentium
474 4729 681 4796 commendans,
693 4727 822 4784 iratribus
835 4728 863 4783 in
877 4744 958 4784 oscu·
1010 4744 1079 4802 quos
1093 4728 1153 4785 loco
1167 4727 1266 4786 cedere
1281 4727 1433 4799 oportebat,
1449 4743 1483 4783 ne
1497 4726 1617 4799 quolibet
1637 4726 1756 4798 strepitu
1769 4731 1813 4780 aut

190 4906 245 4970 (56)
258 4908 325 4960 Alias
336 4908 541 4968 bertichramum,
555 4909 736 4968 bertramnum,
750 4910 810 4970 etc,
822 4907 852 4958 de
864 4918 921 4969 quo,
932 4911 959 4957 et
1009 4908 1088 4958 manis
1100 4907 1181 4967 Halm,
1197 4905 1296 4957 Haimot
1314 4901 1339 4953 id
1362 4906 1410 4966 ost,
1432 4905 1526 4957 mansio
1541 4904 1636 4968 patrio.
1661 4903 1724 4968 wat,
1748 4904 1811 4955 idem

155 4974 219 5026 tacto
229 4975 270 5026 bic
281 4979 381 5026 narrato
396 4974 451 5025 vide
473 4974 647 5036 ltabillonium,
661 4977 728 5024 tomo
748 4973 900 5025 {annalium
913 4975 958 5023 Be·
1009 4975 1072 5038 quod
1089 4975 1161 5038 thc,
1175 4985 1272 5024 sensus.
1509 4974 1515 4986 '

157 5041 226 5105 Μ’
238 5054 263 5103 Ρ·
279 5042 335 5101 ¹⁰7'
349 5045 374 5092 ‘t
386 5041 528 5093 mumdum
541 5053 566 5134 Ψ
577 5041 633 5090 vm
644 5041 671 5091 S·
684 5042 760 5134 mun
773 5039 877 5091 abbam·
908 5123 913 5134 ,
1041 5074 1093 5140 (st)
1106 5076 1204 5127 Cellulae
1215 5088 1245 5126 ex
1258 5073 1394 5132 asseribus,
1415 5072 1519 5124 ecclesia
1539 5071 1648 5122 nondum
1668 5071 1808 5136 designata,

193 5123 366 5202 (55),Q¹¹⁰l⁰ffl
378 5138 441 5176 ”⁰¹¹⁸
452 5127 476 5175 θῑ
487 5136 623 5188 praec1puus
643 5124 790 5188 Retifflafflus
805 5125 957 5201 ‚Bathffl'ess'
1006 5142 1139 5193 cluustrum
1151 5154 1197 5192 nec
1209 5142 1361 5199 inchoatum,
1375 5140 1456 5202 plures
1475 5139 1507 5190 ad
1527 5151 1610 5199 regem
1631 5150 1759 5200 accessus,
1783 5141 1808 5188 et

156 5192 478 5269 ⁸¹³=d¹¹¹9¹1¹¹¹³3¹¹l⁰¹¹7³
495 5195 579 5267 ⁰⁰⁰²&
595 5192 618 5266 ,Τ
621 5190 733 5266 ⁰¹⁰⁵³¹²⁰,⁵
747 5194 834 5266 edema
847 5193 872 5241 0¹
892 5203 956 5241 ³³³⁰
1009 5209 1067 5272 alia,
1080 5222 1133 5271 qua
1145 5210 1191 5259 hoc
1205 5213 1230 5259 ct
1248 5208 1358 5270 sequenti
1383 5207 1463 5268 capite
1486 5205 1637 5266 reseruntur,
1658 5208 1684 5255 et
1709 5205 1808 5256 undem

157 5262 269 5336 “queml
281 5258 391 5335 'concilio
413 5259 571 5335 Latergnenpl
593 5256 743 5318 lutersuel'lt,
767 5259 801 5307 uti
823 5269 876 5318 μω
900 5261 958 5309 ante
1009 5276 1128 5339 completa
1139 5275 1184 5326 sub
1196 5276 1297 5337 Hugone
1307 5272 1419 5334 aedfflcia,
1432 5275 1528 5336 septem
1541 5276 1582 5322 aut
1599 5276 1656 5321 00‘0
1675 5271 1749 5323 saeue
1762 5284 1809 5322 an.

159 5337 251 5388 ¹¹¹⁰ffl¹¹v
263 5335 305 5374 '¹¹
325 5323 435 5386 mmm·
455 5336 513 5400 qum
531 5335 597 5375 ‘¹¹⁰²
609 5323 682 5374 finem
700 5335 741 5373 ²¹¹·
758 5322 820 5372 ¹¹⁷⁷
831 5335 879 5375 ¹¹⁰³
902 5336 956 5375 ⁰⁰¹⁰
1008 5355 1055 5392 nos
1067 5343 1232 5404 requirebant,
1245 5344 1271 5392 ut
1283 5340 1469 5402 perficerentur.
1481 5338 1548 5401 Quod
1560 5338 1614 5389 ideo
1635 5337 1731 5389 dictum
1743 5338 1809 5401 roto,

157 5393 259 5454 flussimfl
271 5390 393 5455 ”dfesseffl
404 5393 511 5441 '‘flem-
1009 5420 1039 5460 ne
1055 5409 1181 5472 lingonum
1192 5408 1271 5460 serius
1289 5418 1354 5458 anuo
1377 5406 1441 5456 ttrs
1458 5404 1483 5456 in
1503 5405 1616 5468 angliam
1636 5404 1737 5456 renisa
1756 5404 1813 5467 quis

192 5472 248 5540 (bb)
259 5474 332 5540 Hom,
344 5473 440 5528 scilicet
451 5474 660 5538 humanoribus
672 5472 736 5527 idam
753 5475 880 5538 estquod
898 5473 957 5527 Gar·
1008 5475 1144 5530 existimet.
