3742 5986
175 188 229 255 att
609 202 781 259 GUIGONIS
800 205 824 259 11
842 200 1048 260 ctuvttttsffl
1066 203 1213 263 basolus
1231 200 1381 264 tmolus.
1783 204 1837 261 816

173 323 625 382 vieecscendltinmontcmsoltts
635 329 831 396 orarclllatth.
841 343 902 392 xvv,
912 328 970 397 23).
981 327 1010 386 Α
1025 314 1142 393 ciuntur,
1159 327 1186 381 iu
1202 328 1254 383 hoe
1273 327 1426 392 consulere,
1443 325 1465 380 si
1486 324 1587 381 faciunt
1609 340 1658 381 cos
1672 325 1759 382 exire.
1776 326 1834 383 Sed

173 411 282 468 Domini
308 411 415 471 iuturus
431 429 587 484 precursor
614 415 708 470 beatus
735 415 855 470 Joauues
883 415 972 471 adhuc
1020 413 1048 468 hi
1062 412 1188 470 nimirum
1205 416 1264 471 sola
1281 415 1406 488 quaedam
1416 413 1505 469 miuus
1519 413 1640 485 previdae
1654 412 1832 469 discretionis

171 515 251 570 puer,
267 501 365 556 crescit
382 509 408 556 et
422 501 589 557 confortatur
600 502 695 574 spiritu
705 518 819 558 maneus
835 504 861 558 in
877 503 972 558 ‹leser-

173 586 218 654 tis,
234 604 321 661 usque
337 588 373 643 ad
387 589 556 644 ostensionis
571 606 628 645 suae
642 590 715 646 diem
742 591 777 646 ad
805 591 873 647 lsrel
891 592 970 662 (Luc.

171 690 191 743 1,
208 676 264 747 80).
279 677 309 731 ln
324 676 467 746 superiora
474 678 569 733 Petrus
585 678 709 734 ascendit
722 686 751 733 ut
765 688 834 745 oret,
846 680 971 735 nccabs-

172 779 225 836 que
240 764 346 831 esurie;
362 765 497 836 praeclara
511 766 629 821 Cornelii
652 764 705 821 lide
721 766 793 839 (Aet.
810 783 840 834 x,
857 767 885 837 9)
899 775 971 838 post-

169 851 292 919 modum,
309 868 339 908 ac
354 859 416 922 post
430 853 566 909 modicum
591 853 742 909 satiandus.
758 855 849 911 Monet
876 856 970 910 Timo-

171 940 264 995 theum
275 940 437 1011 praedicator
452 941 583 1014 egregius
608 941 707 996 Paulus
729 943 754 1011 (l
772 943 840 998 Tim.
857 958 895 1012 vv,
912 944 967 1014 13),

1019 501 1139 575 imagine
1149 503 1288 558 falluntur.
1300 503 1330 558 ld
1344 501 1417 558 enim
1428 502 1536 573 penitus
1551 517 1606 559 non
1623 502 1743 572 expedit.
1761 502 1829 558 Sen-

1019 590 1083 644 titur
1114 597 1188 647 certe
1216 599 1352 663 utcunque
1382 597 1574 645 momentanea
1604 590 1731 661 quaedam
1771 590 1831 647 sinc

1020 677 1110 748 quiete
1126 677 1214 749 quies,
1232 687 1258 735 et
1272 677 1332 734 sine
1340 678 1486 735 dulcedine
1498 676 1626 744 dulcedo,
1642 685 1669 733 et
1684 677 1746 734 sine
1761 693 1830 735 eeu·

1019 765 1150 821 solatione
1165 766 1314 823 consolatio
1328 784 1335 833 ;
1352 766 1401 822 sed
1417 766 1538 822 succedit
1556 765 1661 838 absque
1674 781 1754 822 mora
1769 783 1830 839 per·

1019 854 1126 910 turbata
1142 855 1304 920 amaritudo,
1322 862 1349 910 et
1371 870 1465 910 amara
1488 853 1674 925 perturbatio,
1688 861 1716 909 et
1729 854 1829 911 intole-

1019 940 1111 996 rabilis
1126 942 1237 998 omnino
1252 942 1395 998 desolatio.
1410 945 1472 998 Mox
1491 942 1564 998 enirn
1577 950 1607 997 ut
1620 942 1654 997 ad
1667 942 1770 999 cellam
1784 959 1826 999 re·

170 1035 200 1082 ut
210 1028 274 1083 dum
291 1029 364 1084 venit
378 1029 497 1083 attendat
512 1029 632 1097 lectioni,
654 1030 843 1100 exhortationi,
866 1031 969 1086 doctri·
1019 1029 1109 1096 dierit,
1134 1031 1322 1100 apprehendet
1345 1046 1377 1086 ae
1400 1030 1564 1101 penetrabit,
1590 1045 1622 1086 ac
1644 1029 1828 1087 circumdabit

172 1131 215 1171 11ae
231 1116 322 1187 (ibid,
341 1117 385 1187 19)
402 1135 409 1183 ;
426 1117 698 1188 asserensquodhaec
708 1117 820 1184 iaciens,
837 1127 864 1174 et
874 1126 971 1174 semet·
1019 1131 1080 1171 eum
1096 1117 1271 1183 intrinsecus,
1288 1118 1437 1173 durissima
1451 1118 1553 1191 agonia
1566 1125 1593 1172 et
1607 1117 1757 1174 durissima
1771 1133 1824 1175 an-

169 1203 261 1275 ipsum
276 1204 400 1271 salvabit,
413 1211 440 1260 et
454 1221 501 1260 eos
516 1206 562 1276 qui
578 1204 654 1259 illum
678 1205 793 1260 audiunt
823 1206 916 1276 (ibid,
928 1207 967 1276 8).
1018 1204 1108 1275 gustia
1128 1205 1249 1276 spiritus,
1271 1206 1464 1279 gravissimum
1487 1206 1596 1261 taedium
1621 1206 1724 1273 cordis,
1749 1215 1826 1262 atro·

171 1290 224 1360 Qui
238 1300 265 1347 et
280 1292 355 1357 dicit,
372 1292 538 1363 corporalem
555 1292 777 1348 exercitationem
788 1293 969 1349 admedicum
1018 1292 1130 1348 cissima
1141 1293 1305 1350 evisceratio
1320 1292 1428 1349 m'entis.
1457 1293 1528 1364 Quia
1549 1293 1657 1366 quoties
1671 1294 1767 1350 miuus
1780 1295 1826 1350 diu

171 1380 265 1435 utilem
281 1395 352 1445 esse,
369 1379 461 1435 utilem
476 1396 542 1435 vere
561 1381 596 1435 ad
619 1380 711 1435 omnia
726 1397 787 1436 esse
815 1382 967 1452 pietatem:
1018 1388 1092 1435 extra
1107 1396 1168 1436 eam
1183 1381 1211 1435 in
1235 1382 1398 1455 evagatione
1426 1382 1535 1439 curiosa
1555 1391 1582 1437 et
1604 1397 1676 1438 vana
1699 1390 1826 1439 meratu-

176 1484 258 1540 quam
282 1475 311 1523 et
337 1469 434 1523 asserit
461 1467 673 1539 premissionem
696 1469 797 1525 habere
821 1471 882 1525 vitra
908 1487 969 1542 quae
1018 1484 1064 1523 rus
1080 1469 1140 1540 quis
1156 1477 1259 1526 temere
1275 1469 1371 1526 cellam
1382 1470 1532 1541 egreditur,
1548 1470 1628 1525 toties
1642 1469 1721 1542 quasi
1736 1487 1825 1533 nevus

175 1571 248 1611 nunc
264 1564 315 1621 est,
331 1563 358 1611 et
372 1555 479 1612 futurae.
505 1557 571 1611 Cum
599 1551 672 1612 sores
699 1566 761 1612 sunt
789 1557 898 1628 clause,
922 1557 969 1613 ubi
1017 1556 1183 1613 inhabitator
1196 1559 1350 1626 revertitur,
1373 1557 1510 1630 aliumque
1534 1574 1565 1614 se
1579 1558 1665 1614 sensit
1680 1565 1707 1614 et
1720 1558 1827 1615 invenit

170 1651 392 1715 proptermctum
403 1643 529 1715 discipuli
543 1645 701 1717 congregari
713 1653 775 1700 sunt
789 1648 966 1714 ventiletur,
978 1674 1005 1734 B
1019 1660 1172 1718 regressus,
1190 1663 1271 1718 quam
1286 1655 1342 1702 erat
1353 1656 1499 1718 antequam
1514 1645 1563 1701 luit
1577 1662 1718 1718 egressus.
1737 1649 1825 1704 Acce·

169 1737 198 1789 ct
213 1737 273 1789 etot
286 1732 427 1796 inmovile,
437 1733 611 1789 etdiciteis:
627 1735 690 1788 Pac
703 1733 778 1791 cobis
798 1735 890 1803 (loun.
914 1750 965 1803 xx,
1019 1732 1057 1787 dit
1072 1733 1108 1789 ad
1123 1733 1176 1789 boc
1190 1735 1262 1805 quod
1277 1734 1311 1790 de
1326 1749 1357 1791 se
1372 1735 1497 1806 quedam
1511 1734 1558 1800 ait,
1572 1734 1636 1805 quia
1650 1749 1769 1807 egressa
1783 1741 1825 1790 est

170 1821 227 1892 26).
244 1821 397 1877 Succedent
411 1821 463 1876 tria
477 1821 536 1877 haec
564 1820 699 1886 videlicet,
728 1822 832 1890 venire,
854 1832 928 1878 stare
942 1830 969 1878 et
1018 1820 1110 1891 plena,
1127 1830 1153 1877 et
1169 1837 1282 1878 vacuam
1298 1821 1406 1877 reduxit
1420 1838 1481 1878 eam
1496 1822 1629 1878 Dominus
1646 1837 1653 1876 :
1672 1823 1757 1889 uude,
1773 1836 1825 1880 nec

169 1909 281 1977 dicere3
298 1908 321 1963 si
334 1910 394 1965 baec
408 1909 461 1964 tria
484 1908 686 1979 precesserint,
715 1909 818 1965 seilicet
836 1927 907 1980 sere,
924 1911 969 1967 die
1020 1910 1138 1981 amplius
1154 1909 1253 1967 Noemi
1266 1910 1315 1966 sed
1329 1911 1433 1966 llarath
1456 1928 1486 1967 se
1508 1910 1592 1967 voluit
1616 1918 1717 1967 extunc
1732 1910 1826 1968 vecari

168 1997 226 2064 illo,
242 2013 296 2053 una
311 1997 502 2054 Sabbatorum.
519 1999 559 2052 De
572 2013 655 2053 mauu
669 1998 761 2070 augeli
775 1998 868 2054 stantis
885 2014 969 2071 super
1019 1998 1115 2066 (heth.
1141 2013 1160 2066 1,
1182 2000 1248 2070 dl);
1273 1999 1335 2071 quia
1360 2015 1420 2071 quar
1443 1998 1559 2070 pulchra
1582 2006 1641 2054 erat
1663 1999 1826 2071 priusquam

168 2093 280 2142 marcet
296 2093 504 2156 superterram,
519 2085 637 2141 Joauues
656 2086 797 2157 apostolus
810 2087 836 2141 iu
858 2090 968 2159 Apoca-
1019 2087 1205 2160 egrederetur,
1231 2102 1385 2161 regressam
1411 2103 1476 2144 vero
1492 2088 1549 2156 jam
1565 2103 1594 2143 se
1610 2103 1672 2143 esse
1687 2087 1742 2142 sibi
1757 2088 1826 2144 etin

174 2173 246 2245 lypsi
260 2174 302 2243 (x,
320 2175 348 2244 9)
358 2172 456 2243 accipit
470 2173 581 2240 librum,
593 2181 619 2229 et
632 2174 667 2228 ab
682 2189 714 2229 eo
736 2174 881 2231 devoratus
905 2176 969 2231 lacit
1019 2191 1049 2231 se
1064 2190 1184 2232 amaram
1204 2175 1352 2247 experitur.
1375 2176 1409 2230 Et
1424 2174 1459 2231 de
1482 2191 1536 2247 quo
1551 2175 1612 2232 loco
1627 2190 1746 2248 egressa
1761 2176 1824 2233 esti

172 2261 314 2318 amaricari
328 2270 451 2318 ventrem
474 2278 565 2317 suum,
586 2262 640 2317 Sed
664 2262 746 2318 estin
768 2279 815 2319 ore
830 2280 880 2337 suo
906 2272 968 2319 tan·
1020 2280 1110 2320 uouue
1121 2264 1155 2319 dc
1163 2264 1326 2320 Bethleem?
1344 2265 1379 2319 Et
1390 2280 1451 2335 quae
1466 2279 1522 2320 suae
1538 2263 1705 2338 egressionis
1716 2264 1826 2321 causei

175 2367 255 2422 quam
271 2351 335 2417 mel,
348 2350 445 2406 dulcis.
464 2351 577 2406 Sacram
586 2351 687 2422 quippe
702 2350 867 2423 Scripturam
881 2352 970 2408 adim·
1019 2363 1109 2403 nonne
1120 2347 1205 2403 lamas
1216 2347 1272 2402 rbi
1284 2355 1506 2421 quoegressaest
1517 2347 1629 2419 tutique
1639 2347 1666 2402 iu
1678 2347 1825 2421 regionem

168 2440 253 2512 plevit
267 2455 361 2512 opere,
376 2438 423 2494 ille
443 2438 535 2510 magni
563 2439 670 2495 consilii
684 2439 808 2513 angelus,
829 2440 969 2510 potensin
1019 2434 1202 2492 Moabitidem.
1229 2436 1258 2490 lu
1280 2452 1333 2507 qua
1347 2443 1432 2503 certe,
1461 2442 1490 2490 ut
1504 2450 1587 2492 verax
1609 2434 1727 2491 historia
1748 2436 1823 2506 dicit,

91 2580 96 2589 ,
168 2544 250 2600 opere
261 2537 288 2583 et
309 2543 435 2583 sermone
450 2527 583 2582 Dominus
598 2528 697 2595 Jonas,
722 2528 967 2597 circumcisionem,
1019 2523 1177 2578 morabatur
1191 2523 1230 2579 sic
1246 2524 1318 2596 quod
1333 2524 1361 2578 iu
1375 2539 1408 2579 ea
1431 2523 1674 2597 peregrinabatur.
1701 2525 1739 2579 Et
1762 2523 1824 2582 ideo

167 2634 229 2690 quae
243 2616 278 2671 ad
292 2624 390 2672 terram
407 2615 683 2685 relerturjustihcans
698 2632 730 2672 ex
759 2615 813 2672 lide
829 2635 836 2675 ι
853 2625 880 2672 et
893 2634 969 2688 prae-
1019 2611 1138 2683 quandiu
1153 2611 1190 2666 ibi
1205 2611 1254 2667 suit
1268 2611 1417 2684 peregriua
1431 2610 1490 2666 luit.
1506 2612 1542 2666 Et
1560 2626 1646 2682 quare
1660 2612 1822 2686 peregriua,

166 2705 270 2777 putium
289 2704 361 2776 quod
380 2705 414 2759 ad
443 2720 529 2769 mare,
553 2719 604 2774 per
630 2702 722 2770 iidem,
739 2712 769 2759 ut
790 2719 852 2761 cum
879 2705 969 2776 aquilo
1019 2699 1071 2754 uisi
1086 2700 1148 2772 quia
1162 2699 1200 2754 ibi
1214 2715 1268 2756 non
1283 2699 1333 2755 luit
1347 2699 1504 2772 inproprie,
1520 2699 1610 2755 sedin
1624 2700 1740 2758 alieno?
1754 2701 1823 2756 Nam

169 2793 216 2848 dat
230 2799 323 2848 auster
337 2807 391 2848 non
406 2791 555 2862 prohibeat.
581 2790 669 2860 Quem
683 2792 791 2861 librum,
817 2808 878 2848 cum
893 2794 968 2849 acci·
1018 2786 1132 2859 proprie
1154 2787 1287 2844 habitatio
1302 2803 1358 2843 non
1371 2787 1441 2842 alias
1470 2787 1495 2842 ei
1523 2802 1603 2860 quam
1619 2787 1649 2842 in
1670 2784 1844 2845 Bethleem.'

171 2881 210 2952 pit
223 2882 351 2949 Joaunes,
368 2879 519 2935 amaritudo
547 2880 658 2950 quidem
672 2880 699 2934 in
714 2887 819 2949 ventre,
831 2880 880 2937 aad
908 2881 968 2936 dvxl-
1019 2875 1091 2945 Quid
1106 2875 1132 2929 iu
1147 2875 1189 2930 his
1204 2875 1282 2932 vobis
1298 2876 1405 2932 videtur
1419 2874 1453 2930 de
1477 2874 1535 2931 iisr
1551 2875 1605 2931 Cur
1618 2889 1751 2932 veremur
1765 2876 1823 2933 cel·

171 2969 240 3025 cedo
255 2968 284 3023 lit
298 2969 324 3023 iu
346 2984 412 3035 ore;
427 2983 481 3024 una
495 2967 522 3022 in
537 2967 728 3039 adimpletione
753 2975 779 3025 et
802 2969 969 3040 experientia
1018 2964 1081 3025 lam.
1098 2964 1234 3035 quandam
1250 2979 1348 3020 vocare
1363 2964 1453 3036 itaque
1466 2964 1608 3032 audemus,
1624 2964 1675 3020 sed
1689 2965 1822 3037 spiritua·

167 3057 251 3114 altera
277 3072 343 3113 vero
370 3057 397 3112 in
424 3056 612 3119 recordatione
630 3064 657 3112 et
684 3056 872 3129 intelligentia.
903 3058 968 3115 llaec
980 3024 1003 3084 Ο
1017 3053 1069 3108 lem
1085 3068 1140 3107 uon
1149 3051 1328 3123 temporalem
1343 3052 1432 3125 [Par.,
1454 3051 1649 3126 corporaleml,
1665 3068 1722 3109 uon
1737 3052 1820 3109 histo-

168 3145 261 3202 oruuia
274 3144 303 3217 (o
325 3144 544 3215 carthusienses)
560 3151 587 3200 et
609 3144 716 3217 singula
730 3144 754 3199 si
767 3144 913 3217 diligenter
927 3145 967 3201 iu-

168 3228 288 3300 tenditis,
297 3250 367 3306 quae,
380 3241 407 3288 et
417 3233 515 3303 qualis,
532 3241 558 3288 et
568 3241 669 3304 quanta
684 3233 717 3287 sit
732 3232 809 3289 celle
819 3234 896 3304 quies
911 3234 967 3290 evi·

170 3322 267 3377 denter
281 3321 499 3392 deprehendetis.
517 3320 565 3376 Cui
573 3320 709 3390 nimirum,
727 3328 756 3376 ut
769 3321 844 3377 novit
858 3321 903 3393 qui
918 3338 967 3377 ex·

170 3418 267 3481 pertus
281 3417 332 3476 est,
350 3425 403 3482 quo
418 3409 563 3465 instantius
585 3408 734 3475 intenditis,
760 3425 792 3465 eo
807 3409 966 3478 dulciorem,

171 3500 220 3555 aad
235 3498 401 3565 suaviorem,
429 3499 477 3553 sed
495 3498 695 3567 jucundiorem,
718 3498 766 3552 sed
791 3497 967 3566 sereniorem,

170 3588 220 3644 sed
233 3586 475 3656 delectabiliorem,
499 3586 548 3642 sed
570 3585 729 3655 faciliorem,
747 3585 796 3642 sed
824 3585 968 3643 clariorem

172 3676 304 3732 sentietis.

434 3761 633 3819 carvvutbtt
653 3762 702 3817 lX.

173 3879 211 3934 Dc
226 3881 320 3949 quiete
334 3879 423 3944 cclloe,
440 3878 544 3948 etquod
561 3893 618 3935 noc
630 3875 801 3948 expectaret
824 3878 918 3944 quiin
936 3893 970 3935 ec

211 3948 329 4014 habitat,
346 3953 378 4003 at
392 3948 558 4004 ebdomata
568 3947 719 4003 temerarie
729 3946 871 4003 nimisdiu
885 3953 970 4005 extra

208 4034 270 4075 eam
289 4023 426 4074 meretur.

210 4125 267 4180 lloc
282 4132 372 4180 autem
391 4123 535 4193 unicuique
546 4122 592 4195 qui
606 4130 726 4178 moratur
752 4121 779 4177 iu
795 4121 864 4179 cella
877 4120 968 4179 scien·

174 4211 249 4280 dum,
265 4221 293 4269 et
301 4212 448 4286 diligenter
462 4219 504 4268 est
517 4212 542 4267 ei
557 4212 584 4266 in
608 4211 698 4267 tenaci
714 4210 846 4268 memoria
869 4226 969 4267 recou-

132 4370 136 4377 .
174 4302 303 4367 dandum,
316 4302 389 4373 quod
404 4317 459 4357 uon
472 4300 528 4356 vult
544 4300 602 4356 nec
615 4299 650 4355 de
666 4315 718 4372 qua
741 4299 877 4372 loquimur
890 4299 967 4368 cella,

1017 3140 1111 3196 rialcm
1142 3140 1191 3196 sed
1220 3141 1361 3196 moralem.
1394 3142 1426 3194 lu
1446 3140 1575 3196 historica
1598 3139 1647 3195 illa
1669 3140 1819 3212 Bethleem,

1017 3229 1098 3285 Deata
1113 3236 1201 3285 mater
1216 3230 1302 3285 semel
1324 3228 1428 3300 peperit
1446 3229 1539 3284 lesum
1554 3228 1693 3284 Christum
1706 3248 1715 3298 ς
1730 3229 1759 3285 iu
1772 3231 1820 3287 hac

1019 3326 1109 3373 autem
1133 3318 1320 3392 tropologica,
1343 3325 1373 3372 ut
1396 3317 1472 3373 novit
1503 3316 1592 3373 omnis
1613 3316 1661 3388 qui
1677 3318 1822 3391 aliquoties

1019 3414 1060 3462 est
1071 3415 1209 3478 expertus,
1222 3406 1354 3479 quotidie,
1365 3405 1419 3462 imo
1429 3406 1617 3461 indesinentur
1625 3405 1736 3462 confert
1744 3407 1821 3464 nobis

1018 3502 1106 3550 mater
1120 3495 1234 3568 gratiam
1259 3494 1411 3552 sanctitatis
1434 3509 1545 3550 suavem
1569 3493 1675 3566 pariter
1698 3502 1728 3550 et
1746 3495 1820 3550 salu·

1018 3583 1096 3639 brem
1112 3582 1237 3640 fructum.
1247 3584 1365 3640 Suavem
1376 3578 1488 3654 piopter
1501 3582 1666 3650 unctionem,
1682 3583 1759 3656 quod
1773 3598 1819 3640 so·

1019 3680 1066 3727 nat
1079 3683 1180 3728 nomen
1194 3672 1267 3728 istud
1277 3672 1348 3744 quod
1367 3679 1408 3728 est
1431 3671 1574 3738 Christus;
1590 3669 1730 3728 salubrem
1743 3686 1817 3741 vero,

1019 3768 1132 3831 propter
1147 3759 1334 3827 salvationem,
1355 3759 1428 3832 quod
1442 3759 1470 3815 iu
1486 3775 1516 3815 se
1546 3758 1629 3815 habet
1651 3761 1707 3817 hoc
1721 3774 1820 3817 nomeu

1020 3848 1093 3921 quod
1116 3856 1157 3905 cst
1179 3849 1268 3905 lesus.
1290 3849 1362 3904 Nam
1384 3855 1505 3915 unctum,
1527 3855 1556 3903 ut
1576 3847 1661 3914 scitis,
1677 3850 1820 3905 senatboe

1019 3952 1119 3993 nomen
1134 3936 1208 4009 quod
1221 3944 1262 3993 est
1280 3937 1419 4004 Christus;
1436 3935 1603 3992 salvatorem
1617 3951 1694 4002 vero,
1712 3937 1820 3993 beamm

1020 4026 1072 4082 hoc
1087 4041 1187 4081 nomeu
1203 4025 1276 4097 quod
1289 4032 1330 4081 est
1343 4025 1432 4080 Jesus.
1449 4024 1534 4098 Igitur
1549 4023 1572 4079 si
1586 4023 1668 4080 vultis
1684 4025 1818 4098 recipere,

1020 4112 1059 4168 illi
1073 4113 1119 4185 qui
1132 4113 1229 4171 cellam
1244 4113 1376 4169 inhabitat
1389 4128 1423 4169 eo
1436 4113 1518 4169 medo
1532 4128 1586 4185 quo
1600 4112 1756 4170 inhabitare
1770 4114 1820 4170 de·

1020 4202 1075 4272 bet,
1090 4201 1257 4274 spiritualem
1272 4218 1345 4258 verae
1368 4200 1521 4258 sanctitatis
1541 4200 1645 4258 conlert
1659 4202 1751 4273 gratia
1765 4201 1821 4258 iru-

1020 4301 1103 4358 otum‚
1147 4299 1174 4348 et
1200 4298 1313 4363 propter
1339 4289 1547 4347 exsultationem
1572 4305 1626 4362 qua
1653 4289 1819 4348 intrinsecus

173 4398 203 4446 ut
217 4390 262 4462 qui
277 4390 304 4444 in
314 4405 347 4446 ea
360 4396 543 4456 conversatur,
559 4387 640 4444 nimis
650 4389 696 4444 diu
705 4396 782 4445 extra
790 4405 850 4445 eam
865 4373 1003 4444 temerel)
1018 4381 1127 4452 gaudet,
1156 4380 1308 4449 iucundum
1331 4387 1357 4436 et
1379 4394 1502 4434 suavem.
1528 4377 1607 4447 Quod
1631 4384 1684 4449 est,
1709 4379 1820 4436 Βεαῑαω

173 4480 337 4534 demoretur.
354 4479 387 4533 Et
402 4477 462 4550 quis
483 4478 529 4533 diu
554 4486 628 4533 extra
651 4493 712 4532 eam
741 4484 844 4533 temere
872 4473 970 4531 morari
1018 4469 1142 4536 Mariam,
1159 4475 1290 4541 quantum
1305 4468 1338 4523 ed
1362 4467 1435 4525 hune
1448 4466 1543 4523 attinet
1560 4467 1714 4523 secundum
1727 4469 1820 4540 (quem

172 4574 251 4634 amat,
265 4566 370 4638 nisiqui
385 4574 483 4638 quauta
496 4566 522 4623 ei
535 4566 627 4621 insunt
636 4565 708 4621 bona
717 4560 969 4637 penitusignorat?
1018 4558 1099 4613 mode
1113 4557 1276 4628 incedimus)
1285 4555 1485 4628 tropologicum
1498 4571 1619 4622 sensum,
1635 4555 1663 4610 in
1679 4556 1820 4613 Bethleem

171 4656 207 4710 Et
222 4654 332 4726 quidem
347 4663 477 4726 quantum
492 4654 519 4709 in
535 4649 683 4709 camerari
710 4651 889 4717 fructuosum,
905 4658 968 4707 tau·
1017 4661 1116 4717 parere
1131 4644 1277 4729 Christum,
1293 4652 1319 4700 et
1334 4652 1446 4715 propter
1468 4643 1630 4715 rehgionem
1644 4659 1727 4715 quam
1740 4653 1819 4701 exte·

174 4750 230 4797 tum
246 4750 323 4798 extra
343 4758 402 4797 cam
419 4742 502 4815 longe
519 4741 564 4797 vel
583 4741 628 4796 diu
651 4738 745 4812 vagari
772 4728 966 4810 periculosum.
1017 4733 1074 4789 rius
1089 4741 1205 4800 exercet,
1221 4732 1313 4789 utilem
1322 4739 1348 4787 et
1358 4731 1597 4803 salubremiquod
1605 4732 1727 4801 exjuxta
1740 4749 1820 4789 eum·

172 4832 234 4887 Nou
247 4830 319 4887 euim
337 4830 438 4886 diutius
454 4829 592 4885 habitator
606 4828 682 4885 cellae
699 4828 791 4883 vivere
805 4831 894 4897 potest
909 4827 967 4897 spi·
1017 4822 1080 4878 dem
1095 4837 1216 4888 sensum,
1226 4822 1317 4893 ipsam⁴
1327 4822 1432 4877 beatam
1446 4819 1557 4875 llariam
1571 4819 1598 4874 in
1613 4820 1755 4877 Bethleem
1769 4837 1820 4894 pa-

170 4920 300 4975 ritualiter
319 4926 394 4974 extra
409 4917 515 4984 cellam,
532 4933 612 4989 quam
628 4915 803 4986 corporaliter
824 4913 907 4986 piscis
922 4931 969 4970 ex·
1016 4926 1081 4966 vere
1095 4910 1199 4966 Jesum.
1216 4911 1317 4965 Verum
1329 4925 1390 4966 cum
1405 4909 1465 4964 haec
1485 4907 1609 4974 dicimus,
1636 4924 1720 4965 nemo
1743 4916 1819 4982 putet

170 5015 212 5062 tra
226 5023 334 5080 aquam.
351 5006 527 5063 Considerate
542 5004 606 5076 quia
620 5003 751 5075 pisciculo
766 5003 814 5068 illi,
827 5003 872 5074 qui
887 5003 967 5060 bolca
1017 4999 1089 5070 quod
1104 4999 1221 5070 aliquam
1235 4996 1367 5053 faciamus
1391 4995 1574 5052 differentiam
1589 5012 1638 5052 seu
1652 4996 1833 5054 dudonem·

171 5096 279 5161 dicitur,
303 5112 387 5149 unum
414 5094 540 5166 idemque
568 5099 733 5146 momentum
765 5099 814 5159 est,
844 5097 871 5146 et
890 5098 966 5146 extra
1016 5086 1189 5142 iuterJesum
1199 5093 1226 5141 et
1237 5085 1384 5152 Christum,
1401 5093 1531 5157 quantum
1547 5085 1582 5140 ad
1597 5084 1821 5142 illamduutaxat

170 5198 269 5256 aquam
283 5198 355 5246 esse,
373 5190 399 5238 et
415 5182 567 5252 exspirare.
586 5181 619 5234 llt
644 5180 712 5234 cella
741 5179 850 5250 quidem
866 5178 966 5233 forma·
1016 5190 1162 5245 personam
1182 5180 1296 5245 spectat,
1313 5189 1373 5246 quae
1389 5173 1428 5230 sic
1449 5174 1566 5241 dicitur;
1582 5173 1656 5245 quia,
1675 5174 1723 5246 qui
1737 5175 1820 5231 Chri·

169 5278 212 5326 tur
226 5288 259 5326 ex
273 5273 324 5327 hae
339 5269 483 5325 dilectione
499 5268 579 5324 halec
594 5283 654 5323 cum
669 5267 843 5322 convertitur.
860 5267 894 5321 Et
912 5283 966 5337 pu·
1016 5270 1084 5331 stus,
1099 5263 1157 5333 ipse
1181 5278 1289 5334 quoque
1317 5262 1396 5318 lesus
1411 5278 1473 5318 esse
1501 5278 1557 5318 nou
1583 5261 1732 5318 dubitatur.
1765 5261 1819 5321 Sed

168 5366 226 5415 tant
241 5358 324 5430 aliqui
334 5372 389 5412 uon
404 5364 477 5413 reete
501 5355 716 5421 considerantes,
732 5354 846 5426 illisqui
874 5353 965 5426 aliquo
1016 5359 1126 5422 propter
1140 5351 1276 5407 diversam
1286 5352 1383 5407 horum
1393 5351 1534 5408 nominum
1548 5351 1817 5422 interpretationem,

168 5447 209 5518 (ut
224 5443 499 5517 nonuunquamsolct
521 5442 641 5515 evenire)
664 5442 693 5498 iu
711 5442 780 5500 cella
797 5441 877 5498 taedio
905 5441 965 5498 affi-
1015 5439 1153 5495 diversam
1169 5455 1277 5513 quoque
1290 5439 1319 5495 in
1341 5440 1382 5496 eis
1404 5439 1551 5512 accipimus
1574 5436 1817 5513 significationem.
