3742 5986
101 201 157 260 Uti
433 195 625 256 axrosmo
643 197 682 256 nt
698 191 890 255 aelswius
908 191 1020 251 esunt.
1037 225 1073 238 -
1086 194 1124 253 lli
1141 195 1255 254 EPIST.
1276 196 1325 253 dl)
1343 195 1425 253 ΗΕΒ.
1530 231 1537 243 ·
1626 186 1630 193 ’
1701 195 1755 252 cco

100 341 162 384 aon
176 324 299 398 placebit
318 323 438 391 aalma,
454 322 482 379 id
495 330 536 378 εει
551 321 683 379 voluntati
698 338 777 380 meoe.
794 321 862 378 Dico
876 318 899 375 si
908 318 938 380 Α
953 339 965 371 ι
982 320 1091 392 llcyses
1106 321 1220 394 grandis
1234 321 1331 390 lactus,
1347 319 1459 394 negavit
1473 335 1503 376 se
1519 334 1581 376 εεεε
1591 317 1677 374 tilium
1690 317 1754 376 lilim

101 412 268 471 subtraxerit
283 412 437 479 serednos
451 412 678 482 nonmmcrttit
690 412 903 481 subtractionis,
957 409 1146 474 «Pharaonis,
1163 411 1253 484 magis
1268 409 1374 483 eligens
1389 408 1474 482 affligi
1500 424 1563 466 cum
1586 407 1687 479 populo
1702 407 1754 464 Dei

99 501 169 559 ituri
183 501 223 558 sic
237 502 269 558 ln
283 501 481 574 perditionem,
499 501 547 557 red
561 516 655 556 sumus
662 499 730 570 pidet
743 501 905 573 inacquisi-
956 514 1069 570 «quam
1097 499 1256 570 temporalis
1289 499 1395 570 peccati
1422 497 1524 553 habere
1548 495 1752 566 jucunditatem,

102 592 222 658 ιίειιειτι,
232 589 260 645 id
275 596 317 645 εει
332 589 368 645 ad
386 591 438 646 hoc
452 597 479 645 ut
492 605 544 662 ρετ
558 587 640 645 fidem
664 588 838 662 acquiramus
857 603 905 644 sa·
957 588 1104 656 umajores
1118 587 1227 644 divitias
1248 587 1387 644 aestimans
1401 587 1529 642 thesauro
1553 584 1751 659 AEgypfiorum,

101 678 190 736 lutcm
206 680 312 736 aalma
325 685 436 734 nostrae.
713 673 717 679 ’
957 698 969 725 ε
986 675 1182 748 improperium
1206 676 1316 733 Christi.
1333 674 1490 747 aspiciebat
1505 673 1616 730 enimin
1630 689 1755 731 remune-

407 766 520 823 CdPUT
532 766 585 821 Xl.
957 765 1127 821 «rationem.
1158 764 1224 821 Fide
1250 763 1359 837 reliquit
1386 765 1541 836 AEgyptum,
1571 778 1627 819 non
1649 764 1752 820 veritus

141 879 154 904 ι
171 857 221 913 Εει
234 861 324 912 antem
339 852 409 910 fides
423 854 621 925 sperandarum
636 854 902 924 substantiarerum,
955 876 967 902 ι
984 854 1182 910 animositatem
1196 853 1280 927 regis.
1295 853 1462 910 invisibilem
1477 852 1550 908 enim
1563 859 1692 925 tanquam
1706 853 1750 910 vi-

102 966 117 994 ·
135 951 328 1018 argumentum
340 959 396 999 non
408 942 609 1015 apparentium.
626 943 656 997 ln
670 944 723 1000 hac
739 945 810 1001 enim
826 944 905 1000 testi·
955 964 967 991 r
983 943 1052 999 dens
1060 941 1197 997 sustinuit.
1209 942 1276 998 Fide
1296 940 1444 998 celebravit
1454 940 1567 1007 Pascha,
1593 948 1620 997 ct
1636 941 1750 1014 sangui·

101 1055 116 1082 ι
133 1032 257 1090 monium
270 1031 411 1089 consecuti
433 1038 496 1087 sunt
518 1047 609 1087 senes.
634 1030 701 1087 Fide
727 1031 905 1104 intelligimus
956 1030 1027 1086 «nis
1037 1029 1207 1097 effusionem,
1218 1045 1253 1086 ne
1262 1030 1308 1103 qui
1318 1031 1442 1087 vastabat
1450 1028 1589 1103 [vastaret]
1599 1029 1748 1100 primitiva,

101 1143 116 1171 ι
134 1129 228 1194 aptata
242 1136 305 1177 esse
318 1120 421 1177 saecula
434 1119 520 1177 verbo
532 1119 594 1190 Dei,
608 1127 638 1175 ut
660 1135 697 1175 ex
723 1120 905 1177 invisibilibus
957 1127 1107 1190 «taugeret
1133 1134 1192 1175 eos.
1226 1118 1291 1175 Fide
1312 1118 1473 1175 transierunt
1498 1133 1574 1174 mare
1612 1117 1746 1186 Rubrum,

99 1231 115 1261 ι
132 1210 252 1268 visibilia
281 1206 388 1266 tierent.
415 1209 480 1265 Fide
509 1206 655 1279 plurimam
688 1209 804 1264 hostiam
837 1209 906 1266 Abel
957 1214 1115 1278 «tanquam
1126 1223 1177 1277 per
1191 1207 1295 1263 aridam
1308 1215 1433 1263 terram:
1456 1206 1529 1278 quod
1545 1205 1651 1278 experti
1665 1207 1752 1280 ligy-

101 1320 116 1347 ι
134 1313 217 1371 quarn
232 1298 299 1355 Cain
322 1297 419 1354 obtulit
439 1298 508 1363 Deo,
534 1313 585 1369 per
611 1312 694 1369 quam
723 1297 905 1354 testimoninm
956 1296 1014 1351 atii
1024 1296 1145 1352 devorati
1164 1304 1236 1351 sunt.
1252 1295 1383 1353 402
1395 1295 1463 1352 Fide
1477 1295 1548 1350 muri
1561 1295 1672 1352 iericho
1685 1312 1751 1353 cor-
1785 1286 1787 1293 ’

100 1408 114 1436 ι
132 1394 298 1445 consecutus
313 1395 355 1443 εει
368 1401 431 1442 εεεε
441 1386 541 1456 justus,
550 1385 735 1441 testimonium
745 1386 906 1457 perhibente
956 1405 969 1437 ι
985 1392 1105 1451 ruerunt,
1122 1384 1376 1441 circumitudierum
1386 1392 1500 1454 septem.
1517 1383 1585 1441 Fide
1600 1384 1674 1440 Raab
1689 1400 1751 1442 me-

99 1497 114 1526 ·
130 1475 296 1532 muneribus
311 1475 370 1545 ejus
379 1475 453 1542 Deo;
470 1482 496 1529 ει
507 1489 558 1546 ρετ
569 1473 645 1528 illam
659 1473 803 1531 defunctus
816 1476 905 1532 adhuc
957 1495 969 1526 ι
986 1473 1072 1529 retrix
1096 1489 1150 1529 non
1169 1473 1249 1545 periit
1275 1488 1338 1529 cum
1359 1471 1517 1538 incredulis,
1535 1472 1673 1543 excipiens
1701 1490 1752 1530 cx·

100 1586 115 1614 ι
134 1563 266 1637 loquitur.
282 1563 349 1619 Fide
365 1563 479 1619 Henoch
503 1562 650 1617 translatus
671 1571 721 1629 est,
747 1579 782 1619 ne
801 1564 906 1620 videret
957 1583 969 1614 ι
986 1562 1138 1635 ploratores
1154 1578 1215 1618 cum
1230 1578 1307 1633 pace.
1322 1561 1357 1617 Et
1371 1560 1437 1633 quid
1453 1559 1540 1618 adhuc
1554 1561 1663 1617 dicam?
1675 1561 1753 1619 Deti-

101 1673 117 1703 ι
132 1660 262 1719 mortem,
274 1659 303 1708 ει
315 1666 370 1707 non
398 1650 598 1717 inveniebatur,
630 1651 694 1723 qnia
716 1651 854 1708 transtulit
868 1653 941 1733 il·B
959 1676 970 1702 ι
985 1651 1038 1709 εἰει
1051 1652 1123 1707 enim
1136 1667 1182 1707 me
1196 1659 1302 1722 tempus
1317 1657 1492 1706 enarrantem
1507 1649 1542 1705 de
1562 1648 1687 1718 cheon,
1703 1650 1754 1708 Ba·

101 1761 117 1794 ι
133 1740 192 1798 lum
206 1741 290 1797 Deus.
306 1741 376 1796 Ante
391 1738 597 1797 translationem
610 1738 684 1795 enim
702 1739 761 1809 ejus
782 1742 906 1798 testimo-
959 1757 1044 1808 erac,
1070 1741 1196 1809 Samson,
1212 1739 1319 1810 Iephte,
1340 1738 1437 1805 David,
1460 1738 1579 1806 Samuel,
1596 1746 1623 1794 et
1636 1741 1753 1812 prophe·

101 1851 117 1878 ι
133 1829 213 1885 nium
228 1828 323 1884 habuit
336 1827 472 1900 placuisse
496 1828 565 1884 Deo.
582 1827 647 1884 Sine
666 1825 721 1884 fide
743 1836 833 1884 autem
855 1830 907 1885 im·
961 1830 1031 1896 atis,
1048 1828 1095 1901 qui
1108 1844 1159 1901 per
1177 1826 1260 1884 fidem
1287 1827 1409 1884 vicerunt
1435 1841 1527 1898 regua,
1558 1828 1662 1899 operati
1690 1838 1753 1885 sunt

104 1939 118 1966 ι
135 1916 270 1988 possibile
285 1923 328 1972 εει
341 1915 449 1987 placere
472 1917 540 1972 Deo.
566 1916 686 1972 Credere
701 1916 773 1972 enim
801 1927 907 1989 oportet
960 1938 973 1970 ι
985 1917 1116 1988 iustitiam
1144 1915 1234 1989 adepti
1262 1922 1325 1971 sunt
1351 1914 1588 1987 repromissiones,
1613 1917 1754 1974 obturave-

101 2024 117 2057 ι
133 2005 312 2061 accedentem
326 2003 362 2059 ad
376 2004 464 2060 licum
472 2003 535 2075 quia
545 2011 597 2071 est,
613 2012 641 2059 et
653 2003 855 2076 inquirentibus
876 2023 906 2063 se
960 2015 1056 2061 «runt
1088 2020 1134 2062 ora
1158 2005 1279 2070 leonum,
1308 2003 1497 2059 exstinxerunt
1524 2003 1655 2075 impetum
1668 2005 1751 2078 ignis.

100 2114 115 2141 ι
132 2100 323 2149 remunerator
337 2091 382 2147 sit.
406 2091 473 2148 Fide
497 2092 567 2159 Noe,
593 2108 726 2163 responso
743 2103 856 2165 accepto
871 2096 906 2151 de
960 2093 1185 2167 -affugaverum
1198 2093 1285 2148 aciem
1299 2091 1393 2164 gladii,
1417 2091 1614 2148 convaluerunt
1628 2093 1663 2149 de
1675 2094 1753 2150 intir-

100 2202 114 2231 ι
130 2181 177 2237 his
193 2197 254 2254 quae
279 2179 368 2236 adhuc
389 2194 445 2236 non
465 2180 637 2247 videbantur,
660 2188 784 2238 metuens
805 2183 906 2259 aptavit
961 2183 1090 2251 imitate,
1107 2182 1193 2239 fortes
1208 2181 1271 2238 tacti
1285 2188 1348 2236 sunt
1365 2181 1393 2235 in
1409 2179 1491 2236 bello.
1506 2180 1601 2237 Castra
1614 2190 1754 2240 verterunt

99 2289 115 2319 ι
131 2267 265 2326 arcamin
280 2267 394 2323 salutem
409 2267 506 2323 domus
525 2283 591 2336 sum,
608 2283 658 2338 per
673 2285 754 2341 quam
768 2270 906 2326 damnavit
960 2279 1142 2327 «exterorum
1158 2277 1322 2342 acceperunt
1342 2268 1473 2325 mulieres
1496 2269 1531 2324 de
1554 2271 1754 2331 resurrectione
1843 2311 1857 2324 Α,

100 2377 116 2407 ι
131 2355 278 2423 mundum,
294 2364 321 2411 et
327 2355 448 2425 justitia,
461 2372 521 2428 quse
535 2371 586 2427 per
600 2354 682 2412 fidem
697 2366 749 2426 est,
765 2359 853 2415 haeres
864 2367 906 2416 εει
960 2382 972 2409 ι
989 2368 1112 2417 mortuos
1131 2376 1205 2416 suos.
1225 2358 1278 2415 Alii
1294 2366 1383 2414 autem
1406 2357 1517 2414 distenti
1531 2366 1602 2430 sunt,
1618 2375 1673 2416 non
1688 2377 1753 2417 sus-

101 2466 115 2495 ι
130 2444 271 2501 institutus
287 2442 405 2518 [sactusl.
422 2443 489 2501 Fide
503 2443 550 2517 qui
563 2452 675 2500 vocatur
689 2444 834 2511 Abraham,
842 2447 905 2504 obe·
960 2471 972 2497 a
988 2449 1119 2521 cipicntes
1134 2447 1359 2519 redemptionem,
1377 2453 1406 2501 ut
1430 2446 1570 2502 meliorem
1598 2447 1753 2506 invenirent

102 2555 117 2584 ι
133 2532 202 2590 dirit
220 2532 249 2588 in
268 2532 360 2589 locum
384 2532 468 2602 exire,
492 2548 573 2605 quem
600 2541 762 2604 accepturus
785 2542 845 2590 erat
875 2536 904 2591 in
960 2537 1223 2594 «resurrectionem.
1238 2535 1292 2591 Alii
1305 2550 1372 2591 vero
1395 2534 1510 2591 ludibria
1523 2543 1550 2591 ει
1577 2536 1693 2594 verbera
1706 2554 1752 2594 ex-

100 2643 114 2672 ·
131 2620 330 2690 haemditatem,
346 2628 374 2678 et
386 2620 451 2676 exiit
464 2621 590 2678 nesciens
614 2638 669 2694 quo
686 2622 751 2679 iret.
771 2623 837 2681 Fide
851 2623 903 2681 de·
960 2626 1070 2697 «perti,
1100 2625 1211 2696 insuper,
1235 2631 1262 2679 et
1285 2623 1393 2680 vincula
1419 2629 1446 2681 ει
1465 2638 1611 2692 carceres,
1640 2624 1754 2697 lapidati

100 2732 115 2761 ι
131 2718 258 2767 moratus
278 2717 321 2767 εει
341 2710 458 2766 interra
478 2710 706 2781 repromissionis,
732 2719 861 2785 tauquam
875 2713 903 2769 in
960 2723 1060 2784 «sunt,
1077 2714 1144 2771 secti
1165 2721 1243 2783 sunt,
1264 2712 1360 2769 tentati
1381 2720 1461 2781 sunt,
1476 2712 1504 2766 in
1519 2712 1656 2771 occisione
1669 2716 1753 2787 gladii

104 2821 117 2849 ι
133 2797 238 2866 aliena,
257 2797 287 2854 in
300 2797 399 2855 casulis
418 2798 568 2855 habitando
588 2813 650 2855 cum
673 2800 751 2856 lsaac
766 2808 792 2856 ει
807 2801 900 2870 Jacob,
961 2802 1089 2860 ·m0rtui
1117 2811 1189 2858 sunt.
1211 2800 1380 2858 circuierunt
1402 2801 1430 2855 in
1453 2801 1571 2872 melotis,
1593 2801 1623 2858 in
1637 2804 1761 2875 pellibus,

100 2909 115 2938 ι
132 2887 324 2946 eohoemdibns
333 2887 554 2959 repromissionis
569 2888 701 2957 ejusdem.
717 2889 902 2961 Exspectabat
960 2915 971 2942 ι
988 2891 1117 2964 caprinis,
1133 2898 1256 2964 egentes,
1285 2889 1442 2962 angustiati,
1458 2889 1557 2958 afflicti,
1581 2892 1681 2963 quibus
1707 2894 1753 2949 di·

100 2997 116 3030 ι
131 2976 208 3033 enim
221 2975 398 3033 fundamenta
416 2976 561 3032 habentem
590 2976 737 3045 civitatem,
767 2978 844 3048 cnjus
859 2995 904 3034 ar·
916 3024 941 3088 0
958 3002 970 3030 ι
988 2997 1058 3053 gnus
1072 2997 1128 3037 non
1141 2988 1199 3036 erat
1213 2979 1340 3045 mundus,
1356 2978 1384 3033 in
1398 2978 1589 3035 solitudinibus
1616 2989 1748 3053 errantes,

102 3085 117 3118 ι
133 3064 202 3122 tilex
217 3071 244 3122 ει
257 3064 384 3122 conditor
399 3065 483 3120 Deus.
507 3063 574 3120 Fide
591 3072 619 3121 et
640 3065 702 3137 ipsa
726 3065 792 3121 Sara
806 3067 906 3123 sterilis
957 3091 969 3122 ι
984 3070 1012 3126 in
1026 3069 1165 3126 montibus
1179 3076 1207 3124 et
1220 3067 1367 3140 speluncis,
1384 3075 1411 3122 ει
1428 3067 1457 3122 in
1471 3068 1595 3124 cavernis
1613 3075 1702 3125 terrae.
1718 3071 1753 3128 llt

102 3174 116 3203 ι
131 3153 265 3210 τίτιιιιεετ
286 3152 315 3208 in
333 3152 512 3224 conceptione
541 3152 653 3209 seminis
674 3154 788 3225 accepit,
823 3155 905 3211 etiam
956 3155 1014 3209 «hi
1027 3169 1132 3220 omnes,
1162 3151 1317 3208 testimonio
1332 3148 1397 3207 fidei
1419 3151 1536 3223 probati,
1558 3166 1614 3208 non
1636 3168 1753 3227 accepe-

103 3263 116 3291 ι
127 3248 231 3315 prater
244 3247 351 3313 tempus
374 3241 470 3309 artatis,
500 3241 630 3313 quoniam
653 3240 762 3298 fidelem
790 3243 906 3300 credidit
956 3267 968 3294 i
985 3250 1049 3299 runt
1063 3240 1314 3314 repromissionem,
1330 3240 1389 3296 Deo
1407 3240 1549 3312 pronubis
1574 3241 1673 3298 melius
1700 3243 1752 3299 ali-

101 3351 116 3380 ·
131 3345 196 3387 εεεε
211 3344 274 3386 cum
289 3329 335 3401 qui
361 3329 566 3402 repromiserat.
590 3331 703 3402 Propter
727 3331 801 3403 quod
815 3322 857 3387 ἐι
870 3331 905 3387 ab
956 3355 968 3381 a
985 3331 1051 3404 quid
1065 3330 1237 3402 providente,
1253 3335 1283 3384 ut
1295 3343 1351 3384 non
1361 3328 1420 3385 sine
1434 3328 1514 3386 nobis
1532 3345 1753 3388 consummaren-

100 3434 188 3475 «uno
202 3418 254 3474 orti
267 3425 345 3485 sunt;
375 3426 403 3474 et
420 3419 473 3474 hoc
495 3425 629 3485 emortuo,
660 3425 787 3491 tanquam
814 3418 905 3476 sidera
957 3428 1078 3477 itur..

100 3505 192 3564 «coeli
211 3506 238 3562 in
249 3506 433 3574 multitudine,
458 3514 485 3562 et
511 3506 582 3563 sicut
607 3522 691 3562 arena
719 3523 780 3580 quac
803 3516 846 3564 est
870 3509 904 3564 ad
1101 3531 1106 3537 ³
1297 3503 1453 3544 ²¹P⁰⁸¹⁷¹⁰·

101 3617 114 3645 ι
131 3610 213 3652 oram
225 3595 310 3651 maris
332 3594 549 3651 innumerabilis.
577 3595 656 3650 lurta
677 3593 760 3652 fidem
785 3595 905 3661 defuncti
990 3595 1061 3666 Quia
1074 3597 1109 3653 de
1123 3595 1177 3653 tide
1205 3609 1359 3652 sermonem
1373 3593 1493 3665 incoepit,
1510 3593 1604 3651 dicens
1620 3612 1627 3650 :
1642 3596 1697 3654 Nos
1706 3614 1754 3655 su·

99 3704 114 3733 ι
131 3690 197 3740 sunt
211 3699 306 3740 omnes
328 3683 383 3751 isti,
412 3699 467 3739 non
490 3683 610 3755 acceptis
633 3683 902 3755 repromissionibus,
954 3703 1018 3744 mur
1030 3685 1086 3756 filil
1098 3685 1176 3755 fidei,
1192 3691 1262 3751 etc..
1279 3683 1420 3757 subjnngic
1437 3683 1517 3755 quasi
1527 3682 1715 3742 diffinitionem
1725 3686 1754 3741 li·

100 3771 182 3829 ned
196 3770 307 3844 alonge
326 3787 374 3827 eas
388 3771 561 3843 aspicientes,
578 3779 604 3828 et
615 3772 775 3839 salutantes,
789 3773 906 3830 etconli·
954 3775 1017 3843 dei;
1034 3791 1096 3847 qua
1109 3782 1200 3832 tamen
1225 3789 1279 3830 nou
1308 3780 1351 3830 εει
1376 3771 1509 3840 diffinitio,
1527 3773 1577 3829 sed
1596 3771 1660 3830 fidei
1673 3791 1753 3832 com-

102 3882 115 3910 ι
134 3859 296 3932 tentesquia
309 3859 447 3934 peregrini
458 3867 485 3917 ει
498 3860 619 3931 hospites
627 3869 689 3916 sunt
698 3869 902 3934 superterram.
953 3863 1101 3920 mendatio.
1113 3863 1155 3919 Ad
1169 3863 1246 3934 cujus
1270 3860 1335 3918 fidei
1356 3861 1624 3918 commendationem
1639 3862 1687 3919 diu
1698 3864 1753 3920 im-

102 3971 115 3999 ι
131 3948 187 4019 Qui
199 3949 272 4005 enim
295 3949 354 4006 haec
381 3948 484 4016 dicunt,
510 3947 666 4021 significant
679 3964 710 4005 sc
730 3950 846 4022 patriam
860 3951 905 4005 in-
953 3952 1098 4022 morando,
1113 3951 1199 4008 multa
1212 3958 1336 4009 veterum
1351 3949 1476 4023 exempla
1490 3958 1634 4022 supponet.
1651 3952 1754 4009 bitau-

100 4058 115 4087 ι
131 4037 254 4112 quirem.
271 4037 307 4094 llt
314 4037 337 4092 si
353 4036 464 4110 quidem
477 4036 551 4093 illius
579 4036 776 4103 meminissent,
801 4039 835 4096 de
851 4054 905 4112 qua
954 4049 1009 4098 tem
1025 4059 1033 4097 z
1048 4041 1106 4097 Nos
1121 4056 1217 4096 sumus
1231 4038 1279 4096 tilii
1301 4037 1365 4095 fidei
1380 4053 1386 4094 :
1402 4039 1484 4096 Fides
1507 4042 1605 4097 cutem
1620 4042 1753 4099 estrada·

101 4125 271 4193 «exierunt,
309 4125 445 4182 habebant
475 4125 568 4198 utiquc
596 4133 703 4198 tempus
737 4127 902 4184 revertendi.
955 4130 1061 4198 tantia,
1072 4128 1101 4186 id
1112 4136 1154 4186 est
1170 4128 1314 4186 existentia
1332 4135 1359 4185 ει
1373 4127 1516 4201 acquisitio
1524 4143 1622 4184 rerum
1632 4145 1752 4202 mercn-

100 4235 115 4264 ι
130 4214 214 4271 Nunc
234 4220 325 4270 autam
339 4214 481 4270 meliorem
496 4222 637 4286 appetunt,
653 4214 682 4270 id
696 4222 738 4272 εει
752 4215 903 4273 coelestem.
954 4219 1067 4286 darum,
1075 4217 1104 4273 id
1117 4225 1158 4275 est
1172 4217 1326 4272 futurorum
1340 4217 1486 4284 bonorum,
1503 4232 1564 4287 qna
1575 4215 1753 4289 singulariter

100 4324 114 4353 ι
130 4301 199 4359 ldeo
212 4317 268 4359 non
287 4301 462 4359 contunditur
485 4303 559 4358 Deus
582 4302 675 4359 vocari
699 4304 774 4360 Deus
797 4319 902 4361 eorum.
954 4315 981 4363 et
991 4305 1129 4379 praecipue
1148 4305 1286 4378 speranda
1300 4311 1373 4360 sunt.
1403 4303 1494 4371 Fides,
1513 4303 1641 4377 inquam,
1656 4305 1698 4363 sio
1711 4314 1753 4362 εει

101 4412 115 4441 ι
132 4390 246 4448 Paravit
265 4390 338 4448 enim
357 4390 410 4447 illis
425 4390 571 4448 civitatem.
601 4391 668 4448 Fide
700 4391 795 4448 obtulit
818 4380 941 4449 toral>
954 4394 1107 4452 substantia
1121 4392 1272 4450 luturornm
1284 4392 1428 4461 bonorum,
1440 4392 1503 4465 quia
1518 4408 1569 4450 nec
1585 4393 1645 4450 sine
1656 4392 1711 4451 lide
1724 4395 1754 4452 in

99 4480 282 4537 «hamlsam
302 4495 365 4537 cum
387 4486 546 4548 tentaretur,
563 4487 591 4537 et
612 4481 782 4553 unigenitum
806 4480 905 4539 odere-
955 4483 1076 4558 quolibet
1091 4482 1252 4550 subsistunt,
1267 4496 1320 4538 nec
1336 4480 1538 4554 niaipertidem
1563 4483 1751 4555 acquiruntur.

98 4592 112 4620 a
131 4569 181 4626 bat
195 4568 224 4624 in
251 4584 307 4643 quo
328 4576 488 4642 susceperat
509 4569 749 4642 repromissiones,
765 4571 800 4626 ad
822 4587 904 4644 quem
953 4572 1004 4632 Vel
1028 4573 1067 4628 ita
1093 4572 1217 4629 dicamus
1233 4588 1240 4627 :
1256 4570 1337 4627 Fides
1352 4570 1381 4626 in
1408 4570 1538 4643 praesenti
1560 4571 1653 4628 habita
1669 4579 1712 4629 εει
1725 4571 1754 4628 in
1827 4584 1830 4590 ·

99 4680 114 4709 ι
131 4657 238 4716 dictum
250 4666 311 4715 est:
327 4656 399 4728 Quia
420 4658 449 4714 in
463 4659 540 4714 lsaac
557 4658 699 4715 vocabitur
717 4659 766 4715 tibi
785 4675 879 4716 semen
895 4678 903 4729 ;
953 4658 1045 4715 tuturo
1059 4656 1210 4714 substantia
1224 4672 1325 4726 rerum,
1341 4655 1370 4712 id
1385 4662 1427 4713 cst
1441 4654 1576 4713 bonorum
1589 4655 1751 4714 eoelesuum.

98 4745 269 4803 tarbitrans
289 4744 435 4820 [cogitans]
464 4746 526 4819 quia
550 4754 577 4803 et
600 4747 749 4804 amortuis
770 4746 904 4805 suscitare
953 4746 1051 4804 llerito
1065 4745 1138 4803 enim
1151 4745 1196 4803 hic
1209 4744 1311 4802 habitae
1324 4743 1389 4800 fidei
1413 4751 1477 4801 tunc
1501 4742 1652 4801 subsistunt
1680 4743 1752 4801 bona

100 4855 114 4888 a
131 4841 289 4908 potensest
303 4835 388 4892 Deus.
403 4834 483 4892 Unde
496 4851 557 4891 eum
572 4843 599 4891 et
612 4835 641 4890 in
655 4834 814 4908 parabolam
825 4850 905 4895 acce
953 4835 1000 4893 illa
1014 4835 1043 4891 in
1057 4851 1091 4892 eo
1115 4835 1161 4909 qui
1175 4833 1257 4891 fidem
1283 4833 1312 4890 in
1339 4833 1393 4891 boc
1418 4832 1521 4889 mundo
1535 4831 1644 4900 habuit,-
1658 4847 1752 4890 rerum

100 4944 113 4973 ι
129 4921 182 4996 ρίι.
198 4922 264 4979 Fida
279 4930 307 4979 ει
327 4922 473 4979 defuturis
497 4922 644 4980 benedixit.
669 4925 764 4992 Isaac,
779 4924 863 4982 Jacob
878 4932 904 4982 et
954 4924 1017 4982 dico
1031 4939 1104 4981 nunc
1116 4939 1167 4996 per
1180 4921 1263 4980 fidem
1286 4922 1494 4995 sperandarum.
1510 4920 1592 4978 Fides
1605 4921 1688 4978 etiam
1711 4930 1754 4979 est

100 5011 214 5068 «Esau
228 5010 295 5068 Fide
309 5011 393 5069 Jacob
402 5011 524 5068 moriem
541 5011 665 5085 singulos
675 5010 903 5087 filiorumloseph
954 5016 1165 5086 oruamentum,
1177 5012 1206 5068 id
1220 5019 1262 5069 εει
1270 5010 1429 5086 approbatio
1439 5026 1530 5067 rerum
1539 5026 1598 5068 aon
1612 5026 1753 5086 apparea·

100 5118 115 5153 ι
131 5098 283 5167 benedixit,
299 5107 326 5156 et
339 5099 465 5157 adoravit
479 5099 617 5174 fastigium
640 5100 728 5175 virgae
742 5101 811 5172 ejus.
836 5101 904 5159 Fide
955 5103 1039 5169 dum,
1057 5101 1085 5157 id
1099 5108 1141 5160 εει
1151 5101 1295 5171 bonorum,
1307 5116 1368 5173 quae
1385 5100 1461 5171 (dum
1475 5098 1502 5154 in
1517 5099 1570 5157 hoc
1579 5099 1683 5158 mundo
1693 5115 1754 5157 mt-

100 5208 115 5237 ·
131 5187 238 5260 loseph
252 5188 373 5245 moriens
388 5188 422 5244 de
436 5188 605 5261 proiectione
618 5187 735 5246 filiomm
749 5189 837 5246 lsrael
848 5205 902 5246 me
953 5192 1060 5263 nemus)
1071 5189 1227 5248 viderenon
1237 5204 1394 5262 possumne.
1406 5187 1434 5244 Si
1445 5187 1506 5260 quis
1515 5187 1589 5245 enim
1598 5188 1754 5247 considerat

98 5283 255 5333 ‹moratus
270 5285 321 5347 est,
337 5285 365 5335 ει
377 5277 412 5334 de
432 5276 542 5334 ossibus
569 5277 627 5334 suis
655 5277 807 5334 mandavit.
835 5277 903 5335 Fide
953 5280 1104 5348 Abraham,
1119 5279 1256 5353 quomodo
1279 5278 1376 5335 merito
1391 5275 1454 5333 fidei
1477 5277 1601 5350 possedit
1623 5276 1750 5349 gloriam,

99 5364 242 5437 moyses
262 5373 341 5422 natus
368 5365 519 5423 occultatus
546 5372 589 5423 est
615 5366 755 5424 mensibus
783 5367 903 5424 tribusa
952 5367 1027 5427 idem
1035 5370 1070 5426 da
1080 5385 1110 5425 sa
1117 5365 1415 5441 poteatsperarequod,
1423 5365 1503 5438 siper
1511 5364 1593 5422 tidem
1602 5363 1755 5421 imitabitur

98 5475 111 5504 ι
129 5452 292 5528 puentibus
301 5455 368 5524 suia,
384 5470 418 5513 eo
432 5455 505 5528 quod
520 5454 654 5512 vidissent
682 5455 837 5529 elegantem
864 5455 904 5513 in·
952 5457 1104 5527 Abraham,
1114 5457 1184 5515 sicut
1197 5455 1254 5525 itte,
1269 5471 1353 5530 quarn
1366 5469 1423 5512 non
1436 5454 1512 5521 vidit,
1524 5469 1574 5526 per
1586 5450 1670 5512 fidem
1683 5466 1753 5525 pot-

96 5540 243 5614 «antem
270 5549 299 5602 et
324 5558 381 5603 non
405 5543 553 5603 timuerunt
574 5543 649 5620 regis
675 5543 804 5605 edictum.
836 5544 904 5605 Fida
953 5544 1193 5620 sidebitplorism.
1208 5543 1278 5603 Dico
1292 5543 1363 5603 tides
1376 5549 1419 5603 est
1440 5540 1591 5602 surmus
1603 5539 1756 5602 iumrornrn
