3742 5986
107 188 159 242 att
524 183 694 243 GUlGONlS
714 185 725 238 l
744 181 950 240 CARTHUSIAE
967 177 1115 237 attolus
1134 178 1274 237 Palosis
1293 180 1325 235 V.
1708 181 1761 237 u'to

135 313 162 367 2.
178 308 283 366 Habeat
301 308 392 380 itaque
412 309 517 364 llartha
539 308 677 364 laudabile
700 307 825 381 quidem,
851 305 900 362 sed
921 281 1080 361 tamennon
1094 304 1153 361 sine
1175 303 1357 361 sollicitudine
1380 311 1407 361 et
1429 305 1637 377 perturbatione
1660 303 1758 360 minis·

103 405 215 474 terium,
240 421 294 462 nec
316 422 438 462 sororem
452 405 580 462 solbcitet
595 405 694 461 Christi
708 404 833 476 vestigiis
852 402 1043 469 inhaerentem,
1066 410 1093 457 et
1107 402 1235 474 quoniam
1253 401 1312 472 ipse
1328 409 1369 458 est
1381 402 1455 458 Deus
1470 402 1590 459 vacando
1605 402 1757 467 ridentem,

105 502 231 574 spiritum
260 520 338 559 suum
365 512 541 577 scopentem,
570 519 703 576 suamque
729 502 881 558 orationem
907 500 936 555 in
962 500 1051 554 sinum
1080 516 1159 555 suum
1187 506 1411 568 convertentem,
1440 508 1468 557 ct
1495 500 1561 573 quid
1587 499 1641 556 sibi
1669 499 1699 555 in
1727 515 1758 556 se

101 598 226 670 loquatur
253 600 385 656 Dominus
401 600 564 668 audientem,
594 599 689 673 sicque
712 615 745 655 ex
759 598 904 672 quantula,
928 613 980 669 per
993 596 1136 668 speculum
1164 603 1191 653 et
1217 595 1246 651 in
1272 595 1418 669 aenigmata
1446 605 1522 669 parte
1536 604 1643 669 potest,
1673 611 1759 669 quam

102 704 144 753 ast
172 696 263 755 suavis
276 707 431 771 gustantem
459 706 486 755 ct
513 698 664 767 ridentem,
694 704 720 753 et
748 704 805 753 tam
829 711 880 769 pro
907 695 969 768 ipsa
995 709 1076 767 quam
1101 710 1152 766 pro
1181 693 1285 751 cunctis
1312 692 1402 751 taliter
1423 694 1610 753 laborantibus
1634 709 1759 752 exoran-

102 800 167 849 tem.

137 898 163 948 3.
180 893 259 962 Quod
280 893 303 950 si
328 893 472 950 sollicitare
487 910 542 951 non
564 892 679 960 desinit,
703 892 785 948 habet
799 891 847 947 illa
861 907 915 947 non
930 891 1020 948 solum
1032 890 1212 962 justissimum
1225 890 1362 960 judicem,
1387 889 1437 946 sed
1459 889 1540 945 etiam
1563 889 1759 946 fidelissimum

101 990 270 1061 advocatum,
286 990 376 1063 ipsum
390 990 516 1047 videlicet
530 989 691 1056 Dominum,
713 988 759 1060 qui
771 987 943 1060 propositum
956 989 1015 1058 ejus
1029 1004 1084 1043 non
1095 988 1181 1043 solum
1197 986 1361 1054 delendere,
1386 986 1436 1042 sed
1458 987 1541 1042 etiam
1561 987 1758 1043 commendare

101 1088 231 1161 dignatur
246 1089 340 1144 dicens
357 1103 363 1142 :
379 1089 469 1145 llario
483 1090 620 1161 optimam
630 1091 743 1160 partem
757 1086 841 1158 clepit
856 1102 917 1158 quc
931 1102 989 1143 uon
1002 1088 1153 1158 auferetur
1162 1086 1196 1141 ab
1209 1101 1243 1141 ea
1257 1086 1334 1155 (Luc.
1346 1085 1390 1155 x).
1405 1083 1527 1140 Dicendo
1541 1087 1691 1158 optimam,
1703 1100 1758 1140 non

101 1193 206 1241 mutum
230 1185 448 1256 commendarit,
474 1185 524 1241 sed
546 1193 573 1241 et
597 1184 700 1241 sororis
722 1181 867 1239 laboriosis
887 1183 991 1240 actibm
1004 1182 1133 1255 pratulis.
1148 1182 1271 1239 [licendo
1285 1198 1343 1239 nou
1356 1184 1516 1254 auferetur,
1531 1180 1664 1252 defendit,
1681 1191 1709 1238 ει
1723 1198 1758 1238 ne

101 1283 329 1342 sollicitudinibus
344 1284 404 1354 ejus
418 1290 445 1341 ει
458 1281 718 1355 perturbationibus,
734 1280 880 1353 quamlibet
894 1280 958 1354 piis,
973 1296 1035 1337 sese
1049 1280 1191 1349 insereret,
1208 1279 1359 1337 excusavit.

794 1413 1082 1518 coumffltrsalus.

101 1615 157 1671 Cur
171 1627 238 1671 vero
249 1626 328 1678 raro,
354 1611 380 1667 id
404 1619 445 1667 est
460 1618 536 1668 extra
549 1626 678 1685 magnam
697 1611 937 1680 necessitatem
951 1628 1001 1667 nes
1014 1627 1116 1685 augere
1132 1611 1235 1668 debuit.
1260 1611 1388 1684 Alioquin
1412 1626 1467 1669 non
1487 1611 1621 1684 potuisset
1643 1611 1753 1685 absque

102 1703 175 1774 apud
199 1716 249 1756 nos
272 1708 344 1757 tecto
368 1707 434 1756 tunc
448 1698 674 1771 susciperentur?
697 1700 728 1755 ld
740 1700 898 1773 prudentis·
956 1699 1097 1773 quarendi
1113 1700 1203 1773 (quod
1217 1700 1384 1758 horrendum
1398 1708 1440 1757 est
1453 1701 1485 1759 a.
1502 1701 1532 1757 P.
1547 1700 1688 1776 Guigoni)
1709 1717 1758 1758 ne-

101 1791 169 1846 sime
184 1789 282 1856 fiebat,
297 1805 333 1844 ue
348 1788 412 1844 inde
427 1789 626 1845 attraherentur
640 1789 676 1844 ad
690 1789 761 1845 hanc
776 1804 900 1845 eremum
956 1789 1082 1844 cessitate
1097 1788 1256 1845 subsistere.

101 1894 252 1951 pauperum
267 1885 402 1944 catervas,
419 1894 480 1948 quae
494 1876 667 1933 solitudinem
682 1885 805 1933 nostram
819 1877 901 1933 inter·
991 1877 1155 1948 Principium
1174 1877 1254 1946 hujus
1275 1876 1384 1950 capituli
1408 1893 1494 1950 usque
1518 1878 1556 1934 ad
1579 1877 1628 1933 illa
1657 1878 1756 1945 verba,

100 1967 243 2024 turbarent
256 1973 284 2023 et
299 1973 381 2021 totam
395 1981 454 2021 rem
469 1965 630 2022 familiarem
642 1966 841 2034 absorberent,
865 1981 901 2020 ne
954 1967 1098 2022 mittimus
1109 1966 1294 2038 hospitatum,
1303 1965 1416 2023 relatum
1427 1966 1654 2023 babeturcisdcm
1664 1966 1759 2023 verbis

102 2057 186 2113 etiam
209 2054 260 2110 sub
283 2061 417 2125 praetexta
442 2055 611 2125 paupertatis
640 2055 763 2111 venirent
787 2054 823 2109 ad
849 2068 901 2109 nos
955 2069 1015 2125 cap.
1040 2058 1074 2113 ιδ
1098 2055 1227 2111 secundas
1249 2062 1318 2127 part.
1343 2055 1428 2128 antiq.
1445 2062 1547 2122 statut,
1563 2071 1592 2111 n.
1606 2058 1632 2110 l.
1648 2055 1755 2112 Caetera

102 2143 167 2215 ragi
188 2151 215 2198 et
229 2142 311 2199 otiosi
324 2141 466 2212 homines,
489 2142 544 2198 imo
568 2158 622 2199 non
637 2158 698 2198 raro
713 2142 837 2211 scelesti,
855 2141 901 2214 qui
957 2157 1022 2198 vero
1049 2143 1077 2196 in
1099 2143 1211 2213 antiqua
1226 2150 1324 2198 statuta
1338 2159 1392 2199 non
1406 2143 1515 2200 luerunt
1530 2142 1678 2213 transfusa,
1694 2145 1759 2216 qnia

103 2230 258 2290 commissis
268 2229 424 2285 enormibus
434 2229 603 2298 criminibus,
613 2229 694 2286 lixum
705 2246 761 2286 non
769 2231 901 2286 audentes
955 2237 1118 2286 statutorum
1142 2231 1348 2287 condendorum
1373 2231 1470 2288 rationi
1497 2248 1553 2288 non
1579 2232 1757 2299 conveniunt,

103 2320 206 2376 habere
227 2317 413 2387 domicilium,
440 2319 589 2391 assumptis
611 2319 819 2392 peregrinorum
832 2319 901 2374 insi·
954 2333 1018 2374 cum
1027 2326 1131 2373 tantum
1141 2318 1424 2376 contineantzelosam
1436 2320 1580 2393 quamdam
1588 2320 1706 2376 rationis
1716 2320 1761 2376 sui

103 2408 175 2481 gniis
196 2407 297 2481 ubique
321 2407 486 2464 discurrunt.
511 2410 535 2464 Α
557 2406 640 2481 longe
655 2407 903 2479 praesentiebatur
955 2406 1019 2463 lacti
1034 2414 1060 2462 et
1073 2407 1137 2462 dicti
1153 2407 1352 2475 redditionem,
1370 2425 1452 2481 quam
1465 2416 1556 2466 umen
1569 2408 1756 2466 indiscussam

106 2503 217 2554 sanctus
246 2495 320 2568 quod
342 2503 438 2568 postea
461 2495 554 2552 domui
575 2496 637 2554 huic
667 2496 903 2553 irremediabiliter
954 2510 1010 2550 non
1031 2495 1278 2566 praetermittemus.

104 2585 216 2653 accidit,
242 2600 294 2656 per
315 2600 479 2641 concursum
513 2586 690 2658 omnigenum
714 2585 854 2641 bominum
877 2592 904 2640 et
990 2582 1051 2638 tam
1072 2583 1251 2655 probabiliter
1274 2584 1382 2655 prodire
1407 2593 1546 2658 coeperant
1567 2594 1693 2657 tempore
1721 2587 1755 2643 ll.

103 2673 332 2747 peregrinorum,
349 2673 447 2744 quibus
462 2688 607 2745 proposse
622 2689 733 2741 mensa,
759 2679 858 2730 tectum
876 2679 904 2728 ει
953 2671 1043 2727 Patris
1080 2672 1216 2746 Guigonis
1244 2674 1442 2730 susurrationes
1470 2682 1497 2731 et
1530 2674 1757 2731 murmurationes

104 2761 262 2835 pecuniaria
299 2761 475 2832 eleemosyna
504 2761 704 2829 ministrantur,
741 2769 769 2817 et
804 2761 903 2833 quibus
954 2776 1051 2818 eorum
1065 2760 1111 2833 qui
1125 2761 1275 2817 institutum
1290 2770 1414 2819 nostrum
1428 2762 1524 2819 inutile
1537 2763 1604 2835 quid
1619 2763 1646 2818 in
1660 2763 1757 2820 Eccle-

106 2866 245 2923 nunquam
277 2848 433 2905 sufficerent
461 2849 565 2905 reditus
591 2858 620 2905 et
643 2848 796 2906 oeconomia
823 2850 904 2918 huius
954 2848 996 2904 sia
1010 2849 1061 2905 Dei
1075 2849 1335 2919 csseblatcrabant,
1358 2859 1384 2907 ει
1407 2858 1502 2907 contra
1525 2859 1634 2908 nostros
1658 2851 1757 2907 solita·

106 2939 222 3005 domus,
246 2937 300 2995 nisi
314 2953 346 2993 ea
361 2954 422 3010 quae
437 2936 618 2992 illustrissima
637 2937 775 2995 comitissa
789 2938 903 3009 provin·
956 2937 1013 2992 rios
1027 2937 1248 3008 murmurabant,
1274 2939 1348 3010 quod
1359 2939 1411 2995 sibi
1425 2939 1492 2995 solis
1507 2955 1604 2997 vacare
1618 2939 1754 3006 volentes,

111 3028 160 3084 cire
174 3026 266 3082 domui
289 3025 352 3082 huic
375 3026 487 3082 contulit
507 3043 523 3081 a
544 3026 641 3097 primis
667 3027 851 3098 temporibus,
875 3026 903 3081 in
954 3041 1036 3080 avara
1049 3026 1166 3098 quadam
1189 3027 1334 3083 sedulitate
1357 3026 1559 3084 advenientium
1582 3027 1757 3084 secularium

105 3130 174 3185 ova,
194 3116 341 3187 butyrum,
357 3128 483 3183 caseum,
499 3114 590 3185 pisces
604 3122 631 3170 et
644 3115 743 3171 similia
766 3115 904 3173 esculenta
954 3113 1071 3185 (etiamsi
1094 3113 1175 3187 egeni
1199 3115 1302 3186 essent)
1331 3116 1424 3171 turbas
1452 3123 1582 3188 quantum
1608 3124 1757 3187 possenta

105 3204 265 3275 impendere
279 3220 330 3276 per
344 3203 585 3260 commutationem
599 3219 661 3260 cum
676 3203 772 3261 vicinis
794 3204 904 3260 rusticis
954 3219 1003 3259 sua
1026 3218 1118 3259 eremo
1146 3203 1321 3274 repellerent.
1341 3204 1407 3260 llaec
1425 3211 1451 3260 et
1470 3204 1569 3259 similia
1586 3220 1636 3275 per
1655 3204 1757 3276 vulgus

107 3291 212 3349 liceret.
954 3290 1116 3362 spargebant
1131 3291 1176 3346 isti
1190 3291 1333 3348 indiscreti
1350 3300 1396 3347 aut
1417 3292 1502 3348 invidi
1516 3292 1692 3348 aemulatores
1705 3311 1713 3360 3
1728 3299 1757 3350 ει

143 3382 215 3437 Usus
229 3395 296 3454 ergo
320 3380 372 3437 iste
397 3380 502 3436 sensim
516 3381 685 3438 introductus
700 3389 755 3452 est,
771 3390 798 3436 et
811 3381 904 3438 chari·
954 3395 990 3435 ne
1004 3395 1037 3435 ex
1050 3379 1161 3435 illorum
1180 3379 1284 3451 sparsis
1299 3380 1454 3436 rumoribus
1475 3380 1568 3452 pusilli
1582 3380 1755 3437 scandaliza-

107 3476 176 3536 tate,
192 3469 270 3538 cujus
284 3468 390 3525 viscera
405 3485 438 3525 cx
451 3469 632 3541 praesentibus
648 3485 778 3541 vagorum
791 3470 905 3525 istorum
954 3474 1059 3535 rentur,
1075 3467 1194 3524 occurrit
1207 3468 1261 3524 illis
1275 3469 1308 3524 li.
1324 3469 1354 3524 P.
1371 3468 1475 3542 Guigo,
1490 3475 1518 3525 et
1540 3469 1662 3542 ingenuo
1677 3484 1758 3543 aeque

105 3557 311 3614 necessitatibus
339 3557 397 3614 sive
430 3557 504 3614 veris
531 3557 589 3614 sive
618 3557 686 3614 dctis
714 3558 903 3628 mouebantur,
954 3571 987 3612 ac
1000 3555 1127 3627 prudenti
1142 3563 1168 3612 et
1182 3563 1261 3613 acuto
1275 3556 1410 3630 doctoque
1424 3557 1522 3627 modo,
1544 3573 1631 3614 ranas
1645 3557 1755 3614 illorum

104 3645 270 3718 impellente,
280 3645 389 3702 tandem
403 3645 432 3700 in
446 3645 669 3703 consuetudinem
685 3662 784 3701 versus
798 3655 850 3713 est,
867 3647 905 3702 ita
954 3644 1077 3700 rationes
1096 3644 1205 3701 relutat.

105 3742 134 3790 ut
158 3751 191 3791 cx
210 3735 329 3806 quodam
344 3732 437 3790 fictitio
449 3734 510 3803 jure
534 3734 569 3789 ab
584 3733 630 3789 illa
643 3734 840 3790 consuetudine
854 3750 904 3790 ex·
989 3733 1073 3788 Num.
1095 3736 1120 3788 l.
1136 3734 1195 3790 Noa
1210 3735 1287 3790 euim
1300 3737 1416 3807 propter
1431 3735 1592 3794 alienorum
1607 3738 1756 3808 tempora-

105 3831 174 3890 orto,
185 3822 259 3878 rclut
271 3821 300 3877 in
315 3822 423 3877 axioma
438 3821 577 3892 publicum
592 3821 737 3893 aliquando
755 3822 902 3888 transierit,
956 3823 1377 3894 temcuram‚corporum,etc.si
1386 3824 1453 3896 ptus
1462 3824 1688 3895 familiaritatis,
1700 3831 1757 3881 etc.

108 3910 181 3983 quod
196 3910 294 3982 cuique
307 3908 425 3965 liberum
439 3918 513 3966 asset
526 3910 560 3965 ad
575 3910 745 3965 carthusiam
760 3910 862 3978 venire,
879 3918 906 3967 et
955 3909 1005 3966 llic
1018 3909 1099 3981 plene
1113 3910 1249 3967 convincit
1263 3927 1355 3967 errare
1369 3913 1475 3984 eosqui
1501 3911 1608 3967 duritiae
1632 3912 1757 3984 imputa·

107 3998 145 4053 ibi
158 4014 209 4070 per
230 4005 286 4054 tres
311 3997 370 4054 dies
394 3998 537 4054 conannas
551 3997 661 4069 hospitii
686 3997 820 4055 beneficio
840 3999 903 4066 lrui,
955 3997 1019 4052 baot
1033 3998 1205 4054 sedulitatem
1218 3998 1292 4054 illam
1320 4000 1431 4056 arcendi
1445 4015 1462 4055 a
1475 4015 1525 4055 sua
1538 4016 1631 4056 eremo
1645 4000 1756 4057 meodi-

108 4093 238 4158 tanquam
261 4103 295 4143 ex
316 4085 475 4143 fundatione
500 4086 599 4143 talibas
622 4086 775 4158 hospitibus
803 4088 903 4145 debito.
955 4100 1003 4142 cos
1030 4094 1192 4154 extrane0s3
1209 4095 1235 4143 et
1259 4087 1374 4159 explicet
1398 4103 1414 4143 a
1436 4096 1530 4145 nostro
1546 4087 1758 4160 propositonon

109 4175 181 4246 Quid
196 4175 260 4231 inde
273 4174 478 4248 inquietudinis,
489 4174 591 4231 laboris
606 4183 632 4232 et
642 4192 821 4247 expensarum
832 4176 906 4249 (quae
955 4190 1017 4231 esse
1032 4174 1162 4241 alienum,
1178 4192 1239 4231 cum
1265 4176 1310 4247 pia
1331 4175 1510 4232 familiaritate
1537 4192 1586 4232 eos
1613 4177 1754 4248 excipere,

108 4266 192 4336 longe
205 4264 304 4321 melius
327 4264 355 4320 in
373 4264 502 4335 jurandis
516 4264 769 4337 verispauperibus
784 4265 904 4322 circum·
956 4263 1003 4334 qui
1032 4279 1083 4335 pro
1106 4263 1241 4336 spirituali
1268 4264 1392 4335 proiectu
1421 4265 1569 4338 quaerendo
1587 4266 1623 4321 ad
1637 4281 1752 4322 nosve·

108 4353 205 4410 vicinis
215 4353 449 4425 impenderentur)
456 4353 519 4410 huic
529 4353 621 4410 domui
632 4354 743 4423 Maioris
753 4354 905 4411 carthusiae
918 4336 942 4399 0
958 4351 1049 4407 niunt.

109 4441 237 4510 evenerit,
254 4441 297 4497 rix
310 4449 401 4514 potest
416 4441 556 4514 explicari.
582 4444 616 4499 Ut
629 4443 702 4500 enim
722 4451 909 4514 paupertatem
993 4440 1075 4496 Nom.
1091 4444 1118 4498 2.
1135 4442 1239 4498 Habeam
1252 4443 1347 4515 itaque
1365 4441 1485 4499 ldurtbu.
1506 4442 1556 4499 llic
1569 4441 1615 4513 pie
1629 4441 1712 4498 simul
1726 4448 1755 4500 et

110 4530 208 4587 medus
222 4529 337 4603 fingant,
353 4546 409 4586 non
424 4546 486 4586 raro
501 4531 608 4588 calceos
624 4540 651 4587 et
664 4531 745 4586 tibias
766 4532 837 4587 inter
859 4547 909 4588 ve·
958 4529 1039 4585 docte
1053 4529 1170 4585 occumit
1184 4530 1351 4602 argumentis
1365 4545 1458 4586 eorum
1477 4530 1523 4602 qui
1536 4530 1621 4586 vitam
1636 4531 1756 4588 Cartba-

108 4635 173 4691 pres
188 4619 378 4686 abscondunt,
395 4617 553 4692 priusquam
568 4620 602 4675 ad
616 4619 701 4676 limen
716 4619 813 4675 domus
826 4634 908 4677 acce·

109 4708 184 4774 dant,
211 4714 241 4763 ut
265 4707 399 4763 seminudi
414 4716 442 4763 et
464 4707 621 4765 discalceati
635 4714 809 4780 apparentes,
826 4708 908 4764 etiam

108 4797 219 4870 rigente
243 4795 363 4868 frigore,
391 4795 523 4866 recipiant
544 4796 652 4853 calceos
674 4803 700 4852 et
730 4795 784 4852 alia
811 4796 908 4868 quibus

110 4893 247 4960 tegantur.
263 4882 331 4954 Quae
345 4883 435 4957 lepide
449 4884 523 4942 dicta
538 4884 600 4953 sint,
617 4892 646 4940 ut
661 4892 829 4958 agnoscatur
843 4901 908 4957 qua·

109 4973 144 5029 lis
158 4974 192 5029 sit
205 4973 413 5047 peregrinorum
437 4980 590 5029 nostrorum
605 4974 703 5029 astutia
723 4982 750 5029 et
763 4973 905 5030 industria.

114 5061 308 5118 Praesentiebat
329 5062 380 5117 ists
394 5061 438 5116 vir
452 5069 572 5128 sauctus,
588 5062 637 5118 sed
651 5072 790 5120 crescente
805 5063 906 5119 sensim

110 5149 208 5208 ordine
222 5157 249 5205 et
263 5150 344 5219 hujus
365 5149 449 5206 eremi
463 5149 590 5222 opinione
604 5167 655 5222 per
669 5159 755 5208 lotum
770 5153 863 5208 orbem
877 5168 907 5208 se

111 5239 288 5312 divulgante,
314 5238 483 5309 impossibile
504 5237 570 5305 luit,
595 5241 735 5297 moraliter
757 5240 905 5314 loquendo,

109 5327 182 5383 banc
205 5325 419 5383 vicissitudinem
435 5327 566 5394 devitare,
588 5343 670 5400 aqua
683 5329 765 5386 etiam
779 5329 906 5400 impossi-

110 5413 193 5470 bilius
207 5423 248 5471 est
259 5431 289 5470 se
313 5429 433 5487 unquam
446 5415 574 5472 liberare.
590 5418 621 5472 ld
635 5433 700 5475 vero
714 5434 768 5473 una
784 5434 816 5473 ex
831 5433 905 5489 prae·

113 5500 202 5574 cipuis
216 5502 308 5562 causis
321 5500 388 5572 fuit,
412 5519 462 5561 cur
474 5503 572 5563 domus
586 5505 735 5564 carthusia
749 5505 905 5578 posscssio-

956 4617 1062 4673 sianam
1075 4617 1206 4689 impetere
1223 4619 1326 4687 volunt,
1341 4627 1368 4674 et
1383 4620 1417 4675 de
1427 4619 1569 4675 inutilitate
1584 4629 1631 4676 aut
1656 4620 1756 4677 otiosi-

958 4713 1014 4762 tate
1028 4714 1155 4777 arguust.
1173 4707 1201 4763 Si
1215 4716 1306 4764 autem
1325 4708 1391 4763 tanti
1401 4708 1451 4765 viri
1473 4707 1692 4765 ineluctabilibus
1708 4725 1756 4764 ra·

958 4794 1078 4851 tionibus
1092 4795 1195 4852 addere
1207 4797 1310 4869 aliquid
1322 4797 1401 4852 nobis
1415 4795 1506 4864 liccat,
1522 4798 1579 4853 haec
1602 4797 1727 4853 dicemus
1747 4812 1754 4852 :

959 4884 1039 4939 Certe
1054 4885 1164 4954 quando
1178 4884 1277 4956 aliquis
1305 4885 1480 4942 concionator
1501 4885 1570 4940 intra
1599 4885 1692 4942 scrinii
1706 4902 1755 4942 se·

960 4980 1064 5030 cretum
1078 4988 1108 5027 se
1123 4973 1227 5045 recipit,
1245 4982 1274 5028 ut
1300 4973 1338 5029 ibi
1366 4974 1561 5045 componendis
1575 4973 1755 5030 concionibus

959 5072 1046 5133 vacet,
1064 5078 1144 5118 nemo
1167 5070 1209 5119 est
1223 5062 1269 5134 qui
1283 5070 1339 5116 tarn
1365 5062 1424 5117 utili
1452 5061 1530 5133 operi
1553 5062 1756 5119 incumbentem

958 5152 992 5208 de
1007 5152 1148 5209 inutilitate
1162 5158 1271 5225 arguat.
1294 5150 1336 5206 sd
1350 5152 1403 5207 hoc
1417 5150 1490 5206 enim
1504 5159 1608 5206 tantum
1623 5151 1659 5206 ab
1687 5166 1757 5207 ocu·

958 5241 991 5296 lis
1006 5250 1033 5298 et
1047 5257 1064 5297 a
1078 5241 1216 5298 consortio
1232 5239 1371 5295 hominum
1394 5255 1425 5295 se
1439 5240 1560 5305 retrahit,
1577 5246 1606 5294 nt
1620 5246 1759 5310 praeparet

958 5331 1029 5386 unde
1050 5329 1138 5401 possit
1158 5328 1248 5385 verbis
1262 5327 1420 5399 compositis
1444 5328 1573 5384 veritates
1587 5327 1757 5384 Christianus

956 5418 1011 5474 illis
1025 5435 1169 5490 exponere,
1186 5426 1213 5473 et
1226 5417 1260 5472 ad
1275 5433 1361 5489 regno
1375 5415 1506 5473 coelorum
1523 5416 1577 5472 vim
1600 5415 1759 5472 laciendum

956 5504 1081 5564 incitare.
1106 5507 1168 5575 Quo
1187 5513 1278 5563 autem
1297 5504 1425 5563 veritates
1448 5505 1484 5561 ab
1508 5504 1554 5561 illo
1572 5504 1760 5577 praedicanda
