3742 5986
172 236 226 291 255
441 236 473 291 S.
505 234 682 293 BRUNONIS
710 228 1035 291 clarnostartoltult
1062 227 1306 287 INSTITUTORIS
1321 226 1397 287 OPP.
1412 230 1502 290 PARS
1516 230 1551 284 11.
1769 235 1819 290 ibi

175 358 389 416 tislltbocaon
400 358 461 417 dico
472 364 553 434 amsi
562 365 716 435 imperans,
726 363 754 418 id
764 371 868 421 estnon
877 366 912 422 de
922 368 1009 429 hacA
1025 375 1080 424 tum
1096 367 1166 423 detis
1189 374 1319 438 quantum
1344 363 1422 423 robis
1439 363 1616 420 reservabitis
1630 383 1638 431 ;
1655 363 1705 418 sed
1720 369 1818 418 tanturn

175 463 207 504 re
224 455 392 519 praeceptum
402 449 547 507 constituto
564 469 570 505 :
586 466 631 515 ue,
648 451 671 506 si
681 451 750 507 sorte
769 468 822 509 non
833 455 973 526 obtempe-
1022 456 1095 511 unde
1110 455 1248 529 aqualiter
1262 461 1291 509 ut
1304 469 1353 510 vos
1368 452 1457 509 securi
1472 451 1531 507 sitis
1546 452 1581 507 ab
1597 459 1731 524 egestate.

176 537 244 593 ratis
254 536 378 607 irnperio,
389 537 430 593 rei
441 538 539 594 essetis
552 539 752 596 inobedientiae.
764 541 827 596 Non
837 543 929 616 utique
940 560 973 599 ex
1059 545 1124 600 ldeo
1138 543 1303 599 abundantia
1317 550 1408 599 vestra
1418 541 1543 612 suppleat
1552 540 1660 596 illorum
1670 538 1774 612 inopia,
1788 544 1818 596 ct

175 625 291 697 imperio
305 625 366 683 dieo
384 625 453 683 :sed
468 626 530 683 dico
545 629 597 684 hoc
616 629 797 700 comprobans
816 631 972 703 inpertiam,
1023 635 1111 690 etiam
1126 631 1305 688 abundantia
1318 632 1447 699 iliorum,
1461 628 1643 700 perlectorum
1663 635 1778 702 quaeest
1793 628 1819 683 in

176 715 204 771 id
219 722 261 771 est
275 714 408 771 rationem
423 730 483 772 cum
503 715 650 772 voluntate.
667 717 779 773 Debetis
793 718 865 774 enim
886 721 973 776 ratio·
1023 720 1175 788 virtutibus,
1187 721 1227 777 sit
1239 720 1471 793 supptementum
1485 721 1585 774 vestrae
1599 718 1714 790 inopiae.
1731 715 1783 786 Qui
1798 715 1820 772 si

176 803 301 861 nabiliter
314 819 430 876 pensare
444 805 518 876 quod
531 805 610 871 detis,
628 805 732 862 scilicet
753 807 932 879 temporalia,
948 816 974 864 et
1024 810 1121 866 divites
1145 809 1212 865 estis
1236 816 1416 873 terrenorum,
1452 806 1549 878 inopes
1571 805 1637 862 estis
1662 805 1821 863 coelestium.

178 892 243 964 quid
257 908 307 963 pro
321 892 363 947 his
377 893 512 964 recepturi
526 893 595 961 sitis,
608 893 712 950 scilicet
725 903 826 950 aeterua
842 913 848 952 :
866 906 892 952 ει
912 912 974 953 cum
1025 898 1164 969 suppleat,
1187 897 1258 963 dico,
1276 896 1312 952 ita
1336 900 1368 952 at
1382 895 1502 951 vicissim
1518 894 1635 966 suppleti
1654 894 1706 964 fiat
1731 911 1820 967 aequa·

178 981 284 1036 ratione
308 981 389 1037 debet
421 998 482 1038 esse
512 982 639 1038 uoluntas
671 983 849 1041 libentissime
881 985 973 1053 dandi,
1026 988 1093 1042 titas
1108 985 1161 1040 illis
1175 985 1203 1041 in
1218 993 1321 1041 aeterno
1335 985 1423 1052 bono;
1439 990 1479 1049 ut,
1491 982 1721 1054 quemadmodum
1737 983 1820 1040 sancti

179 1070 371 1141 comprobans,
387 1069 507 1142 inquam,
520 1072 623 1129 bonum
634 1071 773 1144 ingenium
783 1073 863 1128 etiam
875 1078 975 1130 uestrae
1024 1075 1052 1129 in
1067 1075 1118 1131 hoc
1132 1073 1234 1130 mundo
1248 1073 1409 1145 participant
1424 1070 1558 1128 fructibus
1572 1071 1764 1137 laborantium,
1784 1071 1821 1128 sic

179 1159 329 1215 charitatis
344 1173 394 1229 per
405 1157 616 1216 sollicitudinem
631 1159 758 1227 aliorum,
774 1160 802 1216 id
813 1171 854 1217 est
863 1178 911 1233 pcr
922 1163 975 1218 hoc
1023 1163 1053 1218 in
1066 1161 1158 1218 lutura
1172 1162 1200 1217 hi
1227 1162 1270 1234 qui
1294 1161 1376 1217 modo
1398 1160 1550 1215 ministrant
1574 1160 1684 1228 mactis,
1708 1159 1821 1231 partici-

179 1246 252 1318 quod
277 1246 384 1303 solliciti
409 1247 475 1302 estis
502 1248 630 1320 supplere
653 1248 772 1320 inopiam
795 1249 973 1323 indigentium
1025 1259 1089 1323 pent
1114 1251 1363 1307 remunerationem
1397 1264 1502 1306 eorum.
1534 1250 1592 1304 Nec
1625 1248 1663 1303 ita
1684 1247 1747 1305 dico
1771 1248 1821 1319 fiai

179 1333 300 1391 fratrum.
322 1336 371 1392 Vel
395 1336 575 1407 comprabaus
597 1337 753 1392 charitatem
783 1347 901 1393 vestram
925 1355 976 1411 per
1025 1341 1183 1413 equalitas,
1209 1347 1238 1394 ut
1261 1346 1365 1394 tanturn
1396 1337 1532 1410 accipiant
1555 1336 1709 1408 imperfecti
1733 1351 1821 1408 quan-

128 1482 137 1498 ,
180 1423 389 1481 sollicitudinem
414 1425 540 1495 aliorum,
562 1424 589 1480 id
603 1432 645 1480 εει
671 1441 721 1497 per
734 1427 785 1483 boc
799 1428 873 1498 quod
886 1427 976 1484 Titum
1026 1436 1081 1483 tum
1096 1427 1285 1499 perfectiores,
1311 1426 1360 1482 sed
1382 1425 1411 1480 in
1435 1427 1488 1482 hoc
1506 1425 1656 1499 aequalitas,
1673 1425 1750 1498 quod
1764 1424 1821 1479 siu·

180 1520 206 1569 et
220 1512 288 1567 alios
302 1512 450 1583 discipulos
465 1514 499 1568 de
513 1513 591 1569 uobis
605 1513 674 1571 lacio
690 1514 833 1571 sollicitos.
1025 1515 1082 1589 guli
1098 1514 1222 1589 singulos
1245 1529 1372 1570 nummos
1392 1513 1536 1585 accipient,
1561 1512 1589 1569 id
1610 1521 1653 1568 est
1674 1512 1821 1585 perlectam

215 1603 248 1658 Et
264 1601 356 1674 utique
366 1601 471 1657 debetis
482 1602 623 1660 abundare
633 1604 661 1658 in
671 1603 721 1660 hac
731 1603 829 1677 gratia,
842 1623 911 1661 aum
926 1620 975 1660 ros
1025 1613 1052 1661 et
1068 1603 1248 1660 sufficientem
1263 1603 1468 1659 beatitudinem.
1484 1602 1549 1658 ldeo
1563 1616 1618 1657 uon
1633 1608 1765 1656 statutum
1776 1599 1823 1657 fuit

181 1691 392 1764 saitlsgratiam
402 1691 613 1748 Dominiaostri
622 1694 687 1748 lesu
698 1692 819 1761 Christi·
830 1696 1012 1783 quoniam,B
1026 1701 1054 1748 ut
1069 1691 1115 1748 alii
1129 1692 1270 1748 hominum
1292 1692 1458 1757 laborarent,
1481 1691 1526 1746 alii
1553 1689 1668 1746 orationi
1682 1697 1820 1756 vacarent,

181 1779 264 1835 idest
283 1779 365 1850 quod,
382 1795 446 1835 eam
460 1783 533 1835 esset
548 1780 633 1849 diaes,
649 1780 676 1835 id
692 1788 733 1836 est
747 1782 820 1837 Deus
834 1782 861 1836 in
876 1781 976 1839 divitiis
1026 1789 1054 1837 ut
1064 1778 1640 1844 oratoressustentarenturaliorumlabore,
1652 1777 1823 1835 laboratores

182 1867 384 1939 omnipotentiae
405 1883 487 1936 suae‚·
501 1868 547 1940 qui
570 1876 687 1924 aeternus
711 1877 776 1939 erat,
798 1876 976 1944 proptereat
1025 1887 1090 1927 uero
1106 1870 1275 1926 salvarentur
1285 1885 1381 1925 eorum
1391 1867 1520 1925 oratione.
1532 1869 1606 1936 Fiat,
1617 1867 1690 1935 dico,
1708 1867 1822 1939 aequati·

181 1956 326 2012 salvandos
340 1959 436 2028 saetas
451 1961 494 2012 est
518 1973 620 2029 apertas
634 1958 663 2011 in
677 1966 810 2029 tempore.
827 1960 885 2015 Nec
899 1959 977 2015 dives
1026 1963 1079 2030 tas,
1096 1961 1170 2017 sicat
1185 1959 1326 2030 scriptum
1342 1961 1385 2013 est
1400 1955 1543 2030 figurative
1557 1956 1592 2011 dc
1606 1954 1695 2010 lutura
1708 1954 1822 2027 aequali-

181 2045 242 2102 sreri
256 2044 360 2111 voluit3
377 2044 426 2099 sed
448 2048 542 2116 sactus
556 2050 598 2101 est
622 2062 736 2118 eparcus,
762 2045 789 2100 id
805 2047 888 2101 estin
903 2047 978 2103 omni
1026 2056 1081 2104 tate
1097 2065 1103 2102 :
1123 2049 1171 2120 qui
1185 2048 1313 2103 muitum
1327 2046 1429 2113 habuit,
1441 2061 1498 2101 aaa
1513 2044 1668 2101 abundauit
1678 2060 1762 2116 super
1771 2059 1823 2100 mo

181 2141 304 2208 egestate
320 2133 408 2189 caruis
429 2133 534 2200 vivens,
558 2142 659 2204 praeter
682 2142 831 2204 egestatem
848 2135 971 2203 justitiae.
1026 2136 1087 2192 dice
1101 2136 1246 2191 habentem
1264 2149 1270 2189 :
1287 2137 1314 2194 el
1330 2136 1379 2207 qui
1392 2134 1533 2190 modicam
1547 2132 1649 2200 habuit,
1661 2149 1720 2189 non
1729 2134 1822 2190 miae-

181 2223 247 2279 ldeo
255 2225 350 2293 saetas
358 2226 521 2293 estepeaas,
529 2225 562 2279 at
572 2221 712 2295 iuopia,id
722 2230 761 2278 est
771 2222 869 2279 merito
879 2223 977 2295 inopiae
1025 2225 1111 2291 ravit,
1124 2224 1214 2290 idest,
1226 2222 1387 2279 nonhabuit
1404 2222 1494 2278 minus
1514 2237 1546 2278 eo
1557 2221 1729 2294 quimultum
1738 2220 1822 2277 colle-

182 2313 264 2368 itiias
279 2327 325 2369 vos
339 2310 438 2367 essetis
454 2309 553 2366 diuites
564 2310 684 2378 justitiae.
697 2312 732 2366 Et
742 2311 769 2365 in
780 2311 832 2367 hoc
843 2313 916 2384 quod
929 2313 976 2369 be·
1026 2312 1075 2384 git.
1088 2311 1140 2381 Qui
1150 2312 1222 2368 enim
1243 2311 1357 2367 multum
1376 2311 1459 2366 habet
1474 2310 1509 2366 de
1527 2309 1615 2382 gloria
1634 2309 1751 2375 caelesti,
1770 2325 1823 2365 non

182 2399 340 2472 nignitatem
353 2398 462 2454 Domini
487 2399 551 2454 Jesu
575 2399 650 2455 circa
673 2415 722 2455 vos
737 2399 883 2455 exhibitam
899 2400 977 2457 vobis
1026 2401 1066 2457 sic
1079 2400 1199 2456 abundat
1211 2408 1239 2455 ut
1248 2399 1272 2455 is
1282 2400 1328 2472 qui
1338 2399 1428 2454 minus
1441 2399 1524 2454 habet
1537 2399 1659 2472 indigeat
1675 2415 1682 2453 :
1700 2397 1749 2454 sed
1759 2397 1823 2453 utri-

183 2489 321 2556 reaordor‚
336 2490 368 2543 ιη
379 2487 527 2560 baculique
537 2488 571 2543 da
580 2488 658 2543 vobis
669 2489 820 2545 consiliam
831 2489 933 2545 salutis.
943 2491 977 2546 Et
1027 2497 1121 2561 queat
1144 2488 1258 2544 multum
1285 2496 1311 2543 ct
1338 2487 1475 2544 modicum
1505 2486 1612 2541 babenti
1643 2485 1757 2558 equalis
1784 2493 1823 2542 est

181 2577 252 2633 bene
267 2577 328 2633 dico
342 2577 503 2633 consilium.
516 2577 569 2633 lloe
585 2579 661 2633 euim
672 2577 788 2647 (scilicet
802 2578 938 2633 abundare
949 2578 976 2633 in
1026 2577 1194 2634 abundantia
1210 2594 1217 2631 :
1234 2577 1296 2649 quia
1318 2576 1426 2648 utrique
1451 2575 1525 2648 quod
1549 2574 1614 2629 satis
1638 2583 1688 2640 est,
1704 2574 1770 2631 licet
1782 2581 1822 2628 ta-

183 2665 368 2737 eleemosyna)
379 2667 450 2722 atiie
465 2669 508 2721 est
522 2665 596 2721 vobis
606 2684 615 2720 .·
625 2669 673 2738 qai
683 2682 741 2722 aaa
751 2668 842 2722 sotum
853 2668 977 2740 coepistis
1028 2682 1092 2722 men
1106 2664 1258 2721 differentia
1281 2665 1315 2719 sit
1339 2663 1393 2718 illis
1419 2664 1445 2718 in
1471 2663 1568 2735 gloria.
1584 2663 1642 2719 Hoc
1656 2661 1691 2718 ad
1707 2662 1824 2719 litteram

183 2757 287 2825 facere,
304 2753 446 2811 sedetiam
462 2754 612 2825 incoepistis
628 2756 699 2812 velie
714 2772 732 2810 a
746 2757 839 2828 priore
853 2772 939 2812 arana.
1026 2755 1159 2826 scriptum
1183 2762 1224 2812 est
1253 2753 1288 2809 de
1311 2769 1424 2819 manna,
1446 2752 1518 2824 quod
1537 2750 1704 2825 colligebant
1718 2750 1822 2819 Jndrei3

216 2842 288 2900 Nota
302 2842 375 2914 quod
389 2843 465 2913 prius
480 2841 580 2907 lacere,
604 2851 699 2914 postea
713 2851 872 2917 augmentat
886 2843 975 2910 velle;
1026 2844 1089 2917 quia
1111 2843 1157 2915 qui
1180 2842 1293 2897 multum
1322 2842 1484 2915 collegerat,
1508 2840 1571 2897 licet
1595 2839 1713 2911 amplius
1742 2855 1823 2913 quam

181 2930 359 2988 iacereenim
373 2946 427 2986 uon
442 2930 548 2998 sufficit,
565 2931 664 2986 nisiex
679 2931 976 2999 voluntate3sedvelle
1026 2932 1135 3004 plenum
1167 2946 1276 3004 gomor,
1312 2946 1368 2986 non
1390 2930 1451 3001 plus
1474 2929 1570 2984 habuit
1595 2944 1678 3002 quam
1702 2943 1823 3002 gomor:

182 3018 279 3076 sufficit
296 3019 359 3076 licet
373 3035 429 3075 uon
452 3020 487 3075 sit
507 3020 583 3092 copia
608 3020 734 3076 faciendi.
760 3020 886 3092 Coepistis
910 3021 975 3077 olim
1026 3029 1052 3076 ει
1065 3020 1111 3092 qui
1125 3019 1214 3074 miuus
1226 3019 1376 3090 collegerat
1389 3033 1587 3091 quamgomor,
1599 3032 1654 3073 non
1668 3017 1759 3072 minus
1774 3017 1820 3072 ba·

181 3110 251 3166 selle
264 3128 271 3177 ;
285 3124 363 3166 nana
378 3124 441 3165 aero
454 3110 582 3180 perficite
596 3109 624 3164 id
637 3108 775 3165 voluntate
790 3117 817 3164 et
829 3112 923 3181 facto,
941 3109 977 3164 ita
992 3083 1015 3144 ⁰
1027 3109 1085 3165 buit
1099 3124 1178 3181 quam
1194 3108 1305 3179 plenum
1319 3122 1417 3181 gomor
1430 3107 1530 3177 (deod.
1548 3122 1593 3174 xv,
1611 3105 1666 3176 ιιι).

182 3205 216 3257 at
231 3199 466 3272 quemadmodum
480 3202 627 3271 promptos
640 3202 683 3254 est
693 3199 817 3266 unicias,
828 3198 855 3253 id
868 3206 909 3254 εει
921 3199 976 3253 dis·
1061 3197 1123 3255 Dixi
1138 3198 1263 3269 superius
1287 3197 1360 3269 quod
1383 3196 1477 3268 rogavi
1498 3195 1597 3251 Titum.
1613 3195 1654 3251 De
1669 3195 1720 3251 boc
1733 3201 1824 3251 autem

182 3286 860 3359 cretiovoluntatis184(quodsupravocavit
875 3287 977 3343 bonum
1025 3287 1134 3360 pretias
1149 3303 1200 3358 aaa
1211 3289 1275 3353 Dea,
1286 3286 1334 3359 qui
1344 3285 1420 3343 dedit
1431 3285 1553 3342 incorde
1567 3284 1622 3340 Titi
1633 3284 1761 3340 eamdem
1771 3285 1825 3341 sal-

182 3376 335 3451 ingenium)
358 3379 402 3434 ita
420 3377 454 3446 fit
473 3385 616 3449 promptus
639 3377 745 3432 animus
756 3377 930 3451 perficiendi.
942 3377 977 3433 Et
1015 3376 1205 3433 ·licitadiaem
1220 3392 1271 3448 pro
1286 3373 1370 3443 uobis,
1387 3388 1468 3446 qnam
1483 3381 1509 3428 et
1524 3374 1551 3428 in
1563 3373 1647 3430 corde
1661 3387 1734 3430 meo.
1745 3374 1826 3429 Eam·

181 3466 244 3523 licet
258 3466 296 3522 ita
306 3466 446 3535 suadeam,
455 3464 614 3538 perficiendi
622 3475 713 3523 tamen
724 3467 785 3523 dico
796 3484 833 3523 ex
844 3482 885 3532 ea,
898 3466 926 3521 id
937 3473 978 3521 est
1026 3465 1089 3521 dem
1104 3463 1256 3530 benedico,
1272 3465 1407 3536 quoniam
1421 3462 1480 3533 ipse
1491 3462 1603 3536 quidem
1618 3461 1688 3519 bane
1702 3463 1826 3535 suscepit

182 3555 330 3612 secundum
345 3556 398 3611 hoc
412 3556 483 3627 qaod
503 3554 623 3623 bebetis,
639 3563 665 3611 et
680 3556 835 3611 ministrare
848 3554 977 3610 fratribus
1027 3554 1258 3610 exhortationem
1278 3568 1329 3623 pro
1353 3550 1430 3607 vobis
1451 3550 1561 3618 iactam]
1578 3551 1625 3610 sed
1639 3550 1691 3607 etsi
1705 3550 1825 3622 benigne

180 3642 255 3701 lerre
268 3645 392 3717 potestis.
408 3644 473 3700 ldeo
488 3644 550 3701 dico
560 3660 597 3701 ee
607 3660 638 3700 eo
648 3644 719 3716 qaod
734 3641 854 3709 habetis,
864 3643 977 3715 enimsi
1027 3642 1155 3714 suscepit,
1172 3649 1262 3696 tamen
1273 3642 1418 3714 profectas
1429 3640 1518 3697 estad
1529 3657 1574 3697 vos
1585 3639 1824 3698 cumessetsctii-

179 3735 311 3790 uoluntas
333 3737 426 3789 uestra
443 3736 574 3806 prompta
585 3736 627 3788 est
638 3732 671 3786 ad
682 3732 810 3799 dandum,
823 3733 977 3787 secundam
1027 3732 1112 3788 citior
1124 3730 1159 3786 de
1173 3729 1268 3799 vobis,
1286 3746 1338 3787 sua
1360 3731 1507 3786 voluntate
1521 3745 1601 3802 quam
1616 3744 1678 3784 mea
1693 3729 1825 3785 exhorta-

181 3821 211 3878 id
228 3821 299 3894 quod
323 3822 414 3887 babet,
431 3820 459 3875 in
473 3822 526 3877 hoc
539 3820 632 3892 ntique
647 3824 762 3894 acceptu
777 3825 819 3877 est
835 3821 904 3886 Deo,
920 3837 977 3877 aaa
1026 3820 1110 3875 tione.
1127 3820 1251 3876 Misimus
1265 3820 1354 3875 etiam
1364 3835 1429 3875 aum
1442 3819 1493 3874 iila
1504 3816 1687 3887 scilicetTito,
1698 3818 1823 3888 fratrem

182 3911 273 3965 solam
288 3908 316 3964 in
331 3925 364 3965 eo
378 3909 401 3964 si
411 3909 518 3965 dederit
532 3910 686 3966 seeundum
696 3909 871 3982 idqaodaon
882 3908 975 3965 babet.
1027 3916 1149 3964 nostrum
1165 3925 1172 3962 ι
1189 3909 1252 3964 tuas
1262 3910 1344 3980 cujas
1355 3910 1398 3964 est
1408 3905 1608 3978 ianaapeiio.
1623 3907 1701 3961 iluna
1711 3904 1823 3962 tratrem

183 3996 263 4066 Quod
278 3997 315 4053 ait
329 3999 479 4055 secundum
495 3998 522 4052 id
537 3999 610 4070 quod
624 3998 715 4069 habet,
733 4007 759 4054 et
774 3998 847 4070 quod
863 4014 916 4053 nou
930 3998 978 4052 ha·
1027 3997 1073 4053 alii
1087 3996 1181 4053 dicunt
1204 3997 1315 4062 Lucam,
1341 3995 1386 4050 alii
1408 3994 1572 4050 Barnabam.
1598 3994 1626 4050 Si
1640 3995 1739 4051 Lucam
1753 3993 1824 4051 dici-

182 4085 238 4158 bet,
253 4086 325 4143 idem
340 4095 382 4143 est
397 4087 471 4159 quod
482 4087 518 4142 ait
533 4086 656 4157 superius
671 4087 826 4144 secundam
839 4088 977 4143 virtatem
1026 4103 1097 4156 mus,
1114 4085 1175 4141 laus
1189 4086 1266 4154 cujus
1281 4092 1323 4141 est
1336 4084 1516 4141 inscribendo
1526 4082 1697 4155 Evangelio;
1714 4082 1737 4138 si
1754 4083 1824 4139 Bar-

181 4180 210 4233 et
224 4193 311 4250 supra
325 4177 471 4233 virtatem.
488 4174 541 4244 Qui
556 4175 627 4231 euim
646 4176 802 4232 neccssaria
818 4175 869 4232 sibi
884 4190 977 4231 reser-
1027 4175 1134 4241 sabam,
1152 4175 1190 4230 ita
1204 4174 1264 4230 laus
1283 4174 1359 4243 cujus
1377 4173 1461 4228 estin
1484 4173 1660 4244 praedicando
1673 4171 1825 4246 Evangelio

182 4273 236 4335 vat,
252 4273 278 4320 et
292 4281 394 4339 eaquae
409 4265 640 4337 superabundant,
653 4273 758 4338 erogat,
769 4265 814 4321 hic
823 4265 977 4322 secundam
1023 4281 1077 4336 per
1091 4280 1188 4319 amnes
1211 4263 1360 4320 Ecclesiae.
1392 4259 1487 4317 Omnis
1502 4261 1575 4317 enim
1588 4260 1715 4318 Ecclesia
1729 4260 1823 4316 laudat

183 4351 254 4423 qaod
268 4349 351 4407 babet
365 4350 465 4407 dicitur
479 4352 566 4419 dare,·
581 4349 707 4423 quivero
721 4349 788 4405 nibil
802 4349 855 4404 sibi
869 4348 976 4416 retinet,
1027 4369 1099 4408 eum.
1117 4353 1178 4407 Non
1199 4351 1288 4407 solum
1312 4357 1401 4407 autern
1417 4350 1542 4406 laudatur
1555 4350 1582 4405 in
1597 4349 1758 4422 Evangelio,
1776 4348 1826 4406 scd

182 4439 231 4495 sed
246 4439 371 4495 omnibus
395 4439 516 4512 erogatis
539 4440 628 4495 nudus
642 4440 743 4495 nudam
757 4454 867 4495 crucem
882 4437 976 4510 sequi·
990 4441 1108 4504 Detiam
1122 4442 1155 4497 ab
1170 4441 1302 4498 Ecclesiis
1313 4441 1461 4497 ordinatas
1471 4443 1514 4495 est
1528 4455 1620 4496 comes
1630 4443 1735 4495 aostroe
1744 4454 1826 4510 pere-

182 4535 234 4597 tur,
255 4527 300 4584 hic
313 4528 359 4584 dat
373 4529 521 4585 secundum
537 4529 564 4583 id
579 4528 650 4600 quod
667 4544 721 4584 uon
736 4527 827 4582 babet.
844 4526 898 4583 Sed
913 4525 977 4599 quia
1028 4531 1210 4602 priuatiasis.
1227 4530 1285 4585 Hoc
1300 4529 1390 4601 magis
1405 4529 1439 4583 de
1453 4527 1579 4583 Bernaba
1597 4526 1825 4584 videturdicere:

182 4616 261 4687 hujus
275 4616 450 4688 perfectiouis
465 4633 519 4673 non
529 4617 596 4672 vidit
610 4631 658 4673 eos
668 4631 794 4687 capaces,
806 4616 928 4670 bortatur
943 4614 977 4669 ad
1028 4635 1108 4691 quem
1123 4633 1186 4674 cum
1202 4617 1286 4673 Paulo
1301 4616 1399 4673 iratres
1413 4617 1458 4689 qui
1473 4624 1552 4672 erant
1562 4614 1760 4687 Hierosolymis
1774 4614 1825 4670 mi·

182 4705 210 4762 id
225 4705 298 4778 quod
320 4705 406 4763 levius
430 4714 481 4763 est.
507 4704 663 4778 Oppoueret
684 4703 781 4777 aliquis
797 4721 804 4758 :
821 4702 904 4777 Cogis
927 4720 977 4760 nos
1028 4715 1121 4763 serunt
1135 4707 1162 4761 iu
1176 4714 1273 4780 gentes
1287 4705 1320 4761 ad
1335 4704 1539 4776 praedicandum
1557 4703 1658 4776 Spiritu
1672 4712 1768 4760 sancto
1781 4702 1826 4757 di·

183 4795 259 4862 dare,
278 4802 314 4861 ut,
339 4794 400 4850 aliis
423 4793 457 4850 de
479 4802 574 4850 nostro
597 4792 801 4858 ditescentibus,
818 4809 868 4848 uos
882 4801 977 4864 postea
1028 4804 1106 4853 cente
1122 4795 1175 4851 illis
1192 4810 1198 4849 :
1218 4817 1229 4846 ι
1249 4795 1395 4867 segregate
1410 4793 1476 4848 mihi
1500 4793 1652 4848 Barnabam
1672 4800 1697 4849 ει
1712 4791 1825 4848 Saulum

183 4898 322 4956 egeamus.
343 4883 471 4951 Minime3
488 4883 536 4938 sed
560 4881 710 4938 secuudum
732 4881 805 4953 quod
819 4881 934 4950 habetis,
951 4889 978 4937 et
1027 4885 1054 4940 in
1068 4900 1137 4956 opus
1151 4900 1205 4957 quo
1219 4883 1354 4954 assumpsi
1369 4899 1418 4938 eos
1433 4883 1509 4952 (rtet.
1527 4896 1590 4948 xrrr,
1606 4883 1645 4952 ι).
1665 4904 1676 4930 ¹·
1692 4879 1824 4954 Peregri-

183 4986 239 5026 non
255 4972 403 5029 secundum
424 4971 451 5026 id
466 4970 539 5043 qnod
553 4987 608 5027 non
622 4970 748 5040 habetis;
765 4986 818 5043 ego
831 4970 903 5026 euim
919 4986 976 5026 aon
1028 4973 1144 5029 nationis
1169 4973 1231 5029 idco
1255 4971 1338 5039 dicit;
1355 4987 1418 5028 cum
1437 4971 1509 5027 enirn
1535 4986 1551 5025 a
1566 4969 1659 5025 Judaea
1671 4968 1785 5025 mittitur
1797 4968 1825 5024 in

184 5057 288 5130 impero
300 5060 352 5116 boc
366 5065 400 5115 ut
415 5076 465 5132 per
480 5068 571 5116 vestra
585 5059 649 5116 data
664 5062 701 5116 sit
713 5062 839 5117 rescissio
856 5061 934 5124 aliis,
950 5066 977 5115 et
1027 5069 1133 5135 gentes,
1151 5061 1205 5117 exit
1228 5059 1353 5132 patriam,
1378 5068 1405 5114 et
1429 5060 1464 5115 ad
1479 5059 1539 5115 loca
1553 5057 1702 5131 peregrina
1717 5056 1825 5113 transit.

183 5146 292 5202 remissi
306 5154 461 5219 torpescant
474 5149 539 5216 otio,
555 5148 630 5206 uobis
643 5152 739 5205 autem
755 5148 818 5204 inde
834 5149 868 5204 sit
884 5147 976 5204 tribu-
1029 5147 1433 5217 cumsacramentales
1445 5150 1476 5204 ia
1492 5149 1565 5204 boae
1575 5146 1699 5219 gratiam
1709 5146 1826 5202 eleemo

184 5237 264 5304 tatio,
280 5236 351 5292 uude
366 5236 420 5292 iliis
441 5237 578 5293 remissio.
595 5238 653 5294 Hoc
666 5237 776 5309 quidem
791 5252 845 5292 non
860 5236 975 5307 impero,
1028 5255 1157 5313 synarurn
1174 5239 1297 5295 similiter
1311 5238 1525 5309 praedicandam,
1538 5235 1699 5309 qaoegratia
1713 5252 1730 5291 a
1745 5233 1827 5292 nobis

183 5325 232 5382 sed
247 5327 299 5382 boc
313 5340 380 5399 rogo
391 5329 425 5382 at
439 5329 532 5382 vestra
546 5323 734 5394 abundantia,
748 5332 860 5397 quaeest
870 5327 897 5379 in
908 5332 978 5379 tem·
1027 5328 1231 5400 recipientibus,
1247 5344 1262 5381 a
1277 5326 1355 5383 vobis
1379 5327 1566 5382 ministratur
1587 5325 1688 5380 sanctis
1702 5324 1750 5397 qni
1765 5331 1829 5380 sunt

184 5414 340 5486 poralibns,
365 5417 496 5488 suppleat
518 5415 647 5487 inopiam
668 5416 784 5471 illoram
806 5412 978 5485 inpraesenti
1028 5417 1241 5489 llierosolymis3
1258 5417 1293 5472 de
1308 5432 1361 5488 quo
1376 5415 1495 5486 gaudere
1514 5413 1631 5480 debetis,
1658 5413 1723 5485 quia
1743 5412 1829 5468 mini-

185 5507 326 5576 tempora,·
341 5513 367 5561 et
380 5505 433 5561 hoc
448 5501 495 5560 srat
509 5519 545 5562 ee
559 5505 733 5580 equalitate,
750 5518 806 5560 uon
815 5509 844 5559 ut
853 5502 906 5560 illis
918 5509 977 5561 tan·
1028 5513 1130 5564 stratur
1144 5506 1180 5563 ad
1191 5506 1312 5581 aleriam
1326 5505 1449 5562 Domini.
1465 5503 1500 5560 lit
1513 5517 1577 5560 vere
1591 5503 1667 5560 Dens
1682 5501 1711 5559 iu
1722 5503 1774 5558 bac
1783 5501 1830 5558 ad·
