3742 5986
195 156 249 212 cae
682 155 836 214 romnis
849 156 974 214 caure.
994 154 1187 215 roarlenu
1204 157 1375 216 nosram.
1703 122 1710 137 '
1801 164 1840 218 m

192 278 293 336 mortis
303 278 425 337 liberabo
434 295 487 346 eor,
500 281 534 338 de
543 287 634 339 morte
643 283 781 339 redimam
790 298 836 339 eos
846 299 852 336 :
862 298 909 339 ero
919 297 992 338 more
1003 283 1030 344 Δ
1043 279 1094 336 risl
1111 282 1239 338 Fructum
1253 291 1346 340 autern
1364 282 1467 341 laboris
1481 283 1535 340 mei
1548 298 1566 340 a
1580 282 1706 341 Domim
1718 283 1773 340 tuis
1786 301 1838 341 ore·

195 371 254 434 tao,
266 383 373 434 amors,
382 384 491 425 merses
502 374 568 426 tuos
578 387 625 427 ero
636 373 749 441 inferne
760 372 849 442 (Osee.
861 385 923 437 xiii,
939 370 994 441 ll),
1046 369 1165 426 tionibus
1180 372 1358 443 exspectabo.

193 471 249 511 non
265 457 433 527 erumpatin
451 459 521 514 bane
546 474 640 516 vocem
662 459 838 529 jucunditatis
853 466 879 515 et
893 458 993 527 laudis,

194 552 223 599 ut
237 544 309 600 dicat
324 562 331 598 :
349 544 469 613 Gratias,
487 547 611 614 Domine,
629 555 711 603 tantae
726 548 829 618 pietati,
846 564 925 620 quam
942 563 994 602 no·
1294 529 1512 588 EPISTOLA
1536 532 1593 589 lv·

193 641 257 689 strae
271 632 453 704 redemptioni
466 634 626 705 impendere
641 636 768 708 dignatus
784 653 814 691 es
831 653 837 690 :
854 643 879 692 et
895 651 995 707 precor
1334 669 1371 709 A„
1383 669 1542 712 mmm,

196 727 225 776 ut
237 721 360 790 ejusdem
375 722 581 792 redemptionis,
604 732 631 778 et
645 724 739 779 salutis
753 732 861 780 aeternae
877 741 938 796 qum
952 732 993 779 est

191 809 219 863 iu
230 817 266 875 te,
277 825 331 864 non
342 809 426 866 iacias
437 810 465 864 in
474 819 607 866 eternum
617 813 820 868 veraciteresse
826 813 993 887 participes?

192 896 259 966 Quis
282 898 403 954 audiens
417 899 578 969 Apostolum
600 900 735 956 dicentem
752 902 870 957 :Fidelis
889 918 991 970 sermo,
1078 900 1262 957 Dilectissimo
1300 901 1377 956 iratri
1410 903 1561 972 Reatino,
1589 901 1684 959 irater
1726 903 1842 960 lotxrra

193 988 259 1057 quio
271 986 399 1042 Christus
410 989 490 1044 lesus
500 990 578 1044 verrit
588 989 620 1045 im
630 989 705 1046 hune
717 990 855 1045 maedam
863 994 992 1061 peceato·
1043 990 1169 1045 salutem.

192 1091 237 1130 res
251 1076 343 1130 saluos
353 1078 447 1147 secere
456 1076 483 1146 (l
494 1077 562 1132 Tim.
574 1092 593 1145 1,
607 1079 671 1147 l5);
687 1093 742 1133 non
753 1076 873 1132 effundat
885 1078 991 1133 laudem
1077 1077 1216 1133 Petilianis
1231 1086 1284 1134 tuae
1298 1086 1400 1145 votum,
1417 1085 1444 1135 et
1453 1077 1648 1151 promissionis
1659 1087 1720 1136 tuae
1730 1080 1841 1136 debitum

192 1161 296 1233 pariter
310 1172 336 1218 et
349 1179 468 1234 precem,
485 1172 512 1220 et
525 1165 598 1220 dieat
614 1181 621 1220 τ
637 1165 707 1232 Tibi,
725 1166 850 1232 Domine,
862 1165 930 1232 leus,
943 1165 992 1221 tibi
1040 1167 1167 1237 presenti
1176 1166 1307 1222 schedula
1315 1166 1453 1237 persolvo.
1464 1167 1606 1223 Nemeum
1618 1167 1669 1223 tibi
1681 1176 1711 1224 et
1722 1167 1842 1224 iratribus

190 1251 432 1323 gratiarumactio,
449 1252 494 1324 qui
507 1261 582 1308 tanta
597 1253 770 1309 miseratione
781 1255 865 1309 vitam
875 1270 990 1326 peccca-
1041 1254 1085 1326 qui
1102 1262 1190 1310 tecum
1214 1255 1250 1309 ad
1274 1270 1325 1309 nos
1340 1263 1481 1321 venerant,
1497 1255 1532 1311 de
1547 1255 1681 1311 custodie
1697 1255 1790 1312 cordis
1803 1273 1842 1312 ει-

190 1346 290 1408 torum,
306 1355 361 1395 non
372 1348 487 1396 mortem
497 1339 622 1412 inquiris.
634 1342 742 1398 Placent
752 1342 809 1408 tibi,
823 1343 949 1411 Domine,
962 1351 990 1399 ut
1040 1342 1222 1398 hortationem
1245 1341 1387 1409 lecissem;
1403 1351 1430 1398 ει
1448 1342 1587 1415 quomodo
1611 1343 1714 1399 anima
1728 1343 1773 1401 rel
1788 1360 1843 1400 caro

189 1427 339 1497 justificare
364 1443 415 1484 nos
429 1444 446 1484 a
460 1429 591 1500 peccatis,
618 1438 644 1485 et
668 1430 754 1487 salute
776 1438 880 1487 aeterna
899 1431 990 1488 salvos
1040 1430 1232 1502 obtemperare
1247 1431 1346 1487 debeat
1360 1430 1468 1497 rationi,
1480 1431 1682 1500 ostendissem,
1696 1431 1797 1489 obnixe
1807 1447 1844 1488 ra

190 1531 242 1572 nos
256 1515 346 1572 iecere
361 1516 493 1588 digneris.
510 1517 658 1574 Audientes
672 1535 740 1591 ergo
756 1520 874 1591 eloquia,
890 1521 989 1593 quibus
1038 1518 1109 1592 gasti
1124 1526 1152 1574 ut
1167 1535 1199 1575 ea
1213 1535 1274 1591 quae
1288 1519 1381 1574 verbis
1394 1534 1597 1590 expresseram,
1609 1520 1844 1592 scriptntibidiri-

191 1603 323 1660 beneficia
337 1605 396 1675 ejus
411 1606 455 1661 uel
472 1605 634 1673 referuntur,
648 1607 695 1663 ael
712 1608 916 1678 promittuntur,
937 1609 1025 1694 (ιε-Β
1039 1623 1177 1679 geremus.
1193 1607 1386 1663 Animadverte
1400 1606 1625 1678 igiturduoesse,
1637 1625 1677 1664 ex
1689 1609 1843 1681 quibusho-

190 1692 287 1748 bemus
298 1693 532 1765 (sicuthpostolus
543 1696 990 1769 docettabaeaaremtltoitaera-
1040 1711 1085 1750 mo
1100 1701 1215 1764 constet,
1241 1694 1346 1752 seilicet
1366 1695 1486 1751 ananam
1504 1702 1530 1751 ει
1544 1710 1662 1768 corpus.
1682 1697 1743 1752 Sed
1756 1712 1842 1752 rursus

192 1783 531 1854 tiormmoetiorae(Color.
544 1799 573 1849 ιι,
586 1787 624 1855 7).
641 1784 696 1840 Sed
711 1785 818 1840 enimus
833 1785 950 1840 amantis
964 1794 990 1842 ει
1040 1783 1139 1850 anima,
1155 1799 1211 1838 non
1231 1783 1341 1855 quidem
1358 1782 1497 1851 dividitur,
1514 1783 1564 1839 sed
1577 1783 1608 1839 in
1622 1784 1686 1841 duo
1702 1784 1843 1859 distinqui·

190 1869 383 1938 desiderantis,
417 1873 558 1944 premissa
585 1873 732 1944 gratiarum
762 1873 884 1942 actione,
909 1875 990 1930 dehet
1044 1878 1096 1937 tur,
1114 1871 1143 1926 id
1167 1870 1250 1927 estin
1268 1871 1385 1926 animam
1400 1871 1576 1943 etspiritum.
1592 1872 1645 1928 Est
1662 1880 1762 1929 autern
1776 1890 1843 1947 que·

190 1959 270 2013 etiam
285 1975 384 2030 preces
398 1960 527 2028 subdere,
543 1968 572 2015 ut
582 1961 810 2032 promissionibus
819 1963 877 2032 ejus
888 1962 988 2034 dignus
1039 1959 1102 2014 dam
1118 1958 1160 2015 vis
1173 1959 1269 2015 animae
1283 1959 1407 2027 inferior,
1423 1976 1483 2032 quae
1496 1959 1615 2017 vivificat
1625 1969 1656 2017 ει
1668 1970 1784 2034 vegetet
1792 1978 1845 2018 eor·

191 2047 337 2104 efficiatur.
364 2048 417 2118 Qui
438 2048 511 2104 enim
536 2050 673 2106 audiendo
697 2051 803 2122 eloquia
827 2050 928 2118 divine,
954 2051 989 2106 ad
1038 2064 1101 2119 pus,
1119 2055 1145 2102 et
1161 2048 1251 2103 carnis
1272 2048 1399 2104 sensibus
1415 2048 1507 2105 lavans
1522 2065 1574 2120 per
1589 2050 1726 2107 carnales
1740 2050 1843 2108 delicias

190 2135 333 2204 orandum,
351 2137 396 2193 vel
418 2137 594 2204 laudandum,
619 2138 663 2193 vel
677 2139 825 2194 amandum
844 2140 930 2195 Deum
944 2139 988 2194 in·
1039 2135 1218 2192 immoderate
1238 2136 1359 2192 dellucre
1373 2136 1454 2208 gestit
1471 2154 1478 2191 ι
1495 2153 1556 2208 quae
1571 2137 1600 2192 in
1616 2136 1778 2210 seripturis
1790 2139 1844 2194 ani·

192 2224 355 2293 flammatur,
384 2226 520 2282 veraciter
531 2233 621 2297 potest
641 2226 733 2282 dicere
747 2227 820 2299 quod
834 2227 861 2282 in
877 2227 989 2283 Cantica
1039 2240 1082 2278 mn
1097 2233 1278 2295 nuncupatur,
1296 2241 1329 2280 eo
1343 2226 1417 2298 quod
1428 2224 1537 2292 animet,
1549 2225 1579 2282 id
1589 2233 1645 2293 est,
1657 2226 1780 2284 vivificet
1790 2243 1844 2284 ocr-

190 2311 360 2369 canticorum
375 2314 558 2384 scriptumest
574 2329 580 2368 :
597 2316 936 2388 Animomealiqaetocto
947 2321 989 2372 est
1039 2328 1101 2384 pus.
1128 2312 1296 2382 Quibusdam
1310 2321 1401 2369 autem
1416 2314 1525 2385 placuit,
1542 2322 1572 2369 ut
1587 2331 1665 2383 eam,
1683 2317 1844 2372 sensualita-

190 2400 286 2470 (Corrt.
303 2417 333 2469 v,
348 2404 387 2472 6),
403 2401 430 2457 id
446 2409 497 2470 est,
507 2403 534 2458 in
542 2403 680 2475 lacrymas
690 2404 792 2460 amoris
805 2404 923 2460 resolute
935 2412 987 2461 est.
1039 2407 1093 2456 tem
1110 2401 1288 2472 appellarent.
1304 2401 1338 2456 Ει
1353 2401 1501 2457 secundum
1515 2403 1589 2458 hanc
1603 2418 1665 2459 non
1687 2403 1844 2460 distamusn

189 2489 251 2546 Soio
264 2506 317 2562 ego
342 2491 504 2562 prudentem
519 2493 673 2562 quemdam,
687 2501 713 2547 et
728 2493 885 2566 religiosum
900 2494 987 2550 virum
1040 2489 1194 2559 pecoribus,
1211 2489 1271 2562 quia
1287 2497 1314 2545 et
1326 2505 1426 2562 pecore
1442 2490 1559 2545 animam
1575 2490 1698 2561 habent,
1714 2509 1776 2566 quae
1789 2491 1841 2549 mb-

189 2577 291 2634 dirisse
308 2597 314 2633 :
331 2578 462 2644 Spiritum
486 2580 585 2636 Christi
608 2597 662 2636 non
684 2582 774 2649 habet,
791 2582 836 2653 qui
851 2581 988 2638 audiendo
1039 2584 1083 2633 vel
1097 2585 1123 2633 el
1137 2577 1254 2634 vivificat
1269 2594 1380 2649 carpat,
1397 2586 1423 2634 el
1438 2577 1540 2650 appelit
1548 2579 1754 2649 conducibilia,
1766 2590 1792 2637 ει
1800 2597 1842 2637 ac·

188 2667 271 2723 vcrba
286 2668 396 2731 Christi,
420 2686 475 2724 non
489 2670 577 2725 ardet.
595 2670 647 2725 Sed
664 2670 709 2741 qui
723 2671 776 2726 hoc
789 2670 864 2738 dixit,
881 2671 989 2728 videtur
1038 2665 1082 2721 xia
1096 2665 1174 2738 fagil.
1192 2667 1243 2721 Est
1261 2675 1352 2722 autem
1367 2666 1489 2739 quedam
1504 2666 1647 2740 visipsius
1658 2669 1760 2726 animae
1770 2686 1842 2742 supe·

187 2755 254 2810 niul
267 2757 320 2811 noc
335 2757 407 2827 quoa
422 2757 450 2811 in
464 2773 495 2813 se
510 2758 653 2824 sentiebat,
664 2759 813 2815 aestimasse
824 2760 858 2815 de
869 2760 985 2828 ceteris,
1038 2754 1105 2821 rior.
1122 2771 1182 2827 quae
1196 2755 1307 2827 spiritus
1322 2754 1367 2811 vel
1381 2755 1450 2810 ratio
1464 2754 1574 2822 dicitur.
1589 2772 1646 2828 per
1662 2774 1750 2830 quen
1764 2758 1843 2814 deu-

189 2844 261 2916 quod
284 2844 425 2916 proprium
446 2852 488 2900 est
511 2846 650 2901 homiuum
664 2847 782 2902 maxime
797 2847 985 2919 plurimorum.
1039 2859 1099 2898 mus
1113 2858 1129 2898 a
1143 2843 1288 2914 pecoribus
1305 2859 1312 2899 :
1328 2844 1479 2901 seeundum
1494 2859 1576 2916 quam
1591 2844 1705 2904 scilieet
1720 2847 1756 2903 ad
1778 2847 1841 2904 ima·

187 2933 249 3005 Ego
272 2947 339 2990 vero
361 2934 451 2990 sciens
468 2935 568 2990 multos
583 2935 665 2991 etiem
679 2935 766 2991 bonos
781 2944 808 2991 ει
819 2936 908 3006 justos
923 2938 986 2992 nul·
1038 2931 1130 3004 ginem
1145 2931 1195 2988 Dei
1217 2931 1280 2989 lacti
1304 2949 1408 3000 sumus,
1425 2931 1487 3006 quia
1502 2948 1553 3004 per
1566 2934 1645 2991 hane
1661 2934 1737 2992 inter
1750 2936 1842 2993 bonnm

187 3022 242 3078 lam
255 3022 359 3080 habere
374 3024 417 3078 vel
440 3038 531 3079 ramrn
554 3023 671 3095 gratiam
686 3024 880 3096 laerymarum,
895 3026 930 3081 ad
944 3033 988 3081 ta-
1038 3031 1064 3078 et
1079 3021 1192 3089 malurn,
1208 3031 1235 3077 ει
1249 3021 1319 3077 inter
1338 3021 1496 3077 Creatorem
1508 3027 1730 3098 creaturamque
1744 3024 1841 3081 dimer-

186 3110 252 3167 lium
265 3111 481 3168 consolationem
495 3112 566 3169 dico.
580 3112 990 3185 QuidamenimdiliguntChri-
1038 3111 1138 3166 nimus.
1167 3111 1232 3166 llaee
1260 3109 1320 3176 tria,
1350 3108 1453 3165 scilicet
1482 3107 1608 3180 spiritum
1639 3111 1691 3183 qui
1714 3112 1840 3186 intelqt,

187 3207 259 3254 stum
279 3199 386 3255 ardenti
409 3200 548 3257 charitatis
573 3200 670 3258 allecta
687 3220 694 3256 ι
711 3202 821 3274 quidam
842 3218 897 3258 non
922 3219 988 3258 sen·
1038 3199 1156 3254 animam
1179 3215 1240 3270 quae
1262 3195 1386 3265 vivificat,
1410 3213 1509 3269 corpus
1533 3197 1611 3268 quod
1628 3198 1841 3270 vivificatur,ih

187 3288 257 3343 tiunt
277 3286 387 3359 quidem
401 3305 530 3360 magnum
544 3288 671 3346 ellectum
683 3289 838 3347 dilectionis
853 3291 922 3360 ejus,
938 3291 989 3346 sed
1038 3287 1158 3344 unoloeo
1168 3285 1840 3363 distinquithpostclus,dieens:lmteqerrpa'rilas

187 3376 334 3432 ostendunt
358 3392 418 3432 eam
440 3377 468 3432 in
490 3378 580 3450 operis
595 3377 704 3435 effectu.
721 3379 761 3434 De
775 3378 809 3433 iis
823 3380 882 3451 ipse
897 3379 986 3436 dicit:
1038 3380 1138 3441 vester,
1155 3380 1182 3431 et
1193 3375 1302 3441 enimn,
1313 3375 1523 3446 etcorpassine
1534 3376 1669 3446 querele,
1680 3377 1716 3433 im
1726 3379 1839 3435 αιὶιιειιιι

187 3464 241 3532 Qut
251 3463 333 3520 habet
343 3465 481 3522 mandata
491 3481 565 3533 men,
577 3470 708 3522 etseroot
717 3482 759 3535 eo,
772 3465 817 3522 bia
831 3471 874 3523 est
885 3469 933 3540 qui
942 3468 987 3523 di·
1037 3465 1151 3521 Domini
1161 3463 1251 3520 nostri
1261 3465 1326 3519 lesu
1338 3461 1442 3518 Christi
1451 3465 1581 3519 servetur
1591 3463 1620 3535 (1
1637 3465 1736 3523 Thess.
1752 3482 1780 3532 r,
1789 3468 1836 3534 ιι).

189 3553 255 3624 liqit
264 3569 309 3610 me
328 3554 420 3624 (loom.
437 3569 493 3620 xiv,
505 3557 562 3626 tl).
577 3555 612 3609 Et
626 3554 724 3611 iterum
740 3571 747 3611 :
764 3556 794 3612 Si
810 3557 872 3628 qais
893 3556 988 3628 dilipit
1037 3550 1189 3623 Principale
1204 3551 1294 3622 itaque
1308 3558 1442 3619 nostram,
1459 3550 1572 3622 spiritus
1586 3558 1644 3624 est,
1654 3553 1704 3627 qui
1718 3561 1747 3611 ει
1759 3569 1836 3617 mens,

187 3659 242 3709 me,
259 3659 418 3699 sermnem
428 3658 523 3699 meam
534 3642 822 3713 servabitlilrid.‚23);
833 3644 906 3699 unde
918 3643 987 3699 Cre·
1038 3640 1158 3706 stratio,
1175 3647 1201 3695 et
1216 3639 1322 3695 animus
1342 3639 1440 3695 dicitur
1456 3653 1463 3693 :
1477 3654 1529 3694 nec
1542 3646 1585 3695 est
1610 3639 1723 3714 aliquid
1737 3642 1837 3713 abipsa

186 3731 281 3803 gorius
298 3749 305 3785 :
323 3731 476 3787 «Probatio
489 3731 651 3798 dilectionis,
666 3730 795 3787 exhibitio
805 3741 847 3787 est
859 3731 985 3802 operis.»
1038 3729 1127 3783 anime
1152 3728 1299 3794 diversum,
1320 3728 1370 3784 sed
1394 3727 1525 3800 quiddam
1548 3727 1640 3799 ipsius
1655 3731 1759 3788 animae
1773 3728 1837 3803 qaod

186 3820 217 3874 ln
231 3828 350 3890 persona
375 3833 485 3891 quoque
506 3819 623 3889 illorum,
649 3820 696 3891 qui
720 3819 856 3874 Christum
880 3819 987 3876 ardenti
1038 3817 1120 3873 debet
1139 3816 1300 3888 presidere.
1324 3815 1440 3873 Inferius
1460 3824 1551 3872 autern
1573 3825 1707 3874 nostrum
1720 3826 1773 3889 est,
1786 3819 1837 3890 ipsa

185 3906 285 3963 affectu
298 3907 425 3979 diligunt,
438 3907 594 3962 dictumest
610 3922 617 3962 ε
635 3908 874 3975 Quemadmodum
884 3909 987 3964 deside·
1037 3905 1093 3961 vita
1107 3904 1242 3977 corporis,
1257 3905 1288 3960 id
1299 3913 1340 3961 est
1353 3904 1452 3972 anima,
1469 3921 1529 3977 quae
1543 3903 1630 3960 etiam
1646 3907 1713 3979 quia
1727 3906 1836 3965 carnalia

185 3999 233 4051 rot
243 4011 341 4051 cereas
349 3995 487 4067 adfantes
498 4011 638 4067 equarum
649 3997 737 4065 (Prot.
753 4011 811 4066 xer,
823 3996 860 4063 ιιι,
872 4004 924 4052 ειε.
937 3998 987 4052 De·
1037 3993 1157 4066 appetit,
1182 4009 1248 4049 earo
1267 3993 1432 4049 nominatur.
1456 3993 1535 4050 Unde
1558 3993 1716 4065 Apostolus
1732 4014 1740 4052 ι
1756 3997 1837 4054 emo

1293 780 1331 834 De
1345 779 1473 836 custodio
1487 777 1591 835 cordis.

185 4083 268 4156 nique
282 4082 355 4154 dico,
381 4083 444 4155 quia
467 4090 543 4139 tanto
563 4084 679 4156 quisque
702 4084 800 4140 melior
814 4095 866 4155 est,
878 4093 904 4140 et
920 4101 987 4140 san·
1036 4085 1126 4139 seroie
1143 4083 1197 4153 leqi
1211 4084 1271 4148 Dei,
1282 4098 1369 4138 corae
1379 4086 1486 4149 aulem,
1501 4082 1680 4155 lepipeceeli
1690 4086 1783 4156 (Rom.
1794 4097 1835 4150 ιιι,

185 4173 264 4240 atior,
282 4180 382 4245 quanto
391 4172 427 4228 ad
437 4172 594 4240 amandum,
612 4180 638 4229 et
649 4173 827 4245 querendum
838 4175 925 4229 Deum
936 4174 987 4230 de·
1036 4171 1093 4243 ab).
1106 4172 1140 4226 Et
1149 4170 1246 4227 iterum
1258 4188 1265 4226 ι
1279 4171 1349 4228 Coro
1359 4171 1534 4243 concupiscit
1544 4170 1686 4230 adversas
1696 4175 1834 4247 spiritam

186 4260 274 4317 votior
288 4269 330 4316 est
344 4268 426 4333 atque
440 4260 597 4317 ferventior.
613 4261 684 4316 Nam
698 4262 768 4319 sieut
783 4262 920 4318 orationes
933 4262 986 4316 ali·
1037 4264 1065 4316 et
1075 4260 1196 4332 spiritus
1206 4260 1464 4315 aduersorcerrtem
1479 4258 1552 4328 (Gal.
1569 4274 1597 4326 r,
1616 4261 1679 4331 Π).
1695 4260 1836 4318 Caroeam

186 4349 296 4421 quando
321 4349 402 4415 l'atri,
422 4348 566 4422 aliquando
590 4349 731 4406 offerimus
752 4350 865 4422 Spiritui
879 4358 985 4416 sancto,
997 4343 1023 4403 Ι)
1037 4349 1103 4403 nibil
1118 4348 1177 4404 sinc
1191 4347 1280 4402 anima
1295 4347 1472 4418 concupiscit.
1488 4346 1622 4404 Ultimum
1637 4364 1709 4405 vero
1723 4358 1836 4406 nochum

186 4436 236 4493 sed
251 4436 427 4508 frequentiori
442 4455 493 4494 usu
513 4437 665 4495 offeruntur
679 4439 763 4507 Patri,
775 4440 942 4511 perFilium,
958 4439 986 4494 in
1036 4445 1077 4493 est
1091 4452 1200 4508 corpus,
1216 4436 1289 4508 quod
1315 4444 1357 4491 est
1379 4435 1461 4491 etiam
1483 4434 1601 4492 visibile.
1621 4436 1706 4510 Saepe
1730 4438 1837 4496 remita

185 4526 285 4597 Spiritu
299 4535 404 4594 sancto,
422 4527 459 4582 ita
472 4528 542 4583 etde
553 4528 704 4600 gratiarum
716 4527 985 4584 actioneiaciendum
1035 4527 1182 4598 loquuntur
1201 4525 1356 4596 Scripturas,
1371 4532 1400 4580 ut
1414 4524 1466 4582 bac
1479 4522 1660 4582 ᾱίιιιὶιιειίοιιε
1674 4543 1736 4584 non
1749 4528 1836 4585 obser·

187 4619 238 4679 est,
255 4611 363 4668 dicente
383 4611 516 4683 Apostolo
533 4629 539 4669 :
559 4613 670 4669 Cratior
688 4617 803 4684 mentes
824 4614 879 4669 Deo
893 4615 984 4680 Petri,
1036 4623 1108 4680 vata,
1124 4621 1150 4670 et
1165 4614 1224 4669 solo
1237 4612 1347 4670 nomine
1362 4612 1469 4678 anima,
1486 4612 1710 4672 etaoloncmine
1720 4616 1834 4689 spiritns,

185 4716 237 4772 per
247 4702 340 4774 ipsam
356 4701 426 4770 (Col.
443 4716 484 4767 m,
503 4703 557 4771 ll),
574 4701 601 4755 id
617 4708 668 4771 est,
679 4717 730 4772 per
740 4701 884 4757 Christum.
897 4700 986 4770 Quaa-
1036 4710 1180 4776 utrumque
1194 4701 1275 4757 simul
1288 4700 1466 4773 significetur.
1482 4700 1619 4758 Dominus
1633 4702 1713 4759 enim
1727 4703 1834 4761 dicendo

187 4795 244 4844 tum
259 4804 325 4846 vero
340 4789 415 4861 potui
430 4789 549 4860 experiri
562 4797 708 4861 utrumque
722 4790 871 4862 negotium,
889 4789 987 4845 orandi
1036 4791 1064 4846 ia
1078 4791 1228 4862 Evangelio
1245 4805 1251 4845 :
1267 4791 1400 4846 Ariimam
1414 4805 1588 4862 meomporao
1598 4807 1654 4862 pro
1664 4793 1834 4851 euibacmeir

186 4877 291 4935 seilicet
309 4885 336 4932 et
349 4876 452 4951 gratias
471 4877 580 4948 agendi,
607 4877 705 4934 melius
718 4879 773 4951 agit
788 4879 904 4951 quisque
917 4878 984 4947 suis,
1036 4881 1127 4950 (loon.
1140 4894 1169 4949 x,
1181 4882 1235 4949 lt),
1246 4879 1418 4935 uuonomine
1428 4877 1712 4940 auima,illudtotum
1721 4882 1795 4955 quod
1804 4886 1834 4937 ιιι

185 4966 280 5033 idest,
297 4967 331 5022 de
345 4966 439 5021 intimo
455 4966 538 5022 corde
558 4966 681 5037 prolatis,
698 4983 779 5038 quam
793 4967 908 5023 aliorum
922 4984 985 5023 ver·
1036 4967 1127 5023 anbna
1136 4976 1162 5023 et
1170 4966 1282 5039 spiritus
1291 4967 1455 5043 designauit.
1468 4965 1591 5022 Dicendo
1600 4972 1779 5042 quoque:lrt
1788 4986 1833 5026 me·

187 5055 239 5111 bis.
264 5055 334 5109 Nam
355 5070 444 5127 neque
469 5054 498 5108 in
521 5055 661 5119 oratione,
675 5070 766 5127 neque
787 5055 815 5110 in
835 5055 985 5127 gratiarum
1036 5074 1090 5113 aas
1103 5057 1482 5129 tuoscommeodospiritum
1490 5070 1586 5112 meam
1598 5057 1682 5125 (lae.
1695 5059 1830 5126 urmlt‘t

186 5142 292 5199 actione
306 5144 436 5216 quaeritur
450 5143 596 5199 verborum
611 5151 731 5213 ornatus,
748 5144 798 5200 sed
812 5143 910 5200 mentis
925 5143 987 5200 elie·
1036 5161 1091 5201 non
1099 5145 1220 5216 spiritum
1229 5145 1264 5200 ab
1274 5144 1365 5200 anima
1373 5143 1542 5217 distinguere
1552 5143 1650 5212 voluit,
1663 5147 1720 5202 sed
1731 5163 1783 5203 uno
1792 5143 1831 5216 spi

187 5239 256 5288 etus.
274 5232 322 5287 Cui
346 5240 436 5288 autem
462 5249 510 5289 sua
525 5232 607 5288 verba
621 5248 677 5288 non
690 5240 845 5305 suppetunt,
862 5234 984 5304 psahnis,
1036 5234 1102 5289 ritus
1115 5233 1226 5289 nomine
1237 5241 1382 5305 utrumque
1394 5231 1535 5304 expressit.
1555 5231 1645 5303 Igitur
1655 5231 1829 5306 quandoririt

188 5328 214 5376 el
227 5320 288 5376 aliis
301 5320 400 5392 quibus
409 5327 499 5391 potest
509 5321 598 5376 modis
608 5329 678 5386 oret,
687 5328 714 5376 ct
724 5322 826 5393 gratias
834 5331 906 5394 agat.
923 5323 986 5378 Feci
1035 5324 1117 5377 homo
1132 5322 1281 5378 secundum
1297 5337 1413 5393 corpus,
1429 5319 1546 5377 carnalis
1561 5319 1607 5376 vel
1620 5321 1751 5378 animalis
1762 5335 1827 5378 rom·

191 5409 326 5480 siquidem
340 5409 413 5480 quod
429 5408 514 5478 potui,
531 5409 600 5465 sicut
614 5409 717 5481 petisti.
728 5409 868 5465 Violentus
879 5426 918 5466 es.
931 5411 987 5467 Uti·
1036 5418 1089 5466 tur.
1107 5410 1239 5478 Cnrnalis,
1255 5410 1318 5482 <quia
1333 5409 1454 5467 carnalia
1468 5415 1605 5477 sectatur3
1622 5407 1754 5466 animalis
1766 5422 1826 5470 vero,

190 5512 253 5564 narn
265 5499 318 5555 hac
331 5496 461 5555 violentia
475 5512 589 5571 regnum
603 5498 736 5555 coelormn
749 5498 867 5570 diripere
880 5514 986 5571 merea·
1037 5499 1100 5583 quia
1114 5498 1201 5557 lertur
1215 5499 1346 5556 dissoluta
1361 5497 1471 5557 hcentia
1489 5497 1588 5554 anime
1602 5514 1673 5568 ause,
1691 5514 1774 5573 quem
1785 5508 1826 5553 noa
