3742 5986
606 225 777 285 GUIGONIS
796 227 808 281 1
827 222 1030 281 CARIIIUSIAE
1049 221 1197 279 hatonis
1216 220 1354 278 PRIORIS
1375 219 1411 275 V.
1480 305 1481 309 ἵ

766 348 1029 407 CAPITULUII
1063 346 1270 403 LXXVIII.

807 475 845 530 De
859 488 978 531 numero
997 473 1199 530 ltabt'tatorum.

217 579 243 630 1.
258 575 393 630 Numerus
408 571 591 629 habitatorum
607 571 686 641 buius
700 571 792 638 eremi,
808 570 1005 627 monachorum
1019 570 1129 642 quidem
1144 566 1277 625 tredecim
1296 573 1347 633 est,
1373 580 1429 621 uon
1444 562 1516 635 quod
1541 576 1652 634 semper
1673 565 1713 616 tot
1742 557 1833 625 simus,

181 671 335 729 nuncenim
353 685 408 725 non
423 685 517 724 sumus
532 675 580 736 tot,
601 667 650 723 sed
665 667 739 739 quod
749 675 799 733 tot,
815 667 838 722 si
853 667 926 724 Deus
940 682 988 722 eos
1001 666 1116 733 miserit,
1132 665 1270 736 suscipere
1294 661 1470 718 instituimus.
1500 658 1554 717 Sed
1569 667 1595 716 et
1610 658 1634 714 si
1652 657 1718 713 talis
1746 654 1836 727 aliquia

180 786 261 837 nnus,
276 769 353 838 cujus
368 767 470 822 utilitas
484 776 511 822 et
525 768 655 822 honestas
672 764 797 822 videatur
812 765 856 822 vix
871 780 953 837 posse
967 762 1133 836 recuperari,
1147 761 1363 818 misericordiam
1378 757 1573 833 postulaverit,
1588 755 1706 813 addetur
1720 761 1750 809 et
1763 767 1835 824 quar·

179 874 222 923 tus
236 865 368 934 decimus,
381 864 404 919 si
414 873 503 920 tamen
520 861 633 920 facultas
643 862 740 920 domus
759 862 876 920 tolerare
900 877 982 934 posse
995 861 1142 938 putabitur.

858 984 1146 1043 COMMENTARIUS.

179 1087 325 1161 pristinum
341 1092 439 1141 statum
462 1085 590 1156 expulsus
606 1091 653 1140 aut
675 1082 806 1157 fugitivus
824 1083 982 1139 admittere·
992 1096 1019 1157 g
1034 1089 1122 1138 cerate
1133 1079 1261 1145 discolos,
1277 1086 1304 1134 et
1328 1078 1413 1134 satius
1442 1085 1485 1135 est
1510 1084 1540 1133 ut
1567 1075 1658 1135 vitiosi
1682 1076 1761 1133 intra
1777 1091 1834 1133 aaa·

179 1185 233 1246 tur,
250 1175 328 1231 fieret
342 1173 468 1245 probatio
483 1173 650 1242 humilitatis,
667 1180 698 1227 ut
712 1189 745 1228 ex
762 1171 877 1243 probata
895 1171 986 1226 humi·
1035 1169 1148 1225 nasterii
1163 1176 1241 1238 septa
1256 1165 1355 1223 reclusi
1373 1166 1594 1238 comprImantur,
1610 1180 1693 1239 quam
1713 1165 1788 1221 utin
1809 1165 1837 1220 li·

180 1265 255 1321 litate
268 1262 371 1320 veritas
387 1260 574 1318 conversionis
584 1267 791 1334 agnosceretur.
811 1261 841 1315 lu
853 1275 907 1331 qua
919 1274 986 1330 pro·
1036 1259 1140 1314 bertute
1163 1256 1246 1328 positi
1266 1255 1408 1327 pristinum
1428 1255 1491 1311 vitae
1511 1253 1670 1311 austerioris
1695 1270 1781 1310 usum
1793 1269 1837 1328 per

180 1353 301 1421 batione,
318 1351 440 1406 adinstar
462 1351 520 1418 ejns
537 1366 597 1421 quae
613 1347 640 1403 fit
655 1349 683 1403 in
703 1347 811 1403 novitiis
840 1355 1009 1419 autequam,
1039 1347 1164 1402 vitiosam
1188 1344 1424 1401 conversationem
1449 1358 1630 1414 compensare
1651 1343 1790 1399 sinantur.

180 1440 215 1497 ad
229 1438 430 1512 professionem
445 1437 621 1492 admittantur
635 1435 798 1506 faciendum,
819 1432 986 1491 credendum
1071 1434 1113 1490 dd
1128 1435 1186 1490 hmo
1200 1433 1265 1506 quid
1284 1431 1530 1504 respondebimus?
1542 1433 1632 1489 Unum
1651 1438 1762 1487 mutum
1777 1430 1837 1486 mibi

186 1526 315 1600 estquod
340 1527 363 1581 si
387 1525 560 1592 defecissent,
587 1525 685 1580 iterum
704 1524 776 1596 pulsi
796 1523 920 1590 fuissent,
935 1538 987 1580 nec
1035 1523 1163 1592 occurrit,
1180 1523 1254 1578 salvo
1268 1521 1372 1578 meliori
1383 1520 1495 1591 judicio,
1520 1520 1718 1589 objiciendum.
1735 1518 1837 1577 Occar-

181 1616 217 1673 ad
231 1615 341 1688 plenam
355 1613 603 1671 reconciliationem
620 1613 648 1668 in
668 1613 762 1669 ordine
790 1611 914 1668 admissi.
1034 1619 1095 1667 runt
1114 1611 1181 1668 certi
1203 1626 1294 1675 casus,
1317 1609 1458 1682 inquibus
1482 1624 1579 1665 revera
1607 1608 1759 1664 ordinibus
1784 1622 1838 1664 mc·

218 1707 382 1772 sinautem,
393 1702 507 1758 dabatur
520 1703 546 1759 ei
561 1702 688 1769 licentia,
705 1701 840 1757 etc.Tunc
850 1698 985 1772 argolici·
1034 1698 1146 1756 nastieis
1160 1699 1239 1756 valde
1250 1697 1467 1770 compatiendum
1483 1705 1534 1764 est,
1557 1705 1583 1753 et
1610 1697 1640 1752 in
1654 1696 1760 1770 quibus
1774 1711 1837 1770 pra·

181 1802 240 1851 tum
255 1799 314 1850 erat
331 1790 439 1864 propria
459 1790 620 1847 auctoritate
640 1790 705 1846 dare
726 1789 864 1846 licentiam
893 1796 985 1844 trans·
1034 1788 1103 1845 visio
1114 1788 1205 1859 aliqua
1224 1788 1259 1844 de
1280 1786 1451 1857 convententi
1466 1785 1587 1842 ramedio
1600 1786 1727 1858 optanda
1750 1793 1837 1852 esset;

182 1881 267 1941 cundi
284 1880 319 1937 ad
334 1880 416 1935 alium
430 1879 565 1946 ordinem,
577 1879 650 1952 quod
659 1893 730 1934 nunc
740 1893 794 1933 non
804 1876 877 1933 licet.
1035 1883 1061 1934 et
1074 1877 1103 1932 hi
1117 1892 1197 1933 casus
1207 1893 1240 1932 ex
1255 1875 1415 1948 deceptione
1424 1874 1585 1947 procedunt,
1601 1881 1685 1947 atque
1701 1891 1738 1931 ea
1753 1889 1836 1932 saecu·

217 1972 248 2026 ln
263 1971 314 2026 boc
333 1967 452 2040 capitulo
480 1967 585 2023 videtur
609 1967 698 2039 qualis
726 1975 782 2022 erat
802 1974 865 2022 tuuc
892 1965 986 2037 politia
1034 1965 1131 2022 larium
1154 1980 1230 2021 mera
1249 1964 1338 2036 culpa,
1369 1964 1414 2036 qui
1432 1971 1462 2020 ut
1484 1964 1567 2020 rebus
1586 1963 1644 2018 suis
1662 1963 1835 2035 provideant,

182 2058 342 2124 monastica,
356 2057 417 2126 jure
438 2057 520 2112 etiam
549 2055 660 2128 antiquo
680 2054 813 2111 canonico
828 2053 983 2126 approbata,
1034 2051 1157 2109 infelices
1170 2053 1320 2108 monachos
1338 2052 1430 2109 facere
1445 2052 1563 2108 student.
1579 2050 1649 2108 Sunt
1672 2051 1752 2108 enim
1764 2051 1836 2122 juve·

183 2161 239 2220 qua
252 2145 344 2203 caulas
359 2143 526 2200 monasticas
553 2143 633 2215 primi
661 2144 756 2198 Patres
769 2157 885 2214 purgare
908 2150 986 2213 pote·
1034 2158 1084 2198 nes
1098 2141 1144 2215 qui
1156 2141 1227 2199 vela
1241 2141 1399 2213 parentibus
1416 2140 1529 2208 incitati,
1545 2139 1589 2198 vel
1603 2155 1684 2197 mera
1713 2139 1835 2198 necesti-

183 2241 243 2290 rant
257 2248 274 2289 a
288 2232 419 2289 morbidis
434 2231 540 2301 ovibus,
552 2231 741 2303 reliquumque
756 2245 868 2303 gregem
888 2231 985 2285 immu-
1034 2238 1088 2286 tete
1102 2230 1202 2302 pressi,
1226 2229 1271 2287 rel
1292 2229 1351 2285 aliis
1379 2228 1488 2285 motivis
1509 2244 1585 2286 mere
1598 2229 1732 2285 humanis
1753 2228 1833 2296 ducti,

183 2338 247 2379 nem
262 2321 379 2378 reddere
393 2335 409 2376 a
424 2327 463 2375 tot
481 2319 598 2386 damnis,
616 2319 803 2376 vexationibus
826 2327 853 2374 et
867 2318 985 2391 scanda-
1034 2319 1144 2374 veniunt
1158 2317 1397 2374 admonasterinm
1416 2316 1520 2390 absque
1538 2316 1594 2374 ulla
1609 2317 1759 2375 vocatione
1779 2332 1835 2375 οω-

181 2411 226 2482 lis,
247 2426 281 2467 eu
301 2407 466 2465 discolarum
492 2407 583 2480 tepida
612 2416 659 2464 aut
681 2407 752 2464 mala
776 2407 984 2464 conversatione
1033 2405 1104 2476 IestI,
1127 2407 1174 2462 ubi
1197 2422 1246 2478 per
1272 2421 1374 2462 annum
1401 2405 1546 2463 novitiatus
1559 2422 1589 2463 se
1616 2405 1793 2474 cohibentes,
1806 2418 1837 2463 ac

181 2498 416 2573 provenientibus.
431 2498 473 2553 Ex
488 2512 541 2569 qua
555 2496 718 2569 purgatione
734 2505 838 2553 certum
848 2504 889 2551 est
903 2495 985 2552 disci·
1034 2494 1101 2551 satis
1110 2495 1235 2551 modeste
1252 2503 1278 2550 et
1292 2494 1421 2568 religiose
1442 2495 1575 2563 viventes,
1595 2503 1767 2552 conventum
1781 2493 1837 2568 qni·

184 2588 289 2660 plinam
316 2584 504 2651 monasticam,
531 2593 557 2641 et
581 2585 728 2651 saniorem,
751 2592 778 2640 et
804 2584 943 2657 puriorem
958 2591 985 2640 et
1032 2583 1096 2639 dem
1106 2583 1273 2657 regularem,
1290 2583 1339 2639 sed
1354 2582 1460 2655 seipsos
1475 2583 1564 2657 magis
1578 2598 1662 2655 quam
1677 2582 1752 2640 alios
1765 2582 1835 2640 ded·

182 2674 372 2731 durabiliorem
385 2681 448 2728 tuuc
463 2671 583 2744 potuIsse
605 2672 710 2729 servari
727 2687 733 2727 :
749 2672 884 2728 habebant
911 2673 984 2729 euim
1034 2672 1121 2744 piunt.
1146 2673 1217 2729 Nam
1240 2670 1411 2743 professione
1434 2671 1535 2728 emissa
1563 2671 1672 2744 seipsos
1684 2673 1746 2742 iam
1767 2670 1835 2729 ferra

182 2762 219 2819 ad
233 2777 343 2817 manum
358 2760 509 2816 remedium
524 2759 629 2828 efficax,
641 2776 695 2832 quo
708 2769 820 2831 possent
834 2760 934 2816 malum
949 2759 984 2817 de
1033 2777 1088 2817 non
1103 2759 1234 2829 valentes,
1253 2759 1348 2832 quales
1370 2759 1424 2816 siut
1441 2759 1618 2817 manifestare
1635 2761 1785 2832 incipiunt,
1811 2766 1835 2817 et

181 2850 273 2907 medio
284 2849 325 2905 sui
335 2847 451 2904 auferre.
466 2848 546 2905 Nunc
560 2864 625 2904 vero
635 2848 766 2922 gravibus
781 2848 816 2905 de
843 2848 934 2904 causis
949 2848 984 2905 ad
1033 2864 1084 2920 pro
1099 2847 1157 2905 zelo
1172 2864 1281 2921 semper
1294 2848 1376 2909 invia
1387 2848 1437 2905 Dei
1450 2846 1622 2921 proficiendi,
1637 2847 1834 2907 relaxabanum

179 2938 317 3011 publicum
341 2938 444 2993 honum
465 2943 552 2992 status
566 2944 621 2992 tum
649 2936 838 3003 ecclesiastici,
861 2944 918 2992 tum
941 2935 983 2993 oi·
1033 2937 1243 3009 querendarum
1257 2935 1422 2995 industriam
1444 2937 1621 3006 substituunt,
1635 2944 1664 2994 et
1679 2937 1711 2994 in
1733 2937 1834 3011 praxim

179 3027 251 3093 vilis,
267 3025 475 3098 pertinentibus,
489 3025 703 3096 jurisprudentia
730 3024 775 3079 illa
798 3032 902 3080 mutata
929 3032 981 3093 est,
1033 3025 1167 3082 reducunt
1182 3040 1188 3080 :
1205 3026 1276 3082 circa
1291 3026 1343 3081 ista
1356 3026 1457 3082 damna
1471 3025 1591 3099 lugenda
1606 3033 1634 3084 et
1646 3026 1774 3084 remedia
1800 3025 1835 3082 ela

179 3123 207 3172 et
220 3115 244 3170 si
258 3131 318 3188 quae
332 3130 366 3170 ex
376 3113 473 3169 ovibus
487 3113 520 3168 ad
536 3113 734 3184 professionem
750 3112 836 3170 semel
855 3112 983 3168 admissis
1033 3113 1187 3170 adhibenda
1200 3114 1334 3172 disserere
1348 3113 1515 3183 desinamus,
1536 3114 1585 3172 sed
1612 3115 1690 3188 qnod
1715 3123 1834 3189 nostrum

179 3203 312 3258 morbidae
322 3209 367 3257 aut
380 3202 484 3257 vitiosae
499 3201 574 3272 fiant,
591 3217 652 3258 cum
668 3201 747 3257 bonis
770 3202 867 3257 mixtas
881 3201 910 3256 in
933 3216 982 3257 ea-
1032 3209 1075 3258 est
1088 3201 1181 3259 facere
1196 3218 1334 3260 curemus.

179 3292 243 3348 dem
252 3290 328 3347 caula
342 3304 413 3346 nunc
428 3305 539 3346 servare
555 3290 689 3362 cogImur,
705 3297 829 3347 resecato
850 3289 898 3345 illo
924 3289 982 3360 pri-
1068 3291 1116 3346 llis
1130 3307 1199 3364 ergo
1224 3291 1403 3364 temporibus,
1428 3291 1527 3364 quibus
1553 3291 1712 3349 remedium
1739 3307 1835 3367 purga·

179 3379 251 3436 stiuo
277 3377 447 3452 purgationis
475 3378 608 3448 remedio,
625 3378 698 3450 quod
722 3385 823 3434 tantum
852 3394 885 3433 ex
913 3376 982 3432 raris
1033 3378 1113 3435 tionis
1126 3379 1266 3436 caularum
1286 3388 1441 3437 nostrarum
1455 3380 1576 3437 ablatum
1595 3388 1648 3448 est,
1671 3381 1741 3454 quid
1755 3396 1835 3456 agea-

178 3465 268 3524 causis
283 3480 355 3522 nunc
374 3466 541 3522 conceditur.
1032 3466 1098 3522 dum
1113 3475 1154 3523 est
1168 3468 1183 3522 l
1197 3468 1227 3524 Si
1241 3469 1410 3540 temporibus
1424 3470 1457 3527 R.
1488 3469 1573 3525 Patris
1597 3468 1749 3543 Guigcnis,
1776 3485 1833 3528 cnm

216 3556 342 3626 Magnam
353 3554 417 3610 inde
431 3554 539 3611 cladem
554 3554 633 3609 statui
646 3555 795 3612 monastico
807 3554 932 3612 evenisse
942 3554 982 3611 vi·
1032 3554 1182 3612 remedium
1198 3556 1226 3611 in
1241 3556 1367 3612 manibus
1393 3557 1536 3625 haberent,
1551 3564 1606 3613 tam
1634 3556 1833 3631 circumspecte

180 3644 273 3701 detur.
289 3646 324 3699 At
338 3643 485 3713 majoribus
498 3643 605 3698 damnis
619 3644 727 3700 minora
741 3643 867 3715 postponi
881 3643 983 3701 debere
1032 3643 1104 3700 circa
1118 3644 1301 3716 receptionem
1313 3662 1407 3702 eornm
1422 3646 1469 3718 qui
1487 3645 1617 3704 volebant
1638 3642 1705 3703 fieri
1723 3646 1833 3704 Cartha·

173 3731 415 3801 justissimumest.
431 3731 473 3786 Ex
499 3730 723 3802 multiplicatione
751 3731 823 3787 enim
842 3740 981 3788 monaste·
1032 3732 1112 3801 siani,
1129 3749 1159 3789 se
1173 3734 1317 3806 gerebant,
1332 3733 1415 3807 lange
1439 3734 1663 3806 circumspectius
1679 3743 1709 3792 et
1721 3734 1834 3810 rigidius

178 3820 284 3875 riorum
297 3826 326 3874 et
335 3818 538 3890 religiosorum,
549 3825 630 3890 atque
643 3820 726 3875 etiam
748 3835 781 3875 ex
800 3812 981 3889 majoritum·
998 3798 1093 3876 ocum
1107 3821 1306 3892 postulantibus
1325 3837 1398 3879 nanc
1422 3837 1547 3897 agamus,
1563 3830 1591 3879 et
1604 3822 1682 3879 omni
1705 3823 1833 3880 industria

176 3906 252 3962 litate
266 3905 302 3962 ad
310 3904 670 3977 rebgiosamprofessionem
683 3907 841 3963 admittendi
852 3908 977 3978 juvenes,
1029 3909 1148 3979 probare
1172 3917 1338 3983 satagamus,
1368 3918 1394 3966 et
1417 3911 1487 3968 scira
1501 3926 1538 3967 au
1559 3910 1706 3970 vocatione
1733 3907 1833 3969 coelstli

178 3993 230 4051 sab
256 3993 302 4048 illa
330 3992 430 4049 fiducia
461 3993 534 4065 quod
562 3993 586 4049 si
613 4009 668 4051 non
697 3994 820 4066 religiosi
846 3997 976 4067 viverent,
1029 3996 1147 4067 attracti,
1164 3997 1251 4054 Deum
1264 3998 1292 4053 in
1313 3997 1485 4071 professione
1512 3999 1696 4056 carthusiana
1714 4014 1831 4074 quaerat

176 4088 289 4153 possent
303 4080 613 4152 expelli,multiplicatus
628 4083 761 4138 estetiam
775 4084 980 4141 numerusistc
1029 4085 1150 4152 veniant,
1171 4093 1198 4141 et
1217 4101 1253 4142 an
1271 4086 1463 4157 dispositiones
1477 4087 1513 4144 ad
1527 4102 1611 4144 onera
1637 4087 1747 4145 ordiaris
1773 4101 1831 4160 par·

177 4186 237 4225 rum
248 4169 470 4241 expellendorum
485 4177 512 4226 et
530 4169 713 4240 expulsorum,
731 4171 777 4243 qui
796 4173 832 4228 ad
847 4172 977 4229 saeculum
1028 4173 1112 4228 tanda
1119 4174 1247 4230 habeant.

178 4259 283 4313 reversi
297 4258 450 4315 Ecclesiam
464 4266 491 4313 et
501 4257 617 4314 familias
631 4275 686 4315 non
696 4275 758 4316 raro
777 4276 857 4335 vago,
877 4261 975 4331 otioso,
1064 4262 1150 4318 Poma
1162 4263 1311 4319 humanum
1330 4263 1458 4332 dicendo,
1473 4279 1537 4321 cum
1546 4263 1692 4336 Apostolo,
1722 4271 1830 4337 propter

177 4353 204 4401 et
219 4344 371 4401 inordinato
394 4346 503 4402 vivendi
517 4347 599 4403 modo
622 4347 841 4404 scandalisabant
855 4357 882 4404 et
910 4366 977 4421 per·
1029 4347 1211 4406 infirmitatem
1231 4352 1387 4420 humanam,
1412 4352 1591 4425 quaestiouem
1605 4352 1687 4408 istam
1701 4352 1746 4409 bia
1768 4367 1829 4410 rer-

177 4433 329 4488 turbabant.
347 4432 453 4488 Sensim
482 4446 561 4507 ergo·
574 4443 714 4492 crescente
728 4436 780 4493 isto
794 4453 809 4492 e
837 4447 977 4494 monaste·
1028 4435 1071 4490 bis
1082 4436 1287 4496 concludamus.
1302 4440 1449 4513 Nunquam
1462 4440 1511 4497 fuit
1524 4455 1575 4499 nec
1589 4440 1640 4498 erit
1651 4439 1830 4516 congregatio

179 4520 227 4576 riis
242 4520 415 4591 expulsorum
433 4537 557 4590 numero,
574 4530 600 4578 et
627 4523 756 4580 scandalo
777 4525 886 4596 publico
914 4524 977 4581 inde
1027 4526 1190 4593 monastica,
1206 4528 1403 4598 quantumlibet
1429 4528 1499 4585 bene
1522 4528 1657 4596 ordinata,
1679 4545 1743 4602 quas
1770 4543 1828 4586 cum

177 4617 323 4680 augmenta
337 4618 508 4680 capescente,
530 4611 632 4666 sensim
646 4611 726 4667 etiam
741 4612 826 4668 crevit
845 4613 978 4670 Ecclesia
1028 4609 1107 4666 bonis
1123 4620 1150 4669 et
1164 4614 1348 4672 mediocribus
1364 4615 1471 4689 ailquos
1489 4632 1545 4674 non
1569 4617 1670 4673 haheat
1688 4617 1736 4690 qui
1751 4631 1829 4675 voca-

177 4697 289 4753 attentio
302 4696 335 4751 ad
347 4698 460 4767 januam
476 4697 642 4769 expulsionis
656 4700 866 4758 occludendum.
1027 4697 1108 4755 donis
1123 4717 1178 4756 suae
1188 4702 1306 4776 gratiam
1320 4720 1353 4760 ex
1368 4704 1447 4777 culpa
1461 4720 1509 4760 sua
1522 4704 1697 4778 neglexerint
1709 4705 1755 4764 vel
1768 4704 1820 4765 ami

213 4784 241 4841 Si
255 4785 290 4841 de
305 4785 358 4842 hac
372 4802 400 4842 re
419 4801 627 4858 conqueramur,
650 4788 859 4860 respondebitur
872 4789 952 4846 nobis
967 4807 975 4846 ε
1027 4787 1121 4844 serInt.
1137 4790 1178 4845 Ex
1192 4792 1245 4848 hoc
1260 4793 1348 4864 capite
1363 4800 1391 4849 et
1409 4793 1462 4850 alio
1490 4793 1563 4866 quod
1577 4808 1663 4866 supra
1676 4794 1829 4852 notavimus

176 4873 314 4929 Attendite
330 4873 444 4929 vobisut
458 4883 538 4930 cauta
551 4876 977 4951 discussionerigorosoqueera·
1027 4875 1061 4930 de
1075 4876 1239 4935 intrantibus
1252 4880 1281 4935 in
1290 4880 1452 4955 religionem
1476 4882 1580 4955 absque
1608 4882 1756 4940 vocatione
1778 4896 1830 4940 coe·

176 4961 249 5016 mine
264 4962 379 5032 probate
399 4977 526 5034 eosquos
541 4963 576 5019 ad
602 4963 800 5036 professionem
824 4966 974 5036 admittitis,
1026 4961 1098 5034 lesti,
1116 4976 1143 5023 et
1157 4983 1189 5023 ex
1203 4968 1287 5023 nlmia
1300 4969 1470 5043 indulgentia
1490 4970 1519 5025 in
1531 4969 1679 5042 puniendis
1708 4970 1829 5029 excessi·

175 5049 249 5104 nulla
263 5049 304 5106 vis
324 5051 401 5106 vobis
422 5050 536 5106 infertur
563 5053 596 5106 ad
616 5053 788 5124 recipiendos
814 5055 973 5110 monachos.
1028 5057 1078 5111 bns
1106 5064 1132 5111 et
1152 5056 1422 5129 transgressionibus,
1442 5065 1591 5116 nascuntur
1625 5056 1687 5116 fere
1705 5059 1829 5133 graviora

176 5137 284 5193 Portate
299 5153 367 5211 ergo
387 5154 456 5210 quos
479 5138 566 5194 libere
594 5148 621 5195 et
648 5141 799 5197 voluntarie
827 5143 1124 5207 monachostamna
1140 5145 1168 5199 in
1186 5145 1368 5202 monasteriis.

173 5224 276 5282 fecistIs
292 5244 299 5292 ;
315 5241 370 5280 non
380 5234 421 5282 ost
431 5226 504 5282 enim
514 5227 619 5297 justum
632 5237 661 5283 ut
674 5231 972 5299 provestrocommodo
1066 5234 1133 5290 Can.
1149 5233 1295 5291 LXXVIII.
1310 5264 1346 5275 -
1360 5235 1390 5291 In
1400 5234 1452 5292 isto
1467 5235 1586 5308 capitulo
1601 5234 1670 5291 nihil
1688 5234 1828 5309 praefixum

172 5313 329 5385 respublica
350 5314 541 5369 detrImentum
565 5323 592 5371 et
610 5317 734 5373 Ecclesia
762 5317 920 5373 scandalum
939 5335 971 5372 ex
1029 5322 1146 5377 hahetur
1159 5320 1232 5378 unde
1240 5321 1366 5379 concludi
1380 5324 1466 5396 possit
1485 5323 1559 5396 quod
1579 5338 1659 5380 mens
1680 5324 1828 5398 primorum

171 5410 210 5458 tot
237 5400 414 5458 decucullatis
438 5402 574 5476 religiosis
602 5405 749 5475 patiantur.
770 5405 972 5477 Circumspecte
1027 5408 1135 5464 Patmm
1150 5417 1233 5477 esset,
1249 5418 1278 5466 ut
1297 5410 1412 5484 siugulae
1443 5412 1542 5468 domus
1561 5411 1668 5469 ordinis
1688 5412 1828 5470 admittere

173 5488 257 5561 agite,
283 5504 345 5546 cum
359 5489 609 5563 recipitIsnovitios
623 5492 658 5549 ad
671 5492 890 5565 professionem3
909 5494 970 5551 illos
1026 5504 1128 5552 tantum
1148 5497 1308 5556 debuissent
1327 5507 1432 5557 certum
1455 5499 1574 5573 aliquem
1600 5516 1753 5559 numerum
1779 5514 1830 5558 nto

174 5575 243 5631 bene
258 5575 286 5632 iu
300 5575 443 5648 disciplina
457 5577 576 5652 regulari
590 5579 873 5655 educate3corripite‚
884 5580 970 5639 incar·
1024 5585 1189 5652 nechoram,
1213 5586 1284 5644 ultm
1311 5603 1393 5661 quem
1411 5602 1466 5647 non
1486 5596 1560 5647 esset
1582 5589 1827 5663 progrediendum.
