3742 5986
101 169 153 224 tbi
356 170 385 226 S.
401 169 579 228 nannents
606 171 930 229 cnuTHUStnNOnutt
958 170 1200 250 tttsptttttohts
1227 170 1303 228 ote.
1331 170 1421 228 PARS
1449 170 1485 226 ll.
1692 173 1747 226 tao

100 291 259 362 martyrium
274 293 408 348 sustinuit.
425 295 502 351 Hanc
516 295 615 351 iterum
630 296 729 351 Paulus
747 313 808 352 cum
823 303 896 352 esset
909 295 1016 359 Adeas
1031 296 1174 368 passiones
1188 312 1251 351 suas
1266 295 1305 350 illi
1327 311 1389 352 cum
1413 295 1587 366 passionibus
1601 293 1704 350 Christi
1720 300 1748 349 et

101 380 195 435 Romae
223 380 251 434 irl
278 381 394 437 vinculis
422 383 564 439 Timotheo
589 385 739 456 rescripsit.
768 384 898 439 Audierat
947 393 1035 440 morte
1053 403 1060 439 :
1076 385 1224 439 ostendens
1252 392 1368 456 quantus
1394 381 1497 439 fructus
1512 384 1547 438 de
1571 382 1747 454 passionibus

101 469 211 539 quidem
225 470 260 523 de
275 485 308 524 eo
323 470 405 523 multa
421 470 503 537 bona,
526 472 575 526 sed
599 480 689 527 tamen
704 472 898 544 aliquantulum
947 472 989 527 his
999 472 1141 543 proueniat
1155 489 1161 527 ε
1175 488 1275 544 casque
1296 472 1386 526 multis
1403 471 1491 527 modis
1507 470 1680 528 commendat
1695 469 1722 525 ei
1737 485 1745 525 :

100 557 243 612 remissum
261 573 267 612 :
285 565 311 612 et
326 557 422 613 timore
433 560 591 630 passionum
601 568 627 615 et
637 560 741 628 mortis,
751 576 805 615 non
816 560 898 630 (sicut
947 576 980 615 eo
995 559 1048 615 line
1063 568 1091 614 ut
1106 560 1145 616 sic
1160 561 1325 623 exhortatus,
1341 568 1452 630 paratus
1467 559 1501 614 sit
1510 559 1566 630 pati
1581 567 1607 614 et
1617 557 1686 613 mori
1695 574 1747 630 pro

99 645 221 710 deberet)
238 645 425 717 predicationi
444 647 589 703 instantem
605 663 709 720 :quare
724 649 752 702 in
767 649 817 704 hac
830 649 897 719 Epi·
947 648 1055 704 Christo
1068 667 1075 714 ;
1090 657 1117 703 ct
1146 647 1220 720 quasi
1248 648 1327 703 morti
1353 648 1425 703 ultro
1452 663 1482 704 se
1507 647 1648 720 ingerens,
1670 646 1746 702 omni

100 734 168 788 stola
181 733 239 807 agit
253 734 287 788 ad
302 750 364 790 eum
377 735 411 790 de
425 735 600 806 passionibus
615 745 641 791 et
651 746 739 793 morte
756 753 763 790 :
780 745 897 808 praeten-

948 737 1075 792 instentia
1089 736 1218 807 praedicet
1232 736 1344 791 verbum
1362 736 1420 790 Dei.

495 1091 768 1177 EPISTOLA
804 1092 843 1175 II
876 1091 950 1176 nh
985 1092 1335 1187 TIMOTHEUM.

356 1272 468 1328 crunt
487 1272 636 1328 PRIMUM.

136 1401 263 1457 «Paulus
286 1401 425 1472 apostolus
444 1401 509 1456 lesu
529 1401 626 1457 Christi
650 1417 699 1473 per
723 1401 891 1457 voluntatem

100 1490 188 1558 «Dei,
215 1490 365 1545 secuudum
384 1490 593 1560 promissionem
621 1490 692 1556 vitae,
719 1506 780 1562 quae
804 1490 896 1545 estin

101 1602 112 1625 ι
130 1578 235 1633 Christo
257 1577 322 1633 tesu
339 1577 498 1633 :Timotheo
513 1578 675 1633 charissimo
698 1576 753 1633 filio
767 1578 855 1650 gratia
870 1585 897 1632 et

101 1690 112 1714 ι
130 1666 315 1721 misericordia
331 1673 357 1721 et
379 1681 432 1736 pax
457 1681 474 1720 a
497 1666 555 1721 Deo
570 1667 647 1721 Patre
671 1675 697 1721 et
710 1666 817 1721 Christo
831 1668 897 1721 lesu

99 1778 109 1802 ·
129 1753 244 1810 Domino
258 1761 364 1809 nostro.
379 1753 487 1808 Gratias
501 1769 553 1826 ago
569 1755 627 1809 Deo
642 1769 702 1809 meo
716 1754 760 1810 cui
775 1755 866 1809 servio
881 1768 898 1809 e
967 1802 972 1812 .

101 1842 352 1915 «progenitoribus
379 1842 450 1898 meis
464 1841 492 1896 in
519 1842 684 1898 conscientia
704 1858 773 1914 pura
792 1841 894 1914 theani,

101 1952 112 1981 ι
129 1932 202 2002 quod
217 1931 277 1987 sine
290 1930 492 1986 intermissione
508 1930 623 1985 habeam
639 1931 678 1985 tui
692 1930 853 1986 memoriam
870 1931 896 1984 in

101 2040 112 2070 ι
131 2018 466 2084 orationibusmeis,nocte
476 2033 509 2074 ec
519 2018 563 2074 die
574 2019 747 2074 :desiderans
756 2027 781 2073 te
791 2019 896 2089 videre,

102 2130 112 2154 ι
130 2122 235 2162 mernor
248 2107 428 2177 lacrymarum
440 2113 557 2175 tuarum,
570 2107 833 2178 utgaudioimplear.
845 2107 898 2162 Re·

101 2218 112 2243 ι
130 2194 315 2251 cordationcm
330 2194 467 2264 accipiens
481 2194 538 2263 ejus
552 2194 615 2250 fidei
630 2211 690 2267 quae
705 2203 745 2250 est
760 2195 787 2249 in
803 2203 828 2249 tc
843 2211 898 2250 non

101 2304 113 2335 ι
131 2281 202 2350 ficte,
219 2299 279 2354 quae
294 2282 584 2354 ethabitecitprimum
598 2283 625 2337 in
636 2283 698 2337 avia
712 2291 756 2337 tua
771 2283 898 2350 Loide,et

102 2393 112 2420 a
130 2379 215 2426 matre
231 2381 276 2426 tue
291 2371 385 2426 Eutice
401 2369 462 2442 fat,
479 2371 592 2443 Eunicel
604 2390 610 2436 ;
622 2379 713 2426 certus
737 2381 898 2426 sumentem

102 2480 113 2511 ι
131 2459 204 2532 quod
215 2458 334 2515 335
347 2466 372 2514 ct
385 2459 458 2514 inte.
471 2458 585 2529 Propter
595 2475 674 2531 quam
683 2475 792 2514 causam
805 2459 897 2515 admo·

102 2571 113 2596 ·
131 2563 184 2603 neo
203 2556 238 2614 te,
254 2555 283 2602 ut
297 2547 444 2602 resuscites
460 2546 575 2618 gratiam
586 2546 635 2601 Dei
646 2563 707 2619 quae
717 2555 758 2602 est
768 2548 795 2602 in
806 2556 899 2619 te‚per
987 2597 992 2606 .

101 2635 329 2706 «impositionem
353 2650 483 2688 manuum
504 2650 638 2690 mearum.
661 2635 722 2689 Non
738 2635 810 2690 enim
825 2635 900 2690 dedit
915 2621 939 2682 0

102 2744 113 2774 ι
131 2722 210 2777 nobis
225 2724 299 2776 Deus
314 2722 436 2792 spiritum
452 2722 572 2788 timoris,
589 2723 638 2778 sed
652 2723 768 2791 virtutis,
785 2732 811 2778 et
827 2722 899 2778 dile-

104 2832 115 2861 ι
132 2810 274 2879 otiouis,et
285 2809 449 2865 sobrietatis.
463 2809 527 2864 Noli
544 2810 633 2881 itaque
651 2812 812 2866 erubescere
825 2811 900 2866 testi·

52 2906 58 2919 ’
103 2899 252 2955 «monium
266 2897 374 2953 Domini
390 2898 491 2964 nostri,
507 2914 595 2970 neque
613 2915 657 2953 me
680 2899 799 2955 vinctum
827 2899 897 2968 ejus,

103 3008 115 3039 ι
132 2988 181 3044 sed
195 2986 330 3043 collabora
346 2986 495 3058 Evangelio
518 2987 667 3042 secundum
682 2987 809 3043 virtutem
823 2987 874 3042 Dei
890 3004 897 3042 τ

103 3094 115 3120 ιι
131 3071 178 3145 qui
193 3086 244 3126 nos
258 3071 381 3126 liberavit
396 3077 422 3126 et
437 3071 545 3126 vocavit
558 3070 700 3127 vocatione
717 3086 767 3125 sue
781 3080 873 3127 sancta
889 3086 896 3126 :

102 3181 113 3208 ι
130 3176 185 3215 ιιοιι
200 3159 348 3216 secundum
363 3173 448 3230 opera
468 3167 572 3228 nostra,
598 3159 647 3215 sad
662 3159 811 3215 secundum
832 3175 898 3230 pro·

102 3271 113 3295 ι
132 3247 250 3319 positum
262 3263 340 3303 suum
355 3256 380 3302 el
403 3247 531 3318 gratiam,
548 3264 609 3319 quae
628 3246 690 3302 data
711 3255 751 3302 est
776 3248 855 3302 nobis
870 3247 899 3302 in

103 3359 114 3383 ι
131 3336 239 3392 Christo
252 3335 316 3391 lesu
332 3343 394 3390 ante
412 3343 534 3406 tempora
555 3335 708 3391 saecularia.
730 3334 899 3390 hfenifestata

102 3447 113 3472 ι
131 3432 172 3481 est
187 3431 276 3480 autem
290 3440 362 3480 nunc
376 3440 425 3495 per
444 3424 668 3479 illuminationem
683 3423 832 3479 Salvatoris
845 3438 898 3480 no·

102 3536 113 3561 ι
132 3512 179 3568 stri
205 3513 271 3569 lesu
300 3511 410 3580 Christi,
436 3512 481 3583 qui
497 3511 630 3567 destruxit
644 3511 756 3583 quidem
770 3518 897 3579 mortem,

103 3600 292 3657 «illuminarit
314 3607 404 3655 autem
427 3599 507 3656 vitam
537 3607 565 3655 et
592 3599 823 3669 incorruptionem
850 3614 900 3669 per

103 3709 112 3742 ι
131 3688 312 3760 Evangelium
326 3706 332 3742 :
348 3687 442 3759 inquo
456 3687 561 3757 positus
580 3702 640 3741 sum
656 3702 708 3757 ego
722 3686 896 3756 praedicator,

102 3800 113 3825 ι
132 3785 158 3832 et
173 3774 322 3846 apostolus,
339 3782 366 3829 et
379 3774 512 3847 magister
528 3773 659 3845 gentium.
676 3772 718 3829 Ob
734 3789 816 3845 quam
830 3783 898 3831 ceu'-

103 3886 115 3912 ι
133 3880 191 3918 sam
206 3862 287 3918 etiam
310 3863 370 3917 brec
390 3862 489 3933 patior,
511 3862 559 3917 sed
582 3877 637 3916 non
652 3859 813 3917 confundor.
835 3861 898 3918 Scio

104 3974 115 3999 ιι
133 3951 206 4007 enim
221 3950 264 4006 cui
279 3949 391 4015 credidi,
408 3956 435 4004 et
454 3956 545 4004 certus
567 3965 626 4003 sum
651 3949 713 4021 quia
736 3957 834 4020 potens
856 3956 933 4030 estD

910 1274 1095 1346 Btpostotns
1110 1273 1170 1329 dico
1185 1274 1342 1331 secundum
1354 1275 1570 1348 promissionem
1584 1276 1660 1331 vitre.
1677 1275 1746 1332 Pro·

946 1362 1031 1417 missa
1058 1371 1099 1417 est
1122 1363 1215 1433 utique
1238 1362 1293 1417 vita
1316 1363 1438 1436 legitime
1456 1364 1645 1419 certantibus:
1662 1379 1747 1436 quarn

946 1450 1158 1521 promissionem
1186 1450 1255 1505 bene
1285 1466 1396 1523 sequor,
1426 1451 1547 1523 legitime
1570 1459 1690 1507 certans.
1706 1453 1746 1508 Tu

946 1554 1011 1593 vero
1026 1538 1161 1593 animatus
1175 1554 1291 1609 sequere
1304 1554 1411 1595 mecum
1423 1541 1641 1611 promissionem
1650 1541 1719 1595 vita
1733 1559 1743 1596 .·

947 1641 1001 1680 ιιοιι
1029 1626 1182 1696 praesentis,
1212 1626 1261 1682 scd
1289 1627 1348 1695 ejus
1371 1627 1433 1683 vitae
1453 1644 1514 1699 qna
1529 1632 1618 1684 estin
1635 1629 1746 1684 Christo

948 1715 1023 1782 lesa,
1048 1714 1135 1769 idest
1158 1722 1277 1769 aeternae.
1303 1715 1331 1770 Si
1354 1714 1427 1770 enim
1450 1715 1571 1787 legitime
1595 1723 1744 1786 certamus,

948 1810 1029 1857 vitam
1058 1811 1185 1858 aeternam
1210 1803 1302 1874 utique
1325 1803 1494 1859 habebimus.
1527 1804 1627 1859 Paulus
1650 1804 1747 1861 scribit

948 1891 1006 1946 haec
1018 1905 1024 1944 :
1045 1892 1184 1947 Timotheo
1195 1892 1360 1949 eltarissimo
1370 1892 1429 1961 filio
1440 1891 1509 1948 :sint
1519 1891 1681 1964 tibipratic,
1691 1894 1746 1948 mi-

947 1979 1134 2035 sericordiam
1142 1980 1288 2050 passatico
1297 1982 1382 2035 Patre
1391 1983 1420 2035 et
1432 1979 1541 2037 Christo
1550 1981 1617 2037 tesn
1626 1981 1746 2040 Domino

947 2072 1053 2134 nostro,
1071 2067 1141 2123 sicut
1156 2084 1237 2138 supra
1251 2068 1434 2139 exposuimus.
1445 2068 1494 2125 llic
1508 2068 1536 2122 in
1545 2069 1650 2140 primus
1661 2069 1743 2125 blan·

948 2156 1022 2210 ditur
1036 2155 1060 2210 ei
1083 2155 1193 2222 Paulus,
1217 2163 1245 2210 ut
1262 2155 1301 2210 sic
1329 2155 1426 2211 melius
1450 2155 1560 2212 inducat
1583 2173 1645 2212 eum
1671 2157 1745 2213 inid

949 2244 1021 2314 quod
1037 2244 1152 2299 suadere
1167 2243 1260 2299 nititur
1278 2243 1372 2299 dicens
1389 2259 1395 2298 :
1413 2245 1524 2301 Gratias
1546 2261 1596 2318 apo
1620 2247 1675 2302 beo
1698 2248 1746 2302 cni

949 2348 1001 2404 ego
1014 2333 1102 2388 servio
1118 2332 1229 2387 edoctus
1244 2350 1261 2387 a
1274 2333 1500 2404 progenitoribus
1515 2335 1596 2399 meis,
1611 2332 1694 2389 idest
1710 2334 1745 2388 ab

948 2419 1093 2486 Abraham,
1111 2421 1185 2476 lsaac
1199 2429 1226 2475 et
1248 2421 1343 2475 Jacob.
1360 2421 1410 2476 llic
1423 2421 1495 2476 enim
1511 2421 1608 2477 Paulus
1623 2421 1659 2478 de
1674 2421 1745 2478 tribu

948 2507 1098 2576 Benjamiu.
1116 2509 1209 2565 Scinio
1223 2508 1285 2563 dico
1299 2511 1331 2564 in
1343 2525 1418 2581 pura
1428 2511 1621 2566 conscientia:
1631 2509 1661 2564 in
1671 2510 1744 2584 nptlo

950 2612 1023 2651 enim
1038 2595 1203 2652 conscientia
1223 2613 1283 2651 mea
1306 2597 1392 2668 carpit
1412 2613 1456 2652 me
1470 2616 1477 2664 ;
1493 2597 1533 2654 sic
1554 2605 1581 2653 et
1602 2605 1631 2653 tu
1649 2614 1744 2669 puram

949 2684 1020 2739 habe
1035 2683 1237 2751 conscientiam,
1255 2692 1281 2740 et
1304 2685 1343 2741 sic
1359 2700 1469 2740 servare
1493 2685 1597 2756 poteris
1611 2687 1744 2742 commis-

948 2787 1008 2826 sam
1022 2772 1070 2826 tibi
1085 2773 1209 2843 gratiam.
1235 2772 1275 2827 De
1289 2774 1341 2830 hoc
1355 2773 1447 2844 utique
1460 2776 1569 2845 gratias
1584 2775 1645 2847 dgo,
1671 2774 1753 2847 quod-

949 2860 1064 2917 babeam
1078 2862 1244 2917 memoriam
1252 2863 1295 2917 tai
1305 2863 1368 2918 sine
1377 2862 1590 2920 intermissione
1598 2864 1631 2919 in
1640 2864 1744 2920 oratio·

948 2949 1031 3004 nitas
1046 2950 1126 3014 meis,
1144 2949 1171 3005 id
1187 2957 1237 3019 est,
1249 2950 1392 3021 quiaDeus
1401 2950 1515 3006 letalem
1524 2950 1598 3019 fecit,
1612 2952 1692 3022 cujus
1701 2967 1744 3008 mc

948 3036 1012 3092 velit
1027 3044 1053 3091 ct
1067 3037 1180 3111 dignum
1191 3037 1226 3092 sit
1242 3054 1351 3109 semper
1361 3054 1423 3095 esse
1434 3054 1583 3095 memorem
1600 3057 1607 3094 :
1622 3039 1662 3096 its
1672 3040 1744 3112 quod

948 3140 999 3181 nec
1014 3125 1099 3180 semel
1114 3141 1192 3182 orare
1205 3141 1317 3198 possum
1332 3127 1391 3182 sine
1406 3127 1444 3182 tui
1458 3127 1601 3194 memoria,
1613 3132 1698 3186 nocte
1711 3145 1743 3186 ae

948 3213 1002 3279 dte,
1019 3213 1047 3268 id
1061 3221 1102 3268 est
1116 3213 1253 3279 continue,
1270 3214 1434 3271 desiderans
1447 3216 1541 3272 videre
1551 3216 1626 3273 tasi
1635 3216 1742 3273 enimte

947 3301 1080 3367 viderem,
1095 3317 1150 3357 non
1164 3301 1258 3374 utique
1272 3318 1316 3359 me
1335 3312 1472 3374 praesente
1485 3304 1651 3361 formidares
1664 3321 1740 3362 mor-

946 3396 1012 3443 tem.
1023 3389 1084 3460 Ego
1095 3389 1271 3446 dicomemor
1282 3395 1398 3448 tatarum
1410 3393 1612 3465 lacrymarum,
1624 3409 1696 3466 quas
1705 3392 1743 3451 ef·

947 3475 1039 3531 fudisti
1055 3477 1134 3549 :quia
1150 3477 1178 3532 in
1192 3493 1261 3550 pace
1271 3487 1297 3535 te
1307 3479 1471 3536 dimitterem
1485 3481 1743 3552 Epiresi,volentern

947 3579 1054 3620 meeum
1070 3566 1185 3621 transire
1199 3573 1226 3621 et
1241 3568 1375 3624 sustinere
1386 3568 1494 3625 vincula
1505 3575 1533 3624 et
1546 3577 1661 3627 mortes.
1678 3571 1743 3627 Vide

946 3661 976 3707 ut
991 3653 1059 3709 sicut
1073 3669 1118 3709 me
1132 3662 1276 3724 praesente,
1292 3656 1332 3713 sic
1345 3656 1438 3723 modo,
1460 3656 1519 3712 visa
1542 3657 1661 3729 epistola
1673 3674 1741 3728 mes,

947 3740 1018 3796 ultro
1045 3749 1071 3797 te
1098 3741 1206 3814 ingeras
1234 3743 1407 3814 passionibus
1422 3751 1449 3800 et
1463 3744 1553 3800 morti.
1571 3746 1636 3802 ldeo
1650 3747 1743 3820 uh'qne

948 3832 975 3884 te
990 3830 1082 3886 uidere
1095 3829 1233 3899 desidero,
1250 3833 1412 3905 atimptenr
1424 3832 1535 3905 paadto.
1551 3833 1661 3890 Sienim
1671 3851 1741 3907 prar-

947 3932 1011 3972 sens
1038 3932 1137 3983 essem,
1168 3926 1283 3976 mortem
1308 3922 1400 3993 utique
1426 3936 1481 3976 non
1505 3920 1671 3980 formidares
1686 3939 1694 3978 :
1709 3922 1743 3980 de

103 4062 114 4088 ι
132 4039 285 4111 depositum
296 4053 388 4093 meum
403 4051 512 4093 servare
528 4037 555 4091 in
580 4037 656 4092 illum
671 4037 754 4092 diem.
771 4037 894 4092 formam
950 4021 1004 4076 ‘¹¹¹⁰
1019 4005 1164 4076 plurimum
1178 4007 1338 4080 ‘mmmm‘
1349 4009 1497 4082 minem
1512 4010 1594 4066 “5⁸¹³
1608 4011 1742 4069 'mm‘

103 4150 114 4176 ι
132 4128 202 4183 habe
216 4125 342 4200 [habeus]
360 4125 646 4181 senorumverborum
666 4141 727 4196 quae
742 4141 757 4179 a
771 4141 814 4180 me
843 4141 894 4180 au-

104 4237 115 4268 ι
133 4216 196 4272 disti
210 4215 238 4271 in
251 4213 305 4270 fide
321 4222 347 4270 et
373 4214 401 4268 in
415 4214 560 4270 dilectione
583 4214 611 4268 in
626 4213 732 4268 Christo
746 4212 822 4268 iesu.
838 4212 894 4268 Bo·

104 4320 197 4358 «num
223 4302 376 4373 depositum
399 4302 516 4361 custodi.
541 4317 589 4372 per
617 4301 746 4372 Spiritum
774 4308 896 4357 sanctum

106 4416 118 4440 ι
133 4391 178 4463 qui
192 4390 295 4445 habitat
308 4389 352 4453 in,
364 4390 451 4446 nobis.
468 4390 521 4445 Sed
539 4389 610 4445 enim
634 4390 695 4456 hoc,
720 4389 793 4461 quod
807 4388 897 4444 aversi

105 4499 117 4530 ι
135 4485 198 4532 sunt
212 4493 228 4532 a
241 4493 286 4532 me
299 4478 454 4549 omnesqui
470 4480 497 4531 in
521 4477 584 4532 haia
608 4485 679 4546 sunt,
696 4493 729 4532 ex
744 4477 843 4548 quibus
857 4484 899 4531 est

107 4587 118 4618 ι
135 4565 255 4621 Philetus
269 4571 295 4619 et
310 4565 509 4635 llormogenes.
536 4565 587 4619 Det
609 4563 823 4620 misericordiam
840 4565 897 4619 Do-

107 4678 118 4702 ι
135 4655 225 4709 minus
239 4652 404 4724 Onesiphori
419 4651 510 4708 domui
528 4667 534 4705 ε
549 4652 612 4723 quia
627 4668 699 4722 saepe
714 4667 757 4706 me
782 4651 899 4723 refrige-

952 4094 1057 4149 tionem
1070 4096 1131 4166 ejus
1140 4095 1207 4164 fidei
1220 4111 1281 4168 quie
1290 4100 1333 4152 est
1348 4098 1377 4152 tn
1395 4100 1422 4152 te
1437 4114 1495 4154 non
1508 4097 1587 4167 fieta,
1597 4097 1627 4154 id
1638 4108 1680 4156 est
1689 4115 1742 4155 non

949 4180 1098 4248 inventitia,
1128 4182 1170 4238 vel
1198 4199 1253 4239 non
1282 4182 1480 4258 fragilistqaoe
1507 4184 1576 4242 fides
1605 4186 1742 4244 habitcmt

950 4269 1047 4339 etjam
1056 4272 1181 4342 primam
1191 4272 1293 4328 inania
1303 4277 1354 4328 tua
1362 4274 1524 4341 Laide,etin
1533 4279 1627 4333 matre
1635 4279 1687 4333 tna
1694 4277 1745 4332 aa

950 4359 1022 4413 nice.
1039 4356 1109 4427 Quia
1123 4357 1146 4413 si
1160 4359 1188 4413 in
1202 4360 1432 4433 progenitricibus
1446 4361 1499 4417 tuis
1513 4368 1540 4418 et
1567 4362 1595 4418 in
1618 4362 1743 4420 muliebri

948 4460 1014 4500 sexu
1028 4446 1183 4518 exemplum
1197 4447 1282 4504 babes
1300 4447 1377 4518 fidei,
1395 4449 1476 4521 quasi
1493 4449 1550 4519 jam
1564 4451 1697 4508 nsmrslis
1710 4451 1744 4507 sit

948 4532 1006 4600 tibi,
1024 4533 1108 4589 debes
1119 4535 1209 4606 utique
1223 4552 1273 4606 per
1286 4537 1340 4593 hoc
1353 4536 1498 4608 plurimum
1513 4537 1623 4596 feruere
1636 4539 1666 4595 in
1679 4538 1742 4595 fide.

949 4622 981 4675 ln
991 4624 1084 4679 matre
1098 4625 1127 4678 et
1140 4624 1171 4679 in
1184 4626 1307 4680 aniataa
1316 4622 1385 4680 tides
1394 4623 1453 4681 tuit.
1466 4624 1672 4684 dertusensem
1680 4643 1743 4685 snm

108 4743 216 4806 «ravit,
232 4749 259 4798 et
285 4749 409 4797 catenam
436 4755 525 4795 meam
549 4756 604 4796 non
628 4739 735 4795 erubuit
751 4755 757 4795 :
774 4739 824 4795 sed
838 4756 901 4796 cum
949 4710 1123 4854 misnam
1141 4712 1173 4767 m
1197 4715 1225 4768 ’θ
1251 4713 1354 4768 habim
1376 4711 1445 4769 ⁶⁶⁰³
1462 4729 1468 4769 ²
1483 4714 1532 4771 ⁸⁰⁶
1555 4714 1659 4771 ”unm
1687 4715 1743 4772 ω’

949 4814 1014 4855 vere

986 4888 1104 4960 Propter
1117 4903 1199 4961 qaam
1209 4905 1333 4956 causam,
1350 4889 1414 4963 qnia
1423 4895 1450 4946 et
1463 4889 1545 4947 fidem
1556 4897 1583 4947 et
1592 4891 1744 4965 exemplum

111 5005 256 5060 «Domino
271 5004 298 5059 in
312 5003 358 5059 illa
372 5003 416 5059 die
434 5019 440 5058 :
457 5011 483 5059 et
504 5012 605 5076 quante
626 5004 728 5077 Ephesi
742 5003 903 5061 ministrarit
951 4972 1025 5040 Μ’
1042 4974 1120 5046 qum
1135 4976 1260 5031 flamme
1280 4977 1308 5048 in-
1324 4986 1351 5035 ²⁸
1365 4978 1457 5048 ’Μεθ’
1486 4980 1623 5037 ‘'dmm‘’
1650 4985 1689 5051 ’θ’
1712 4984 1745 5038 ¹¹⁸

108 4855 119 4880 ι
136 4833 249 4889 Romam
272 4829 402 4895 venisset,
423 4827 538 4886 sollicite
560 4844 605 4884 me
629 4827 762 4901 quaesivit,
779 4836 805 4883 et
820 4827 900 4884 inve-

110 4919 187 4973 «nit.
211 4920 263 4974 Det
283 4916 321 4972 illi
345 4915 477 4972 Dominus
499 4917 623 4972 invenire
645 4916 862 4972 misericordiam
886 4932 903 4971 a

111 5115 122 5140 ι
140 5092 215 5159 mihi,
233 5099 261 5148 tu
273 5091 370 5147 melius
384 5091 481 5148 nostri.
500 5115 512 5140 ι

431 5282 588 5324 BIPOSf'flO.

950 5063 1283 5137 gratiamtteipnoeesttn
1291 5069 1318 5122 te
1326 5083 1378 5140 per
1387 5067 1598 5140 impositionem
1608 5084 1747 5126 menam

952 5166 1082 5207 mearam
1097 5152 1171 5224 (cum
1185 5152 1259 5208 enirn
1278 5161 1304 5209 te
1317 5169 1508 5212 consecrarem
1524 5155 1687 5228 episcopum
1700 5172 1747 5229 per

953 5237 1154 5309 impositionem
1172 5256 1302 5296 manuum
1324 5257 1458 5312 mearum,
1489 5241 1605 5317 gratim
1634 5243 1748 5315 Spiritus

954 5327 1040 5383 saneti
1054 5326 1196 5398 accepisti)
1209 5347 1217 5395 ;
1232 5328 1294 5386 volo
1308 5329 1403 5402 ntique
1417 5338 1447 5386 ut
1468 5329 1543 5386 illam
1561 5333 1689 5404 gratiam
1702 5331 1749 5387 sli-

147 5411 265 5478 Pautns,
280 5417 334 5467 etc.
349 5410 457 5467 Pastas
471 5411 614 5482 apostotus
625 5408 732 5466 Christi
742 5424 792 5467 esu
801 5425 854 5483 per
863 5425 907 5468 vo·
955 5414 1113 5486 quantulum
1126 5414 1156 5470 in
1168 5422 1195 5472 te
1208 5416 1324 5488 sopitam
1338 5417 1541 5486 ansuescente
1558 5423 1601 5474 est
1612 5418 1746 5493 evigiles:

113 5499 255 5558 tentatam
268 5500 328 5569 Det,
355 5497 424 5557 sicia
445 5497 474 5556 in
493 5497 658 5572 precedenti
678 5498 831 5573 expositum
852 5505 905 5557 est.

955 5508 983 5556 et
996 5509 1127 5560 aduente
1139 5501 1189 5561 ille
1200 5503 1286 5579 gratis
1298 5503 1328 5562 in
1341 5511 1377 5575 te,
1383 5503 1609 5580 gnudesspstiet
1623 5506 1752 5581 mosiprc
