3750 5984
105 195 158 248 8‘l'l
668 190 770 248 LIBER
787 189 835 245 bu
852 185 1044 247 EXERCITIO
1062 189 1191 248 CELLAE.
1698 197 1748 251 878

108 331 170 372 eum
197 331 281 386 super
311 316 404 371 omnia
425 314 526 387 diligis,
553 315 581 369 in
604 315 748 371 dulcedine
770 309 938 370 ineffabilili
952 319 981 366 ut
995 311 1070 369 fieret
1085 314 1169 371 sudor
1179 315 1238 383 ejus
1251 314 1320 370 sicut
1329 323 1412 388 gnttae
1422 317 1564 389 sanguinis
1578 318 1748 374 decurrentis

106 419 189 475 quam
203 403 250 459 tibi
264 404 300 459 ab
310 419 343 461 eo
357 403 475 459 infusam
489 402 584 471 sentis,
596 403 624 457 in
639 403 700 459 laeto
710 418 742 459 ac
751 399 903 458 laetilicaute
953 399 981 454 in
995 408 1106 456 terram.
1123 404 1258 474 appareat
1277 402 1324 457 tibi
1339 412 1366 458 et
1379 420 1459 476 quam
1474 404 1601 471 maxime,
1617 405 1749 478 quidquid

107 492 224 562 quodam
244 492 341 560 jubilo,
356 498 383 548 te
398 491 446 547 tibi
469 490 570 557 iurare,
587 499 612 546 te
635 491 695 563 ipso
718 490 848 561 privatus,
865 486 904 542 illi
954 504 1005 558 pro
1024 495 1050 544 te
1074 489 1182 561 durum,
1197 499 1223 546 et
1237 491 1335 569 dirum,
1352 499 1379 545 et
1392 492 1614 564 ignominiosum,
1633 500 1659 548 et
1683 511 1749 548 cru-

108 578 220 648 inhaere,
231 579 259 633 in
273 579 334 650 ipso
348 579 542 652 agglutinatus.
555 577 676 649 Qualiter
685 595 750 634 vero
765 594 826 634 cum
837 591 903 647 pure
953 573 1015 631 dele
1038 577 1146 647 pertulit
1164 597 1171 644 ;
1196 579 1268 650 quod
1290 579 1416 634 venditus
1439 588 1499 645 est,
1524 581 1597 652 quod
1622 581 1747 650 tradituS,

109 682 181 731 oras,
196 667 243 722 ille
258 683 287 722 se
302 667 350 722 tibi
364 667 518 723 manifestet
540 683 620 739 quem
636 683 710 734 oras,
726 681 780 721 non
794 681 811 720 a
824 663 904 719 nobis
953 672 1057 735 captus,
1083 664 1192 736 ligatus,
1223 666 1364 734 adductus,
1387 667 1579 741 interrogatus,
1602 669 1748 737 judicatus,

107 755 242 826 requiras,
259 755 322 827 quia
334 771 385 811 nos
407 755 435 810 in
448 755 491 810 his
505 755 613 826 penitus
627 755 784 826 ignorantes
798 768 903 808 sumus.
953 752 1106 820 damnatus,
1123 753 1210 825 sputis
1234 754 1327 822 illitus,
1344 755 1459 822 velatus,
1476 756 1671 826 colaphizatus,
1688 757 1749 812 ala-

106 843 141 897 Et
155 842 218 898 ideo
237 843 407 917 ignorantes,
423 843 488 915 quia
501 843 545 899 vel
559 843 587 898 id
607 842 756 908 rarissime,
772 840 816 897 vel
831 855 903 894 nun·
953 855 1003 910 pas
1017 854 1125 911 passus,
1141 840 1304 914 flagellatus,
1321 843 1464 915 chlamyde
1487 844 1613 900 coccinea
1627 844 1747 911 indutus,

107 945 188 1001 quam
203 946 297 986 sumus
319 931 432 1003 experti.
449 932 507 987 lloc
521 938 611 986 autem
633 930 744 995 scimus,
761 928 824 1000 quia
842 943 903 982 cum
953 928 981 981 in
995 927 1088 982 derisu
1101 929 1238 998 adoratus,
1254 929 1281 984 in
1297 940 1374 985 veste
1393 931 1455 987 alba
1469 931 1574 1001 illusus,
1590 932 1749 988 arundinem

107 1034 185 1074 mens
200 1026 293 1075 sancta
307 1027 333 1075 et
347 1020 463 1086 sincera,
472 1035 551 1074 mens
564 1018 674 1087 munda,
686 1024 713 1072 et
727 1015 860 1082 defecata,
877 1023 904 1071 et
952 1014 981 1069 iu
994 1015 1108 1071 dextera
1126 1024 1231 1083 tenens,
1248 1033 1357 1073 cracem
1379 1035 1456 1074 suam
1471 1019 1602 1088 bajulans,
1619 1036 1681 1076 cum
1695 1020 1749 1076 ini-

106 1122 184 1177 pura,
200 1106 228 1161 in
242 1108 323 1179 pleno
346 1122 380 1164 ac
393 1105 517 1179 perlecto
536 1121 629 1162 amore
643 1113 670 1161 et
683 1104 818 1161 desiderio
833 1112 903 1172 orat,
953 1103 1013 1174 quis
1036 1110 1183 1174 reputatus.
1207 1104 1280 1160 Folle
1303 1106 1413 1161 mistum
1435 1115 1539 1163 acetum
1562 1106 1587 1162 ei
1609 1108 1748 1175 oblatum;

108 1201 173 1250 tunc
187 1194 276 1250 eidem
289 1195 373 1251 menti
396 1211 477 1267 quam
491 1194 607 1250 maxime
630 1193 736 1248 interna
751 1209 800 1248 sua
814 1199 841 1248 et
855 1207 903 1247 oe·
952 1190 1067 1260 piissimi
1082 1192 1222 1263 sanguinis
1236 1208 1292 1248 non
1304 1202 1418 1266 guttam,
1428 1195 1477 1250 sed
1491 1195 1592 1249 undam
1605 1211 1654 1266 per
1667 1195 1749 1268 quin-

107 1282 188 1349 culta,
205 1283 298 1338 suavia
311 1291 338 1338 et
355 1282 457 1350 dulcia,
472 1299 522 1354 per
535 1290 669 1338 secretam
693 1296 772 1336 snam
787 1279 903 1335 inlusio·
954 1295 1005 1349 que
1020 1278 1134 1335 vulnera
1153 1280 1329 1336 sacratissimi
1345 1281 1385 1336 sui
1408 1283 1530 1354 corporis
1544 1282 1661 1339 lundens
1677 1300 1748 1356 :pro

107 1385 171 1425 nem
193 1369 358 1426 manifestat.
385 1370 511 1427 Secundo
533 1370 593 1426 loco
614 1369 764 1442 posuimus,
780 1376 810 1423 ut
828 1368 904 1423 illum
953 1366 1200 1439 transgressoribus
1222 1384 1313 1434 orans,
1334 1369 1460 1424 dilectam
1484 1370 1559 1425 illam
1579 1371 1698 1426 animam
1721 1372 1750 1427 in

106 1457 284 1514 attentissime
308 1458 513 1515 consideremus
526 1475 576 1529 per
597 1474 677 1530 quem
701 1472 821 1513 oramus.
838 1455 904 1525 Quis
952 1470 1034 1509 manu
1049 1454 1136 1510 Patris
1151 1457 1354 1522 commendans,
1370 1464 1451 1528 caput
1465 1457 1609 1527 inclinans,
1626 1460 1749 1530 spiritum

107 1545 158 1600 iste
172 1554 222 1612 est,
238 1545 292 1601 uisi
305 1546 437 1602 mediator
450 1545 501 1602 liei
515 1553 542 1602 et
555 1545 704 1611 bominum,
721 1546 794 1600 Deus
809 1551 835 1600 et
850 1545 903 1599 bo·
953 1541 1087 1597 emittens.
1113 1547 1251 1616 Appareat
1273 1544 1320 1599 tibi
1350 1544 1480 1616 sepultus,
1505 1547 1691 1614 resuscitatus,
1721 1549 1749 1603 in

106 1648 153 1688 mo
167 1633 290 1689 Christus
303 1635 407 1689 lesus‘l
422 1634 468 1706 qui
483 1641 524 1690 est
538 1633 566 1688 in
589 1649 632 1699 eu,
650 1632 723 1704 qaod
746 1633 828 1688 bomo
850 1639 938 1720 est,B
951 1630 1043 1685 multis
1058 1632 1226 1703 argumentis
1248 1649 1298 1703 per
1321 1632 1379 1687 dies
1403 1634 1586 1706 quadraginta
1608 1635 1749 1706 discipulis

107 1736 161 1776 una
181 1721 332 1789 nobiscum,
348 1729 375 1777 et
392 1721 475 1795 longe
495 1721 607 1778 meliore
631 1721 713 1777 modo
737 1736 817 1793 quam
840 1736 900 1786 nos,
953 1734 1099 1790 apparens,
1113 1719 1158 1774 ubi
1173 1728 1231 1775 erat
1246 1720 1322 1790 prius
1336 1721 1497 1788 ascendens,
1509 1721 1543 1776 ad
1555 1723 1643 1777 Patris
1657 1723 1750 1779 dexte·

107 1825 157 1879 pro
172 1809 251 1865 nobis
265 1810 338 1864 Patri
353 1809 528 1881 supplicans:
543 1817 570 1865 et
583 1809 612 1863 iu
626 1824 659 1864 eo
673 1809 746 1880 quod
761 1816 802 1863 est
817 1809 901 1878 Deus,
953 1822 1011 1861 ram
1026 1807 1143 1873 sedens;
1161 1814 1291 1862 venturus
1305 1824 1366 1863 cum
1385 1817 1519 1879 potestate
1533 1825 1634 1883 magna
1647 1818 1674 1866 et
1688 1828 1748 1866 ma·
1778 1840 1782 1848 ·

105 1897 185 1952 nobis
201 1904 243 1952 est
261 1912 323 1953 cum
348 1898 428 1953 Patre
441 1905 468 1953 et
482 1896 583 1968 Spiritu
607 1904 700 1952 sancto
720 1912 783 1952 eum
806 1895 902 1967 quibus
949 1894 1047 1963 iestate
1066 1894 1244 1964 judicaturus,
1260 1895 1348 1967 quiin
1366 1896 1514 1952 bumilitate
1537 1898 1610 1954 venit
1620 1899 1749 1968 iudican-

106 2000 177 2042 uuus
189 1985 317 2056 idemque
339 1993 380 2041 est
394 1985 479 2051 Deus,
495 1983 656 2056 propitians.
678 1985 739 2054 lpse
754 1984 777 2039 si
792 1984 902 2056 quidem
952 1981 1021 2050 das;
1038 1982 1067 2036 iu
1081 1990 1213 2038 aeternum
1228 1984 1255 2038 in
1270 1983 1364 2039 electis
1378 1984 1434 2040 suis
1458 1993 1628 2058 regnaturus,
1645 1987 1749 2045 iaciens

106 2079 148 2129 est
170 2073 316 2130 advocatus
340 2081 433 2129 noster
452 2072 524 2144 apud
548 2072 657 2128 Patrem
675 2072 774 2140 justus,
797 2080 824 2127 et
844 2072 902 2142 ipse
951 2069 1013 2125 illos
1038 2070 1220 2137 discumbere,
1246 2079 1272 2127 et
1295 2072 1439 2139 transiens,
1463 2072 1557 2145 eisque
1580 2075 1745 2134 ministrans.

106 2176 160 2216 non
176 2159 263 2216 solum
278 2160 385 2216 divinus
399 2160 568 2232 propitiator,
581 2160 630 2216 sed
645 2167 672 2215 et
685 2159 837 2230 propitiatio
851 2175 902 2230 pro
952 2158 1024 2214 Ecce
1038 2175 1088 2230 per
1102 2175 1192 2231 quem,
1208 2161 1313 2215 Patrem
1336 2176 1416 2215 orare
1439 2161 1534 2231 debes,
1550 2162 1598 2216 tibi
1622 2164 1747 2236 dicimus,

105 2249 224 2320 peccatis
248 2248 357 2304 nostris.
378 2249 450 2304 Ecce
471 2248 557 2303 altare
580 2263 704 2314 aureum,
729 2246 902 2301 humanitatis
952 2246 999 2318 qui
1013 2246 1234 2303 habitatorcollae
1249 2264 1288 2302 es.
1305 2248 1397 2319 ltaque
1412 2248 1573 2320 quibusdam
1583 2251 1681 2306 montis
1697 2260 1750 2308 tuae

106 2336 231 2393 videlicet
244 2336 272 2390 in
287 2336 393 2391 Christo
414 2344 521 2402 natura,
538 2336 631 2407 inqua
646 2336 713 2390 nihil
735 2350 846 2407 prorsus
861 2341 902 2390 est
952 2334 1077 2401 brachiis,
1094 2335 1203 2406 quando
1226 2351 1298 2406 oras,
1315 2336 1480 2406 amplectere
1496 2337 1568 2393 lrunc
1588 2338 1749 2395 advocatum

107 2424 180 2494 quod
194 2439 250 2479 nou
259 2424 294 2478 sit
303 2424 338 2478 ab
348 2424 422 2480 omni
432 2424 511 2494 culpa
521 2440 619 2495 purum
635 2423 805 2489 etalienum;
821 2439 903 2493 super
952 2430 1037 2489 tuum,
1052 2430 1079 2477 et
1094 2422 1177 2477 talem
1193 2439 1255 2478 eum
1268 2439 1330 2480 cum
1341 2439 1403 2478 oras
1412 2432 1549 2496 praesenta
1561 2426 1590 2480 in
1602 2426 1661 2497 ipsa
1671 2444 1748 2485 men-

106 2511 180 2584 quod
194 2511 330 2582 orationes
353 2513 461 2568 nostras
475 2509 614 2567 offerimus
637 2512 695 2567 Deo
711 2511 780 2566 Patri
796 2527 803 2566 :
821 2511 903 2565 atilli
952 2511 986 2565 tis
1001 2518 1054 2566 tuae
1068 2510 1195 2582 puritate,
1212 2511 1296 2567 vultui
1323 2512 1418 2567 Patris.
1434 2513 1527 2568 Talem
1550 2513 1624 2568 illum
1649 2513 1749 2574 offerre

107 2600 278 2670 omnipotens
293 2608 320 2656 et
333 2600 491 2657 misericors
504 2601 585 2656 Pater
599 2600 681 2668 Deus,
698 2615 752 2655 non
766 2599 902 2655 immerito
952 2599 978 2653 ei
992 2614 1053 2654 oum
1075 2598 1251 2654 exsultatione
1266 2607 1292 2654 et
1306 2598 1358 2654 lide
1382 2600 1469 2669 stude,
1491 2601 1598 2673 qualem
1622 2620 1685 2659 eum
1701 2604 1750 2659 tibi

105 2687 264 2759 propitietur
277 2695 391 2756 naturae,
407 2688 435 2742 in
449 2688 558 2743 bomine
574 2687 653 2743 etiam
665 2703 744 2759 puro,
761 2703 841 2759 quam
854 2702 902 2758 pro
951 2686 1034 2741 modo
1055 2687 1275 2744 monstravimus.
1292 2686 1363 2756 Quid
1386 2688 1421 2742 ad
1437 2695 1510 2743 tuam
1525 2691 1641 2746 salutem
1664 2693 1749 2762 perti-

107 2775 228 2842 homine,
242 2776 380 2847 personali
402 2776 523 2831 intuetur
538 2775 639 2831 unione
661 2776 812 2847 copulatam
835 2775 902 2831 Filio
951 2790 1029 2841 nens,
1055 2774 1083 2828 in
1094 2776 1145 2830 bac
1167 2775 1375 2846 praesentatione
1389 2782 1415 2831 et
1430 2776 1567 2833 oblatione
1581 2795 1596 2832 a
1610 2779 1655 2849 pio
1671 2781 1750 2837 Patre

106 2879 156 2919 suo
171 2864 239 2919 Deo.
255 2863 341 2934 lgitur
358 2870 489 2935 appareat
503 2863 560 2933 tibi,
576 2871 604 2918 tu
619 2863 664 2935 qui
678 2863 813 2919 habitator
827 2862 903 2919 cellae
952 2862 1076 2918 obtinere
1095 2878 1150 2917 non
1170 2862 1269 2933 possis,
1284 2878 1366 2918 orans
1381 2870 1408 2918 et
1421 2871 1517 2935 petens
1537 2865 1563 2920 in
1580 2868 1689 2923 nomine
1704 2869 1748 2923 di—

107 2967 147 3018 es,
163 2967 224 3008 cum
238 2966 313 3020 oras,
326 2951 439 3006 internis
454 2959 506 3006 tuae
522 2951 747 3007 considerationis
761 2950 848 3007 oculis
864 2951 903 3005 Fi·
951 2949 1014 3005 lecti
1028 2949 1087 3005 Filii
1101 2951 1153 3016 sui,
1168 2950 1192 3004 si
1206 2949 1275 3005 fides
1289 2950 1317 3005 in
1331 2959 1357 3005 te
1372 2966 1426 3006 uon
1440 2951 1561 3023 fluctuat,
1578 2955 1600 3008 si
1616 2971 1679 3026 spes
1694 2973 1750 3012 non

106 3038 160 3094 lius
174 3039 235 3107 bet,
246 3039 316 3094 Patri
330 3055 381 3111 per
395 3039 485 3094 omnia
496 3047 646 3110 sanctoque
656 3039 768 3111 Spiritui
778 3054 904 3110 coaequa-
918 3005 1059 3104 cdillidit,
1075 3037 1097 3092 si
1112 3038 1229 3093 charitas
1243 3055 1298 3093 uon
1311 3040 1449 3110 tepescit?
1464 3041 1577 3096 Intende
1598 3059 1706 3114 quoque
1722 3045 1750 3099 in

105 3127 140 3181 lis
150 3135 177 3182 et
185 3136 346 3196 coaeternus,
356 3135 382 3182 et
392 3126 628 3183 consubstantialis
639 3136 785 3198 :appareat
793 3127 903 3198 inquam
953 3125 995 3180 his
1010 3133 1036 3181 et
1050 3125 1117 3196 ipsis
1131 3125 1221 3182 verbis
1235 3133 1286 3180 tuae
1310 3127 1457 3198 petitionis,
1474 3136 1501 3183 et
1515 3135 1577 3183 ante
1592 3130 1680 3184 Deum
1696 3133 1748 3186 Pa-

105 3214 156 3269 tibi
170 3230 232 3270 cum
246 3214 273 3268 in
287 3214 410 3270 oratione
424 3214 561 3284 consistis,
576 3214 603 3268 in
618 3230 716 3286 magna
731 3214 833 3283 latitia,
850 3216 904 3269 Pa·
953 3219 1023 3268 trem
1046 3212 1259 3283 omnipotentem
1283 3229 1378 3269 coram
1401 3222 1456 3270 tota
1477 3215 1525 3270 illa
1548 3216 1652 3272 caelesti
1675 3219 1750 3274 curia

106 3302 156 3357 tris
169 3309 339 3375 praesentans
352 3302 469 3358 vultibus
484 3301 603 3359 victricis
618 3302 843 3374 oamisgloriam.
861 3302 904 3372 lp·
953 3310 1037 3367 stans,
1055 3309 1080 3356 et
1094 3301 1255 3357 advocatum
1280 3309 1354 3357 tuum
1378 3303 1452 3357 Patri
1475 3312 1655 3376 presentans
1676 3308 1751 3378 qaod

107 3406 137 3446 se
153 3405 270 3462 namque
285 3391 371 3445 altare
395 3405 508 3446 aureum
521 3398 572 3457 est,
589 3390 712 3445 Christus
736 3389 863 3445 videlicet
876 3390 905 3444 in
953 3389 1023 3445 dicis
1045 3403 1102 3455 ore,
1121 3389 1243 3444 revolvas
1258 3389 1285 3443 in
1309 3390 1410 3457 corde3
1427 3398 1456 3445 ut
1469 3393 1617 3448 concordet
1637 3410 1688 3450 vox
1704 3402 1751 3450 tua

106 3487 203 3534 natura
225 3493 362 3549 apparens
376 3478 494 3533 humana
519 3494 579 3549 qum
592 3477 627 3531 ab
641 3477 716 3533 omui
728 3485 840 3549 peccato
856 3477 905 3532 luit
953 3493 1015 3533 cum
1029 3485 1120 3531 monte
1144 3484 1199 3542 tua,
1216 3484 1243 3532 et
1256 3477 1309 3532 hoc
1324 3478 1424 3549 cogitet
1439 3478 1485 3533 illa
1500 3481 1572 3550 quod
1587 3489 1665 3536 sonat
1680 3482 1745 3537 ista.

106 3565 206 3632 aliena,
223 3573 249 3621 et
270 3565 332 3621 ideo
354 3582 457 3621 aurea:
474 3581 557 3636 super
580 3565 654 3636 quod
677 3565 760 3620 altare
781 3580 902 3632 aureum,
954 3567 1011 3620 Hoc
1026 3564 1154 3635 estquod
1169 3564 1295 3635 superius
1310 3565 1388 3620 tertio
1403 3564 1464 3621 loco
1484 3566 1634 3637 posuimus,
1651 3577 1749 3641 quate-

108 3652 261 3708 orationnm
283 3659 436 3708 nostrarum
460 3652 563 3708 hostias
585 3652 766 3718 immolamus,
782 3660 810 3706 ut
829 3651 858 3705 in
870 3666 904 3707 eo
952 3666 1004 3705 nus
1019 3651 1058 3707 sic
1072 3650 1147 3706 illum
1159 3652 1282 3707 attendas
1298 3669 1378 3725 quem
1401 3669 1475 3719 oras,
1493 3661 1521 3708 ut
1535 3656 1672 3711 attendere
1695 3672 1752 3712 non

107 3739 186 3795 nobis
206 3740 393 3810 peccatoribus
417 3755 539 3794 summus
563 3739 609 3795 ille
631 3741 711 3794 Pater
734 3739 902 3811 propitietur,
953 3739 1061 3795 omittas
1077 3740 1141 3812 quid
1153 3740 1219 3795 illud
1232 3740 1276 3808 sit,
1293 3741 1365 3812 quod
1379 3756 1451 3808 oras,
1467 3748 1497 3796 ut
1512 3743 1584 3814 quod
1597 3743 1691 3815 lingua
1706 3761 1751 3801 so-

105 3827 134 3882 in
149 3842 203 3899 quo
218 3835 342 3883 naturam
356 3835 478 3884 nostram
492 3827 581 3883 eidem
590 3827 658 3883 Filio
673 3842 733 3895 suo,
743 3843 800 3883 non
813 3835 905 3882 autem
954 3835 1010 3893 nat,
1026 3827 1133 3882 animus
1156 3827 1299 3901 intelligat.
1324 3830 1391 3896 Hoc,
1407 3828 1458 3893 ais,
1483 3831 1516 3884 ab
1539 3831 1666 3887 omnibus
1690 3824 1750 3889 fieri

107 3915 288 3986 culpabiliter,
304 3916 353 3971 sed
377 3915 547 3972 solummodo
570 3915 736 3979 naturaliter,
751 3914 778 3969 in
802 3916 905 3972 unitate
953 3930 1008 3971 non
1021 3923 1120 3986 potest,
1137 3924 1167 3971 ut
1182 3917 1254 3988 quod
1270 3933 1363 3973 eorum
1377 3917 1471 3990 lingua
1485 3926 1572 3989 sonat,
1588 3920 1641 3976 hoc
1655 3937 1750 3977 eorum

106 4018 233 4073 personae
255 4003 407 4074 copulatam
430 4004 556 4058 intuetur.
574 4005 664 4075 ltaque
690 4011 820 4074 appareat
832 4003 904 4059 inte·
954 4003 1061 4059 animus
1075 4004 1208 4076 intelligat
1225 4021 1231 4061 :
1247 4020 1298 4063 nec
1312 4005 1374 4063 dico
1388 4006 1559 4063 solummodo
1579 4017 1691 4081 propter
1705 4009 1751 4065 in·

107 4090 165 4146 rius
180 4098 232 4146 tuae
246 4091 471 4147 considerationis
495 4090 581 4148 oculis
605 4091 738 4159 Christus,
753 4090 788 4147 de
803 4091 904 4162 Spiritu
922 4091 926 4095 '
954 4092 1126 4147 stabilitatem
1148 4093 1250 4165 quaein
1269 4109 1364 4150 eorum
1386 4102 1476 4150 mente
1501 4104 1551 4162 est,
1569 4098 1618 4153 sed
1638 4106 1751 4169 propter

107 4187 202 4235 sancto
213 4187 362 4250 conceptus
374 4196 381 4234 :
393 4180 549 4236 incarnatus
563 4179 622 4235 sine
633 4179 815 4251 corruptione,
825 4188 905 4234 natus
952 4179 1134 4252 ignorantiam
1150 4197 1210 4252 quae
1224 4181 1253 4235 in
1267 4181 1319 4236 illis
1334 4190 1385 4236 est.
1400 4183 1471 4237 Nam
1494 4191 1557 4238 sunt
1575 4185 1750 4256 quamplures

108 4267 213 4338 absque
236 4267 347 4322 laesione
364 4285 371 4321 ι
387 4283 521 4338 apparens
536 4267 624 4339 llegis
637 4268 709 4322 Deus
724 4267 904 4338 sempiternus
954 4267 999 4338 qui
1013 4266 1071 4322 lere
1085 4267 1152 4320 nibil
1174 4283 1266 4322 eorum
1292 4285 1351 4339 quae
1373 4268 1465 4325 dicunt
1480 4270 1632 4343 intelligere
1650 4272 1749 4340 valent,

105 4353 135 4409 in
149 4356 236 4421 thure,
261 4372 309 4410 rex
335 4355 506 4426 omnipotens
528 4355 556 4410 in
578 4370 655 4424 auro,
680 4355 761 4411 lromo
783 4371 863 4411 verus
878 4350 940 4411 etD
955 4354 1019 4426 quia
1033 4354 1133 4409 nullam
1155 4371 1235 4425 pene,
1252 4364 1380 4426 quantum
1405 4357 1750 4426 adintellectum,litte1a·

107 4443 195 4498 adbuc
220 4442 342 4498 mortalis
370 4442 399 4497 in
422 4444 540 4514 myrrha.
570 4445 707 4513 Appareat
727 4442 784 4508 tibi,
810 4442 906 4498 matris
954 4458 1013 4497 rum
1027 4442 1148 4497 notitiam
1166 4443 1277 4498 habent.
1294 4442 1423 4512 Quamvis
1447 4445 1520 4499 enim
1534 4446 1651 4502 habeant
1665 4465 1750 4520 quau-

107 4529 224 4602 virginis
237 4530 323 4585 ubera
348 4546 459 4600 sugens,
475 4529 573 4601 pannis
587 4529 733 4599 involutus,
748 4529 776 4584 in
791 4529 905 4601 praesepi
954 4538 1010 4585 tum
1024 4531 1059 4585 ad
1074 4530 1238 4587 exteriorem
1253 4533 1397 4587 verborum
1419 4533 1618 4602 prolationem;
1634 4536 1751 4592 sednon

107 4618 221 4688 positus,
244 4618 444 4675 circumcisioni
459 4617 604 4687 subJectus,
620 4617 648 4672 in
663 4618 765 4688 templo
787 4618 904 4684 oblatus,
938 4617 1054 4689 &abent
1074 4627 1204 4691 quantum
1219 4620 1253 4676 ad
1267 4620 1424 4676 interiorem
1447 4621 1535 4693 quiin
1558 4622 1662 4678 eisdem
1686 4640 1750 4681 ver-

108 4704 216 4777 lugiens
231 4705 362 4776 obsequio
376 4704 730 4776 parentuminAEgyptum,
746 4704 848 4761 etinde
862 4721 907 4760 re·
954 4705 997 4760 bis
1024 4706 1105 4774 latet,
1136 4725 1233 4765 sensus
1266 4709 1459 4781 cognitionem.
1494 4710 1623 4782 Nunqaid
1654 4712 1750 4767 horum

108 4792 205 4860 diens;
219 4793 342 4847 subditus
367 4793 536 4863 parentibus,
553 4793 693 4863 sapientia,
709 4800 786 4848 aetate
801 4801 827 4848 et
841 4809 906 4864 gra·
953 4793 1021 4850 dicis
1037 4795 1185 4852 orationem
1200 4797 1274 4851 omni
1287 4813 1379 4853 eoram
1395 4800 1452 4853 lieo
1466 4797 1553 4854 fructu
1568 4814 1671 4865 carere,
1688 4800 1752 4871 quia

107 4880 144 4934 tia
166 4879 323 4951 proficiens.
347 4882 481 4952 Appareat
507 4881 555 4934 tibi
585 4879 746 4952 baptizatus,
767 4881 904 4950 Jejunans,
955 4881 1029 4953 quod
1042 4898 1092 4953 per
1114 4898 1210 4940 vocem
1233 4884 1374 4955 proferunt
1397 4901 1455 4952 ore,
1476 4902 1525 4956 per
1545 4886 1751 4958 intelligentiam

108 4967 242 5035 esuriens,
267 4975 395 5036 tentatus,
412 4983 474 5024 cum
495 4968 649 5024 hominibus
672 4968 907 5025 conversatus2in
955 4985 1010 5024 uon
1034 4969 1144 5040 capiunt
1158 4970 1184 5025 in
1204 4973 1317 5028 mente?
1332 4974 1389 5029 Nos
1412 4981 1501 5029 autem
1525 4975 1577 5031 hoc
1598 4977 1679 5031 modo
1703 4977 1751 5032 tibi

108 5054 186 5111 lactis
209 5055 360 5111 malitiosos
390 5055 529 5111 sustineus
554 5057 753 5126 observatores,
778 5057 806 5112 in
827 5056 907 5113 dictis
955 5058 1072 5113 adhaec.
1089 5059 1165 5113 llbsit
1179 5075 1195 5113 a
1208 5060 1287 5115 nobis
1302 5068 1330 5117 ut
1343 5063 1396 5118 hoc
1411 5062 1542 5119 dicamus.
1554 5065 1615 5120 Non
1630 5065 1702 5120 euim
1716 5065 1751 5121 de

108 5142 263 5213 pertinaces
278 5144 503 5200 contradictores.
526 5147 664 5215 Appareat
677 5145 726 5199 tibi
739 5161 803 5200 vera
817 5153 844 5201 et
859 5160 906 5199 sa·
955 5144 1009 5199 illis
1050 5146 1216 5203 arbitramur
1248 5149 1350 5205 dictum
1376 5167 1383 5204 ε
1405 5152 1541 5222 lgnorcm
1574 5153 1752 5224 ignorabitur

108 5228 196 5285 lubria
217 5231 332 5298 docens,
348 5248 416 5288 nova
441 5240 467 5287 et
481 5231 551 5287 mira
573 5231 687 5302 faciens,
711 5232 907 5304 discipulorum
956 5232 982 5303 (l
996 5234 1056 5290 Cor.
1073 5249 1132 5302 xiv,
1150 5239 1205 5308 38).
1221 5236 1292 5292 Nam
1315 5238 1378 5294 licet
1392 5240 1461 5294 hanc
1476 5238 1681 5311 intelligentiam
1696 5258 1750 5297 non

109 5333 220 5374 suorum
242 5320 329 5389 pedes
351 5320 475 5388 abluens,
491 5327 660 5385 sacramenta
674 5320 713 5376 eis
727 5321 851 5393 corporis
866 5320 908 5376 sui
957 5321 1072 5380 babeant
1085 5341 1092 5390 ;
1107 5323 1130 5378 si
1151 5325 1234 5381 corde
1258 5326 1366 5392 devoto,
1394 5334 1420 5380 et
1446 5327 1593 5383 intentione
1617 5329 1699 5396 bona,
1725 5338 1752 5384 ot

109 5416 143 5457 ac
158 5402 299 5474 sanguinis
322 5404 440 5471 tradens,
455 5403 485 5459 in
497 5403 597 5477 agonia
617 5402 750 5475 prolixius
763 5418 855 5472 orans,
871 5403 907 5459 ita
956 5418 1032 5466 recto
1045 5411 1128 5469 modo
1150 5428 1230 5469 sacra
1245 5415 1328 5471 verba
1342 5412 1489 5485 proferant,
1506 5431 1568 5472 cum
1584 5415 1647 5487 lide,
1663 5424 1757 5488 spect
