3750 5984
47 169 103 228 257
356 163 547 223 EXPOSITIO
565 165 602 222 IN
619 163 810 221 EPISTOLAS
829 160 941 218 esunt.
958 162 1044 217 -ΙΝ
1061 160 1171 219 EPIST.
1186 162 1272 219 ιιιι)
1294 161 1374 220 COR.

49 290 248 348 ministratione
270 289 455 363 glorilieatur;
471 298 507 358 ει,
523 298 551 346 ιιι
575 290 609 346 de
631 289 718 363 gloria
741 286 849 344 Domini
861 287 913 348 A«
935 285 978 341 bis
992 294 1140 343 evacuetur
1149 286 1177 342 in
1191 288 1242 344 hac
1257 295 1343 358 parte,
1355 294 1383 342 ιιι
1394 287 1621 359 quemadmodum
1630 289 1695 358 dixi,

50 379 159 447 sileam,
174 380 198 435 si
212 395 267 436 non
291 387 363 436 esset
385 380 467 448 aliud,
482 379 637 435 ministrare
660 377 796 434 deberetis
817 377 852 432 ad
904 397 914 426 ι
937 376 1025 448 parati
1039 375 1117 444 sitis3
1133 392 1167 431 ne
1182 391 1244 432 cum
1258 376 1382 432 venerint
1399 377 1563 433 Macedones
1577 393 1696 446 mecum,

52 468 244 541 complendam
265 469 430 526 voluntatem
463 476 595 539 nostram,
620 466 744 526 doctrina
775 466 853 536 cujus
903 472 963 520 «ει
977 464 1128 521 invenerint
1146 481 1196 521 vos
1211 464 1369 537 imparatos,
1387 465 1581 522 erubescamus
1598 474 1699 531 nos,ut

52 555 102 613 lilii
116 556 168 614 Dei
181 557 258 612 estis.
903 574 915 600 a
937 569 991 608 non
1003 552 1126 609 dicamus
1136 552 1198 626 [al.,
1207 551 1308 626 dicam]
1318 569 1367 609 vos
1376 553 1404 608 in
1415 554 1465 610 hac
1475 554 1699 611 substantia.Na·

92 647 271 704 Voluntatem
285 645 347 702 dico
368 646 460 719 utique
483 644 660 718 sequendam,
677 643 741 716 quia
764 642 852 700 desti-
904 662 916 691 ι
937 641 1086 697 cessarium
1101 657 1167 713 ergo
1182 641 1334 697 existimavi
1348 657 1448 715 rogare
1461 641 1568 709 tratres,
1585 651 1614 699 ut
1627 660 1699 714 prea-

53 734 204 804 natam,id
220 742 261 790 est
271 734 299 789 in
309 735 362 791 hoc
373 734 442 791 velle
451 735 601 790 ordinatam
612 735 680 790 Deo.
697 734 770 788 Deus
781 731 853 788 enirn
905 752 915 777 ι
938 730 1048 785 veniant
1063 729 1098 785 ad
1112 746 1162 786 vos
1175 738 1331 801 praeparent
1355 731 1551 802 repromissam
1566 732 1698 789 benedic-

51 840 99 879 me
114 822 154 880 sic
167 822 237 878 velle
252 822 395 894 disposuit.
422 823 548 880 Misimus
570 823 660 879 Titum
674 829 701 878 et
715 839 778 878 cam
802 821 853 877 illo
905 841 917 870 ι
937 819 1037 874 ιὶοιιειιι
1050 820 1121 875 hanc
1130 827 1252 891 paratam
1263 835 1334 887 esse,
1347 819 1408 893 [al.,
1424 820 1560 894 siclquasi
1570 821 1699 879 benedic·

50 911 137 967 ttlium
153 914 285 982 fratrem,
303 912 453 967 devitantes
467 913 520 967 hoc
531 928 565 967 ne
580 910 641 983 quis
656 927 707 965 nos
722 909 854 980 vituperet
906 930 917 959 ι
939 909 1050 974 tionem,
1067 925 1121 964 non
1133 910 1211 980 quasi
1218 909 1367 965 avaritiam.
1383 910 1539 966 Hocautem
1553 911 1634 967 dico:
1647 910 1700 980 Qui

51 999 80 1055 in
96 1000 150 1056 hac
163 999 331 1071 plenitudine
346 1000 590 1071 eleemosynarum,
606 1016 667 1071 qua.¹
682 1014 698 1054 a
712 997 791 1053 nohis
804 997 856 1051 mi·
906 1018 917 1048 ι
939 1014 1021 1069 parce
1040 997 1165 1064 seminat,
1185 1013 1269 1069 parce
1281 1005 1308 1054 et
1317 1006 1400 1054 metet
1411 1017 1418 1066 ;
1431 1006 1458 1054 et
1472 999 1518 1071 qui
1538 1000 1654 1055 seminat
1672 1000 1700 1055 in

50 1088 187 1143 nistratur
210 1087 352 1144 sanctisin
374 1088 580 1160 Hierosolymis.
607 1088 672 1143 Ideo
696 1087 792 1142 Paulus
816 1093 855 1141 tot
906 1109 917 1134 ι
939 1085 1183 1155 benedictionibus,
1192 1086 1466 1143 debenedictionibua
1475 1095 1701 1154 etmetet;unus-

50 1176 171 1232 idoneos
184 1184 268 1232 testes
282 1175 403 1232 mittebat
417 1177 451 1232 ad
466 1177 638 1248 accipiendas
653 1175 792 1240 collectas,
808 1190 853 1242 ne,
907 1197 918 1222 ι
941 1175 1055 1247 quisque
1070 1182 1149 1247 prout
1164 1174 1307 1230 destinavit
1320 1175 1348 1230 in
1363 1177 1446 1232 corde
1461 1193 1520 1241 suo,
1536 1192 1591 1232 non
1607 1193 1640 1233 ex
1654 1177 1701 1233 tri·

51 1264 75 1321 si
90 1281 143 1336 per
157 1265 336 1337 suspiciosam
351 1282 497 1337 personam
520 1266 572 1321 hoc
587 1265 696 1332 laceret,
714 1264 855 1335 vitupera·
907 1285 919 1314 ι
941 1263 1012 1318 stitia
1025 1271 1070 1318 aut
1081 1280 1113 1318 ex
1128 1262 1301 1319 necessitate.
1320 1288 1330 1311 «ι
1348 1263 1468 1320 Hilarem
1483 1265 1555 1320 enim
1576 1266 1701 1322 datorem

50 1362 114 1410 rent
132 1369 204 1419 eum,
220 1352 342 1410 dieentes
356 1354 430 1425 quod
444 1354 478 1409 de
493 1354 571 1425 eopia
582 1354 816 1425 eleemosynarnm
827 1352 856 1407 in
907 1375 918 1400 ι
941 1352 1028 1423 diligit
1043 1353 1115 1407 Deus
1130 1352 1228 1422 (Ereti.
1243 1367 1334 1418 xxxv,
1348 1353 1401 1424 tt).
1421 1374 1432 1403 ι
1451 1355 1596 1410 Ροιειιεεει
1610 1362 1700 1411 ειιιειιι

53 1458 121 1498 ειιοε
136 1459 203 1497 ιιειιε
217 1442 356 1499 retineret.
372 1442 440 1499 Dico
454 1459 490 1500 ne
504 1444 566 1515 quis
587 1460 638 1500 nos
663 1444 813 1515 vituperet,
830 1449 856 1496 et
908 1464 919 1490 «
946 1439 1064 1498 186
1079 1442 1269 1497 Deusomnem
1284 1441 1400 1514 gratiam
1413 1441 1554 1498 abundare
1568 1442 1659 1501 iacere
1673 1443 1702 1498 in

53 1531 147 1598 bene;
164 1548 233 1586 narn
247 1547 297 1586 nos
312 1531 352 1588 sic
365 1530 496 1587 iacientes
508 1531 689 1603 providemus
712 1533 782 1587 bona
798 1546 856 1585 non
909 1550 920 1580 ι
942 1528 1030 1598 vobis,
1045 1536 1074 1583 ιιι
1088 1529 1115 1583 in
1131 1529 1257 1584 omnibus
1271 1545 1380 1600 semper
1391 1545 1499 1586 omnem
1515 1530 1703 1588 sufficientiam

52 1621 250 1677 solumcoram
264 1622 327 1688 lieo,
338 1620 483 1676 sedetiam
494 1636 589 1679 coram
600 1619 725 1675 omnibns
736 1617 894 1703 homini-B
909 1617 1085 1683 «habentes,
1109 1616 1253 1673 abundetis
1275 1617 1303 1672 in
1319 1633 1400 1674 omne
1416 1635 1485 1690 opus
1500 1619 1611 1686 bonum,
1635 1620 1705 1677 sicut

54 1709 114 1764 bus.
133 1708 221 1764 Nemo
243 1708 316 1764 enim
330 1708 433 1780 aliquid
456 1708 631 1780 vituperabile
653 1709 750 1779 poterit
765 1707 857 1778 suspi-
908 1729 919 1754 ιι
942 1705 1151 1778 scriptumest:
1167 1705 1398 1777 Dispersit,dedit
1416 1707 1592 1779 pauperibus,
1601 1709 1705 1779 justitia

55 1796 126 1867 cari,
143 1795 191 1851 ubi
214 1803 252 1852 tot
275 1797 389 1852 idoneos
415 1804 497 1853 testes
521 1797 629 1852 viderit.
647 1797 676 1850 ln
696 1797 749 1853 hoc
772 1795 857 1852 verbo
910 1816 921 1846 ι
943 1795 1003 1864 ejus
1016 1802 1108 1850 manet
1122 1793 1149 1848 in
1164 1794 1293 1850 saeculum
1308 1794 1400 1851 saeculi
1414 1796 1513 1865 (Psoi,
1524 1811 1581 1865 ext,
1597 1798 1635 1867 9).
1652 1795 1705 1865 Qui

54 1883 133 1940 Pauli
149 1884 301 1956 concipitur
315 1886 388 1956 quod
404 1885 450 1956 qui
465 1902 495 1941 se
510 1885 591 1941 talem
610 1885 719 1940 exhibet
733 1892 762 1939 ut
777 1885 811 1939 de
826 1899 859 1940 eo
911 1907 921 1932 ι
944 1892 1033 1939 antem
1051 1881 1220 1938 administrat
1235 1899 1328 1938 semen
1352 1883 1504 1952 seminanti,
1520 1892 1547 1940 ct
1560 1901 1658 1956 panem
1670 1885 1704 1940 ad

55 1972 168 2028 sinistra
190 1972 277 2044 possit
299 1972 363 2028 oriri
387 1973 515 2044 suspirie,
534 1973 616 2029 etiam
632 1973 655 2028 si
669 1989 724 2029 non
739 1972 772 2027 sit
796 1987 859 2028 reus
911 1991 922 2021 r
944 1972 1161 2028 manducandum
1181 1971 1329 2043 praestahit.
1346 1973 1381 2027 Et
1403 1972 1589 2045 multiplicabit
1611 1989 1705 2030 semen

55 2061 132 2128 inde,
156 2068 252 2132 peccat
276 2069 375 2129 tamen,
392 2060 467 2129 dum,
488 2078 538 2133 per
563 2061 759 2135 negligentiam
782 2077 859 2115 suam
912 2068 1076 2126 «vestrum,
1093 2069 1120 2116 et
1143 2061 1253 2133 augebit
1275 2061 1444 2117 incrementa
1467 2061 1575 2134 frugum
1595 2062 1707 2131 justitian

57 2149 151 2205 minus
175 2149 289 2220 provide
312 2165 409 2223 agens,
439 2151 467 2204 in
488 2151 573 2206 tratre
596 2150 708 2207 suscitat
741 2149 858 2221 culpam.
912 2173 923 2198 ι
947 2157 1059 2217 vestrae,
1086 2158 1114 2204 ut
1138 2150 1166 2204 in
1190 2149 1316 2204 omnibus
1340 2149 1497 2221 locupletati
1521 2150 1708 2207 abundatiam

59 2238 129 2293 Cum
148 2238 209 2292 Tito
234 2246 325 2293 autem
348 2246 375 2294 et
398 2254 459 2295 cum
484 2239 531 2295 illo
554 2239 608 2294 alio
631 2238 715 2295 tratre
737 2237 860 2294 misimus
914 2262 924 2289 ι
946 2255 1055 2296 οιιιιιειιι
1071 2238 1281 2310 simplicitatem,
1296 2254 1357 2310 quae
1371 2247 1499 2309 operatur
1512 2255 1561 2311 per
1575 2255 1625 2296 nos
1639 2255 1699 2312 gra·

58 2327 275 2397 etiamsratrem
284 2329 550 2401 nostrumqaemin
560 2327 859 2400 maltisproiaoitnas,
914 2350 925 2379 a
946 2328 1045 2383 tiaram
1060 2327 1194 2382 actionem
1209 2327 1277 2383 Deo.
1295 2325 1429 2395 Quoniam
1451 2327 1629 2383 ministerium
1653 2329 1707 2383 hu·

59 2423 84 2470 et
99 2431 175 2488 soepe
190 2416 346 2471 sollicitum
360 2432 419 2473 esse
434 2416 469 2471 de
484 2416 571 2473 robis.
588 2418 666 2471 Hunc
680 2415 792 2472 fratrem
806 2431 861 2471 non
914 2437 925 2467 ι
944 2417 989 2486 ius
1004 2414 1084 2472 officii
1099 2415 1249 2471 nonsolum
1259 2415 1367 2486 supplet
1378 2430 1476 2488 eaquae
1487 2416 1585 2471 desunt
1595 2417 1718 2487 sanctis,

1641 167 1695 224 25⁸
1781 178 1784 182 ’

60 2502 203 2570 nominat;
218 2504 268 2559 sed
276 2504 413 2560 credimus
422 2505 493 2560 hunc
508 2521 569 2560 esse
583 2504 692 2576 Apollo,
702 2505 862 2576 episcopum

62 2607 170 2658 eorum,
188 2591 243 2664 qui,
259 2591 287 2646 in
301 2593 386 2664 prima
402 2592 524 2664 Epistola
543 2602 654 2666 rogatus
669 2608 685 2648 a
700 2593 794 2660 Paulo,
810 2608 862 2648 no-

61 2680 111 2736 luit
125 2679 168 2735 ire
183 2680 208 2749 (l
221 2682 281 2738 Cor.
302 2696 362 2751 ιιι,
380 2683 435 2753 tu),
453 2681 566 2737 audiens
587 2681 648 2737 illos
672 2682 759 2737 adhuc
775 2681 863 2736 incor-

62 2776 172 2836 rectos,
189 2769 239 2824 sed
253 2785 325 2826 nunc
339 2769 430 2825 audito
444 2786 494 2841 per
508 2770 596 2826 Titum
611 2770 683 2841 quod
698 2777 790 2825 essent
804 2785 863 2825 cor-

63 2857 144 2924 recti,
158 2857 303 2914 revertitur
316 2858 351 2913 ad
360 2858 432 2914 illos.
444 2859 511 2915 Dico
521 2874 583 2914 eum
594 2858 678 2914 tuisse
688 2859 863 2926 sollicitam,

62 2947 112 3002 sed
126 2945 221 3003 sciatis
236 2964 313 3003 nunc
330 2948 422 3003 multo
436 2948 632 3006 sollicitiorem
646 2964 707 3004 esse
724 2948 758 3004 de
771 2956 865 3005 vestra

64 3034 165 3101 salute,
180 3036 353 3104 confidentia
368 3037 461 3092 malta
476 3036 567 3091 habita
580 3038 612 3092 in
635 3037 719 3107 vain,
735 3038 792 3094 siue
813 3051 864 3108 pro

67 3125 129 3180 tiro
144 3123 192 3194 qui
206 3124 405 3179 commendavit
424 3125 619 3181 correctionem
644 3125 728 3180 vestri
743 3124 790 3191 itti,
807 3127 866 3182 siae

64 3227 116 3283 pro
132 3210 178 3267 liis
193 3213 242 3285 qut
255 3216 325 3268 sant
339 3215 446 3283 fratres
458 3213 560 3280 nostri,
573 3213 600 3268 id
616 3221 657 3269 cst
667 3221 694 3268 et
708 3229 759 3285 pro
769 3214 829 3268 Tito
840 3219 867 3270 et

67 3314 118 3370 pro
128 3299 184 3356 his.
199 3300 251 3355 Pro
262 3300 402 3367 Titodico,
420 3302 468 3374 qui
483 3305 524 3358 est
539 3302 630 3358 socius
643 3317 723 3358 meus
738 3301 766 3356 in
781 3301 868 3357 omni-

65 3387 172 3456 bus,‚et
185 3387 303 3444 maxime
317 3389 422 3457 adiutor
437 3389 464 3443 in
479 3389 566 3456 vobis,
585 3397 611 3445 et
621 3406 671 3462 pro
686 3390 728 3444 his
743 3390 790 3461 qui
805 3397 868 3445 sunt

66 3474 169 3531 iratres
183 3476 271 3532 nostri
285 3478 413 3549 apostoli,
425 3477 452 3532 id
463 3486 504 3533 εει
515 3477 597 3549 legati
607 3479 797 3535 Ecclesiaram
808 3478 869 3551 glo-

66 3564 117 3620 rias
134 3563 253 3631 Christi,
269 3564 296 3619 id
311 3572 353 3620 cst
367 3565 401 3620 ad
414 3566 617 3637 praedicandum
632 3566 747 3640 gloriam
757 3566 867 3622 Christi.

68 3653 101 3708 Et
130 3653 195 3724 quia
219 3660 273 3708 tam
296 3653 424 3724 probatas
446 3670 579 3726 personas
604 3654 638 3710 ad
663 3670 711 3711 vos
735 3655 868 3711 misimus.

67 3743 140 3813 Erpa
164 3741 298 3797 ostendite
321 3742 349 3796 in
370 3742 431 3798 illos
455 3743 613 3799 charitatem
637 3752 765 3812 vestram,
782 3752 807 3800 ει
831 3745 871 3814 (ut

68 3830 130 3902 plus
141 3829 244 3901 dicam)
258 3830 392 3886 ostendite
402 3830 430 3885 in
439 3830 500 3887 illos
508 3833 696 3889 ostensionem
706 3850 767 3905 qaoe
777 3841 870 3888 osten·

68 3919 110 3974 sio
125 3921 170 3974 est
184 3919 337 3976 charitatis
350 3924 460 3976 vestroe.
478 3920 506 3977 Si
516 3920 588 3976 enim
598 3937 647 3977 ιοε
662 3921 786 3994 ingratos
797 3920 873 3976 exhi-

68 4005 196 4076 bueritis,
212 4007 300 4078 palam
323 4008 375 4063 erit
389 4024 439 4065 vos
452 3998 486 4065 ἐι
510 4009 606 4066 ιίιιιοιε
620 4010 694 4082 quod
709 4009 872 4081 inpeccatis

68 4095 163 4162 eratis,
177 4103 205 4150 et
220 4111 274 4151 non
289 4113 322 4153 ex
338 4097 468 4153 charitate
491 4097 662 4154 ministrasse
674 4098 736 4168 Tito
749 4106 776 4154 ct
791 4098 871 4164 aliis,

70 4183 120 4238 sad
138 4183 295 4257 benignitas
319 4193 409 4241 restra
432 4201 505 4243 nuno
529 4186 564 4241 ad
588 4186 655 4242 istos
680 4185 798 4242 exhibita
822 4186 874 4242 erit

71 4271 195 4327 ostensio
221 4280 318 4329 restrae
340 4273 569 4348 charitatisque
592 4275 752 4346 approbabit
776 4291 825 4331 vos
841 4291 873 4331 ex

69 4361 202 4416 charitate
215 4358 314 4417 iecisse
328 4363 400 4434 quod
415 4361 489 4434 prius
499 4362 610 4419 lecistis.
629 4364 774 4420 Ostendite
790 4362 910 4424 etiamD
926 4392 1004 4459 pago,

72 4449 259 4505 ostensionem
275 4455 378 4507 nostrae
391 4451 487 4523 glorie
497 4450 597 4507 habitae
606 4452 679 4523 apud
689 4452 750 4507 illos
764 4469 815 4526 pro
830 4469 876 4511 vo·

71 4537 133 4605 bia,·
147 4536 264 4592 maltum
288 4538 361 4594 enim
385 4538 515 4610 gloriatus
540 4556 601 4594 sum
616 4548 642 4595 ει
664 4540 778 4611 promisi
801 4539 875 4612 quod

72 4624 226 4682 honorilice
242 4641 289 4682 eos
303 4627 467 4698 suscipietis.
495 4628 639 4685 ostendite
663 4629 724 4685 dico
747 4630 778 4685 in
801 4632 876 4702 sarie

71 4721 233 4771 caeterarum
247 4715 448 4783 Ecclesiaram,
464 4725 493 4771 ut
507 4732 556 4773 vos
565 4716 623 4771 sitis
638 4715 721 4773 facies
736 4725 763 4773 et
777 4717 874 4786 forma,

72 4818 193 4875 quorum
206 4803 376 4880 similitudini
390 4804 580 4877 imprimantur
594 4805 655 4862 oliae
666 4805 807 4863 Ecclesiae.

389 4963 502 5021 CAPUT
516 4964 565 5021 IX.

113 5116 125 5147 ι
143 5094 216 5151 Nam
230 5094 265 5152 de
280 5095 431 5154 ministerio
446 5113 506 5169 quac
521 5097 551 5152 fit
563 5097 592 5152 in
607 5105 726 5164 sanctos,
744 5113 777 5154 ex
792 5097 878 5153 abun-

77 5208 88 5231 ·
110 5183 239 5240 dantiest
252 5184 319 5240 mihi
329 5186 448 5242 seribere
459 5186 546 5242 vobis.
563 5186 625 5243 Scio
636 5185 709 5242 enirn
723 5194 879 5258 promptum

77 5294 88 5325 ι
110 5273 236 5329 animum
249 5280 379 5341 vestrum,
395 5290 516 5347 proquo
536 5275 570 5330 de
586 5275 664 5331 vobis
689 5275 792 5349 glorior
806 5274 880 5347 apud

77 5381 89 5411 ι
110 5362 298 5429 Macedonem
314 5363 442 5434 quoniam
453 5371 478 5419 et
494 5363 593 5419 Achaia
604 5371 698 5435 parata
711 5363 796 5420 estab
807 5379 880 5420 anno

78 5472 89 5497 ι
111 5449 265 5522 praeterito,
281 5459 308 5507 et
320 5444 413 5508 restra
423 5451 558 5508 aemulatio
567 5451 726 5524 provocavit
736 5450 879 5523 plurimos.

78 5559 89 5590 ι
112 5538 239 5596 Misimus
249 5547 340 5598 autem
349 5539 536 5612 tratres,utne
546 5539 776 5614 quodgloriamur
786 5540 820 5599 de
829 5557 881 5599 vo-

915 2526 926 2556 «
949 2505 997 2560 sed
1012 2504 1094 2560 ctiam
1109 2504 1230 2559 abundat
1244 2519 1293 2575 per
1307 2504 1403 2559 multas
1426 2504 1573 2577 gratiarum
1587 2505 1709 2562 actiones

915 2616 926 2645 ι
944 2593 970 2648 in
986 2593 1103 2649 Domino
1117 2608 1166 2664 per
1179 2591 1369 2664 probationem
1383 2592 1527 2649 ministerii
1541 2594 1629 2666 hujus,
1645 2594 1709 2668 glo·

916 2705 927 2734 a
945 2681 1082 2738 rideantes
1096 2682 1184 2737 Deum
1198 2681 1226 2735 in
1240 2681 1396 2736 obedientia
1416 2682 1597 2738 confessionis
1610 2690 1710 2740 vestra

916 2771 972 2826 «in
994 2770 1146 2845 Evangelio
1174 2769 1274 2825 Christi
1302 2777 1328 2826 et
1360 2769 1532 2841 simplicitate
1558 2771 1712 2828 communi-

916 2883 927 2910 ι
950 2859 1064 2917 cationis
1074 2859 1209 2915 vestraein
1218 2857 1280 2914 illos
1295 2859 1363 2914 etin
1386 2874 1482 2914 omncs
1493 2878 1499 2927 ;
1512 2867 1538 2916 et
1552 2859 1580 2914 in
1590 2861 1711 2932 ipsorum

917 2973 928 2998 a
950 2947 1139 3005 obsecratione
1153 2964 1203 3019 pro
1214 2945 1301 3015 vobis,
1317 2946 1528 3003 desiderantium
1539 2964 1589 3004 vos
1601 2957 1713 3021 propter

916 3059 928 3088 ι
951 3036 1115 3093 eminentem
1129 3036 1248 3108 gratiam
1260 3035 1311 3091 Dei
1324 3035 1353 3091 in
1363 3036 1450 3093 vobis.
1468 3036 1575 3092 Gratias
1585 3051 1639 3110 ago
1653 3037 1712 3094 Deo

916 3149 927 3173 a
951 3141 1033 3197 super
1045 3124 1224 3181 inenarrabili
1238 3124 1311 3181 dono
1326 3125 1395 3196 ejus.
1415 3146 1427 3177 s

1231 3298 1389 3341 sxrostt‘to.

952 3419 987 3475 Ut
1001 3417 1158 3474 charitatem
1178 3425 1298 3472 vestram
1312 3417 1341 3472 in
1353 3416 1415 3473 illos
1439 3417 1599 3487 ostendatis,
1615 3419 1714 3476 admo-

917 3523 980 3562 neo.
992 3507 1063 3561 Nam
1073 3505 1193 3561 scribere
1206 3506 1280 3561 vohis
1296 3505 1328 3562 de
1343 3505 1514 3572 ministerio,
1525 3507 1553 3561 id
1563 3514 1604 3562 est
1614 3507 1648 3562 de
1659 3507 1716 3563 ool·

917 3595 994 3651 lectis
1020 3594 1082 3660 illis,
1108 3593 1180 3665 quod
1204 3593 1386 3649 ministerium
1401 3594 1436 3649 sit
1449 3594 1669 3651 transferendum
1682 3597 1715 3652 in

919 3688 1042 3747 satiatos,
1059 3683 1093 3738 de
1102 3683 1167 3749 hor,
1178 3682 1298 3754 inquam,
1308 3682 1562 3740 scribereestmtti
1575 3700 1613 3740 ea
1627 3685 1717 3741 ubun-

919 3772 1010 3837 rlantt,
1026 3771 1053 3826 id
1064 3778 1106 3826 est
1115 3769 1282 3842 superfluum
1288 3771 1418 3840 judicavi.
1430 3772 1577 3843 Propterea
1585 3788 1618 3828 ex
1631 3772 1715 3828 abun-

920 3860 1005 3928 danti,
1022 3862 1087 3932 qaia
1101 3860 1158 3916 scio
1168 3861 1298 3915 animum
1312 3864 1437 3916 vestrum
1446 3865 1609 3934 promptum
1619 3860 1718 3918 essead

921 3949 1152 4014 ministrandum
1174 3964 1225 4020 pro
1248 3964 1300 4021 quo
1322 3948 1426 4005 scilicet
1450 3941 1512 4020 qu'ia
1531 3949 1617 4021 parati
1640 3950 1716 4018 estis,

920 4039 1025 4111 plorior
1039 4038 1073 4092 de
1090 4037 1166 4093 vobis
1180 4036 1216 4091 ita
1230 4036 1258 4091 in
1266 4037 1398 4093 charitate
1412 4036 1528 4106 diffusis,
1537 4039 1613 4111 apud
1627 4039 1719 4095 Mace·

922 4126 1019 4192 donas,
1036 4125 1140 4181 dicens.
1167 4126 1304 4195 Quoniam
1318 4141 1374 4181 non
1388 4125 1477 4181 solum
1500 4127 1657 4191 Corinthus,
1670 4125 1720 4182 sed

923 4216 1011 4271 etiam
1025 4220 1082 4269 tota
1096 4214 1203 4270 Malaia
1226 4213 1277 4268 sub
1296 4213 1437 4280 Corintho,
1457 4219 1562 4287 parato
1575 4219 1619 4271 est
1632 4216 1720 4271 mini·

923 4307 1015 4360 strare
1031 4301 1180 4358 sanctiani
1193 4317 1269 4357 anno
1279 4303 1434 4375 praeterito,
1443 4307 1471 4359 et
1481 4302 1521 4359 sic
1529 4307 1623 4361 uestra
1632 4319 1721 4360 oemu·

1021 4390 1105 4447 idest
1128 4390 1241 4446 imitatio
1263 4391 1423 4463 provocavit
1446 4392 1584 4464 plurimes
1599 4391 1634 4447 ad
1648 4392 1721 4449 idem

925 4480 1089 4537 laciendum.
1115 4478 1266 4535 Videndum
1290 4487 1331 4535 est
1346 4486 1445 4552 quanta
1461 4479 1608 4537 subtilitate
1623 4480 1723 4537 Paulus

926 4569 953 4624 in
968 4568 1073 4640 primis,
1089 4567 1215 4640 exemplo
1228 4553 1417 4635 Macedonum,
1429 4567 1540 4624 inducat
1555 4568 1720 4636 Corinthios,

926 4672 999 4713 nuno
1012 4673 1027 4712 e
1042 4671 1173 4713 converso
1187 4656 1352 4712 Macedonas
1370 4657 1495 4729 exemplo
1510 4656 1721 4713 Corinthiorum.

925 4747 960 4802 Et
973 4745 1037 4801 licet
1051 4745 1160 4800 animus
1173 4753 1264 4801 vester
1277 4753 1419 4817 promptus
1433 4744 1477 4812 sit,
1489 4753 1580 4801 tamen
1592 4745 1724 4802 misimus

926 4832 963 4889 ari
977 4850 1022 4890 aes
1031 4834 1082 4889 hos
1092 4836 1219 4906 trahes,-
1234 4837 1268 4890 ut
1281 4833 1352 4906 quod
1364 4834 1522 4905 gloriamur
1531 4834 1603 4906 apud
1613 4833 1680 4889 alios
1690 4832 1725 4891 de

927 4922 1010 4989 vobis,
1037 4938 1074 4978 ne
1098 4926 1260 4990 evacuetur,
1276 4921 1304 4977 id
1327 4930 1438 4978 estnon
1453 4922 1656 4979 destructoria
1672 4923 1725 4980 ltuc

926 5014 1019 5084 parte,
1034 5010 1113 5067 idest
1127 5011 1264 5083 inparata
1278 5009 1524 5068 administratione.
1533 5010 1666 5080 Misimus,
1680 5010 1727 5067 in·

928 5115 1021 5172 quam,
1036 5103 1079 5169 ut,
1096 5098 1329 5173 quemadmodum
1344 5099 1372 5154 in
1386 5099 1439 5155 alia
1462 5100 1577 5172 epistola
1600 5101 1663 5157 diat
1674 5116 1728 5173 pa·

929 5189 988 5244 rati
998 5189 1188 5255 sitis,ne,cum
1198 5189 1358 5246 Macedones
1368 5188 1724 5254 mecumuenertntadvos,

929 5281 958 5332 et
968 5277 1188 5334 invenerintvos
1198 5278 1623 5350 imparatos,erubescamusnos
1632 5279 1663 5332 in
1674 5275 1727 5332 hac

930 5365 1101 5434 substantia,
1117 5365 1202 5422 idest
1224 5366 1397 5438 eleemosyna
1417 5381 1473 5422 non
1495 5363 1727 5438 praeparantem

930 5454 992 5510 dico
1007 5456 1202 5513 erubescamus
1218 5461 1315 5511 utnon
1330 5454 1454 5511 dicamus
1468 5454 1543 5526 quod
1561 5468 1610 5510 vos
1624 5450 1727 5508 erube·

932 5542 1023 5613 scatia,
1040 5543 1087 5616 qtd
1100 5543 1194 5615 utique
1208 5543 1369 5616 siimparati
1383 5542 1459 5611 estis,
1470 5541 1568 5600 merito
1583 5540 1730 5600 erubesce·
