3742 5986
181 203 234 259 523
448 201 477 259 S.
501 202 679 261 BRUNONlS
701 201 1026 262 cauruusmttottuh
1046 202 1288 262 tttsrtrttvottts
1307 202 1387 261 OPP.
1410 203 1500 262 PARS
1523 203 1557 260 ΙΙ.
1777 203 1832 261 iffi

180 324 328 396 spoliorum
343 325 423 397 (Gerr.
440 341 501 392 mv,
517 326 573 395 20).
588 325 638 382 Hic
651 328 777 397 primum
805 326 917 399 quidem
932 325 976 380 di·
985 326 1015 390 Α
1029 325 1081 382 hoc
1089 325 1436 398 qnodaliquidefiliisleui
1444 327 1616 398 accipientes
1623 324 1828 392 sacerdotium,

180 421 240 469 ctus
254 421 297 470 est
310 413 523 483 Melchisedech,
534 415 582 488 qui
595 415 623 469 id
638 414 761 486 estquod
777 430 876 470 nomen
886 415 978 470 irater-
1028 414 1309 470 hebeetmcadetem
1319 431 1430 471 sumere
1440 414 1563 471 decimes
1573 431 1591 470 e
1600 411 1829 487 populo,necalio

179 507 314 575 pretatur
327 518 381 559 ree
389 504 523 574 justitiae.
540 503 647 559 Deinde
660 507 757 559 eutem
773 503 861 559 dictus
872 511 914 558 εει
924 519 977 559 rea
1027 499 1109 554 modo
1117 499 1256 566 auderent,
1268 506 1294 554 et
1303 499 1355 554 hoc
1369 499 1524 555 secundem
1535 499 1632 571 tepens,
1644 497 1672 552 in
1688 512 1743 570 qua
1753 496 1829 552 servi

181 591 284 660 Salem,
302 592 373 663 quod
387 596 430 647 est
444 592 651 663 interpretatum
661 607 714 647 ree
726 591 805 665 pacis
821 591 871 646 llic
878 591 977 646 iterum
1027 595 1100 642 sunt.
1115 590 1138 642 Α
1152 587 1253 658 populo
1275 587 1346 656 dico,
1369 587 1397 642 id
1418 595 1460 642 εει
1481 586 1653 659 efrctribas
1673 587 1745 654 suis,
1770 585 1817 658 qui

180 678 392 747 Melchisedech,
404 680 465 735 sine
479 683 571 753 petre,
584 682 645 736 sine
658 683 826 747 matrerm
842 679 914 753 quod
928 694 977 750 pa·
1027 682 1173 746 propterea
1187 675 1251 746 quia
1274 674 1382 742 fratres,
1398 673 1516 731 libenter
1528 675 1649 730 tribuunt
1664 674 1714 740 eis,
1731 673 1761 729 in
1775 674 1829 731 hoc

181 775 273 822 rentes
292 783 347 823 non
370 767 503 833 habuerit,
520 768 569 822 sed
593 767 655 838 quia
676 767 816 838 Scriptura
840 784 902 823 eum
924 767 977 822 ha·
1028 763 1101 835 quod
1125 771 1235 818 sumunt
1258 762 1389 833 decimas,
1414 761 1541 818 differunt
1556 777 1572 818 a
1586 761 1706 835 populo;
1731 778 1827 836 qaart·

180 853 273 910 baisse
288 854 443 911 nullatenus
458 854 532 911 dicit.
558 854 618 910 vuit
631 855 713 910 otiam
728 857 789 912 sine
803 856 975 928 penealopiu,
1027 852 1206 924 quemetium
1216 850 1528 924 ipsitiliiLevieeieriret
1538 851 1571 908 de
1582 852 1685 908 lembis
1693 850 1825 921 strate,

180 957 235 997 non
250 942 354 998 habens
368 942 438 999 filios
452 943 496 998 vel
511 941 589 1010 filias,
610 960 701 1016 neque
724 945 843 999 initium
867 943 977 999 dierum
1026 939 1095 997 sicut
1108 939 1207 1011 reliqui
1222 940 1256 995 de
1279 939 1390 1010 populo.
1408 939 1468 994 Filii
1483 938 1547 996 Levi
1570 947 1680 995 sumunt
1703 939 1827 997 decimas

181 1030 295 1098 hebens,
310 1047 399 1104 aeque
413 1033 500 1101 finem
514 1031 589 1099 citae,
602 1031 675 1103 qnod
690 1030 825 1103 Scriptura
842 1031 975 1103 loquatur,
1026 1044 1042 1082 a
1057 1027 1194 1094 fratribus,
1212 1028 1262 1083 sed
1274 1027 1476 1084 Melchisedech
1489 1029 1643 1100 pancratio,
1669 1028 1755 1100 cujas
1767 1044 1828 1084 noa

179 1116 307 1174 fortassis
322 1119 395 1175 serio
409 1119 630 1190 praetermittens.
647 1118 697 1175 llic
712 1122 809 1176 eutem
831 1118 977 1176 Melchise·
1026 1116 1234 1173 adnumeretur
1248 1117 1280 1172 ia
1293 1117 1343 1184 eis,
1360 1115 1387 1171 id
1401 1123 1443 1172 est
1457 1115 1485 1170 in
1497 1115 1610 1182 ludaeis,
1624 1116 1679 1184 hic,
1700 1116 1826 1189 inquam,

179 1205 249 1262 decb
264 1209 451 1263 assimulatus
465 1207 492 1261 in
502 1206 651 1278 praemissis
664 1207 735 1263 Filio
750 1207 808 1274 Dei,
819 1211 918 1263 marsei
932 1223 977 1264 se·
1027 1204 1142 1276 sumpsit
1155 1204 1275 1261 decimas
1289 1205 1323 1259 ab
1347 1204 1486 1260 Abraham
1499 1211 1526 1262 et
1540 1205 1685 1262 benedixit
1707 1204 1786 1262 bane
1799 1204 1828 1260 in

179 1295 284 1365 cordos,
296 1295 323 1350 id
337 1303 379 1351 cst
394 1295 577 1351 sacerdotium
592 1296 650 1364 ejus
660 1294 739 1350 durat
749 1297 780 1350 ire
792 1299 974 1368 perpetuam.
1026 1303 1149 1364 tempore
1181 1292 1295 1362 majoris
1325 1292 1463 1364 dignitatis
1486 1309 1552 1363 suae,
1577 1293 1690 1362 scilicet,
1715 1292 1828 1366 quando

179 1379 323 1449 Quomodo
346 1383 520 1438 assimulatus
544 1382 612 1439 litio
625 1382 686 1452 Dei,
702 1391 869 1439 revertentes
894 1399 976 1440 erse·
1021 1383 1085 1454 jem
1100 1380 1216 1437 babebat
1231 1382 1463 1454 repromissiones
1476 1396 1493 1437 s
1508 1381 1577 1437 Deo.

178 1487 293 1542 quamur
305 1488 354 1543 per
368 1471 485 1544 singula.
509 1471 708 1528 Melchisedech
722 1471 820 1527 dicitur
834 1488 881 1528 rex
893 1471 975 1541 insti·
1060 1469 1140 1526 Nunc
1154 1486 1187 1525 ex
1201 1468 1350 1541 praemissis
1364 1468 1478 1540 colligit,
1494 1469 1631 1525 Abraham
1652 1468 1739 1539 dedit,
1756 1469 1827 1526 Mel-

178 1559 224 1615 tiae
240 1574 247 1614 τ
264 1560 325 1632 quis
341 1567 432 1616 autem
455 1577 502 1616 rex
514 1560 625 1629 justitiae
638 1559 691 1615 nisi
706 1560 840 1631 Christus,
857 1560 903 1631 qui
926 1576 976 1631 per
1026 1557 1171 1613 chisedech
1186 1557 1335 1630 benedixit,
1346 1557 1405 1613 sine
1420 1557 1475 1612 ulla
1489 1556 1711 1615 contradictione.
1725 1558 1826 1615 Nullus

177 1647 315 1718 procellas
341 1649 444 1718 mundi,
475 1664 540 1704 saos
565 1649 637 1721 regit
664 1649 693 1703 in
713 1648 825 1717 justitia.
855 1647 975 1704 Christus
990 1645 1100 1738 Benim
1114 1646 1167 1702 hoc
1182 1646 1370 1702 contradicere
1395 1653 1495 1717 potest,
1511 1645 1656 1719 quiaillud
1679 1647 1757 1719 qnod
1771 1646 1825 1702 mi·

177 1736 257 1792 etiam
287 1752 336 1792 rer
365 1736 465 1804 Salem,
496 1736 523 1791 id
551 1744 593 1791 est
615 1737 714 1808 pacis:
736 1736 808 1809 quia,
831 1745 975 1808 postquam
1026 1751 1078 1789 nus
1100 1742 1143 1790 est
1162 1733 1502 1790 benedicetnrameliore.
1527 1734 1617 1789 Etiam
1631 1733 1703 1790 enim
1725 1735 1761 1803 si,
1777 1750 1825 1793 se-

177 1839 242 1879 suos
256 1823 282 1878 in
294 1823 397 1893 justitia
413 1824 492 1890 rexit,
509 1824 536 1878 in
551 1840 617 1896 pace
631 1840 697 1880 vera
722 1823 883 1898 angelorum
898 1824 975 1880 loca·

176 1919 218 1967 tos
228 1928 325 1985 regere
335 1928 391 1968 non
400 1911 508 1968 desinit.
522 1913 657 1968 Sacerdos
665 1913 716 1968 Dei
726 1913 823 1967 summi
836 1931 843 1968 ε
855 1912 916 1984 quis
927 1929 976 1968 au·

176 2007 230 2056 tem
245 2008 336 2055 tantus
352 2001 482 2057 sacerdos
497 2000 566 2057 sicut
581 2000 714 2067 Christus,
731 2000 777 2073 qui
791 2001 974 2072 propterino-

176 2086 342 2144 bedientiam
354 2087 474 2145 382
484 2089 570 2144 Patris
579 2088 700 2160 seipsum
710 2088 804 2144 obtulit
814 2088 841 2143 in
852 2104 901 2144 ara
911 2105 974 2146 cru-

175 2174 215 2231 cis
231 2175 276 2247 qni
291 2175 399 2231 obviam
413 2177 486 2232 venit
501 2176 619 2231 Abrabae
633 2192 786 2249 regressos
800 2176 875 2232 cede
891 2177 973 2248 quin-

176 2279 230 2334 que
243 2279 350 2337 regum.
368 2262 493 2337 Quinque
509 2280 601 2338 reges,
618 2265 737 2337 quinque
760 2281 858 2321 sensus
872 2280 972 2336 eorpo-

175 2351 214 2407 ris
229 2359 301 2422 sunt,
318 2367 369 2423 per
384 2368 453 2423 quos
468 2352 560 2408 omnia
574 2352 638 2409 vitia
659 2352 686 2408 in
700 2352 810 2409 homine
824 2353 972 2409 dominan-

173 2446 227 2505 tur,
243 2447 280 2506 ut,
302 2456 353 2511 per
377 2440 475 2508 visum,
492 2440 636 2512 cupiditas,
652 2441 716 2496 dum
736 2441 875 2497 desiderat
898 2441 972 2512 quod

172 2527 257 2595 vidit;
272 2536 298 2583 ει
320 2528 359 2584 εἰε
385 2545 435 2600 ρει·
462 2537 577 2585 caeteros
605 2545 713 2595 sensus,
739 2531 814 2600 juxta
842 2529 914 2602 quod
944 2529 972 2584 in

172 2615 323 2689 Evangelio
337 2616 444 2672 mulieri
458 2617 562 2673 dictum
577 2625 627 2673 est.
647 2639 658 2670 ι
676 2616 802 2691 Quinque
828 2617 899 2674 viros
918 2618 970 2672 ha-

172 2702 358 2775 buisti(ionn.
374 2719 413 2771 rv,
429 2705 484 2777 18).
504 2727 514 2756 s

1025 1822 1144 1878 cundum
1168 1821 1252 1889 aliud,
1268 1821 1355 1891 major
1369 1821 1403 1877 sit
1417 1821 1464 1892 qui
1483 1821 1663 1888 benedicitur,
1678 1821 1707 1877 in
1732 1838 1768 1879 eo
1782 1830 1821 1879 ta·

1024 1926 1088 1966 men
1102 1918 1209 1966 constat
1224 1927 1285 1966 esse
1299 1910 1432 1966 minorem
1447 1910 1520 1983 quod
1537 1908 1572 1964 ab
1587 1925 1619 1966 eo
1635 1911 1682 1982 qui
1704 1910 1825 1967 benedi-

1025 1999 1070 2067 cit,
1087 2000 1140 2055 hoc
1154 1997 1227 2070 qnod
1241 2015 1296 2054 non
1319 1998 1436 2054 habebat
1450 1997 1496 2070 qui
1511 1997 1689 2066 benedicitur,
1705 1998 1820 2071 accipit.

1023 2088 1082 2143 Hoc
1098 2087 1178 2142 etiam
1194 2086 1276 2142 modo
1290 2085 1430 2142 intuemini
1440 2085 1600 2159 dignitatem
1609 2086 1824 2157 Melchisedech,

1024 2175 1086 2248 quia
1101 2177 1146 2232 bic
1171 2176 1292 2248 quidem,
1307 2174 1334 2229 id
1350 2182 1391 2230 est
1413 2175 1442 2230 in
1456 2174 1608 2231 sacerdotio
1623 2174 1746 2232 Levitico
1760 2192 1824 2232 mo-

1022 2265 1129 2320 rientes
1157 2263 1284 2320 homines
1308 2264 1455 2336 accipiunt
1475 2261 1609 2320 decimes.
1625 2263 1666 2318 lbi
1687 2271 1780 2320 satem
1793 2263 1823 2320 in

1023 2351 1158 2422 superiori
1173 2350 1234 2407 loco
1256 2351 1402 2422 Scripturas
1424 2357 1590 2406 contestatur
1611 2350 1732 2423 Moyses,
1749 2352 1823 2425 qnod

1021 2439 1222 2496 Melchisedech
1247 2439 1321 2506 vivit,
1337 2439 1403 2494 dum
1417 2439 1452 2494 de
1472 2439 1525 2494 vita
1547 2439 1663 2512 loquens
1677 2439 1712 2496 de
1733 2448 1822 2497 morte

1021 2528 1059 2583 nil
1071 2528 1201 2597 adjunxit.
1219 2528 1277 2584 lloc
1290 2528 1372 2584 etiam
1395 2527 1477 2583 modo
1492 2526 1635 2583 intuemini
1657 2528 1820 2600 dignitatem

1021 2617 1090 2686 ejus,
1108 2616 1170 2688 quia
1184 2617 1249 2672 Levi
1259 2615 1306 2689 qui
1320 2615 1441 2672 decimas
1451 2615 1558 2688 accipit,
1568 2614 1627 2687 ipse
1641 2616 1725 2672 etiam
1740 2615 1821 2675 Levi·

1021 2705 1091 2761 ticus
1105 2705 1174 2761 ordo
1190 2704 1346 2761 decimatus
1369 2708 1421 2770 εει,
1438 2704 1523 2759 idest
1546 2703 1667 2761 decimas
1686 2703 1773 2762 dedit.
1787 2706 1821 2762 Et

207 2791 261 2847 Per
275 2792 412 2848 Abraham
435 2793 589 2866 quicunque
604 2792 692 2850 fidelis
715 2793 890 2867 intelligitur,
906 2792 970 2849 nni·
1020 2793 1073 2849 hoe
1083 2793 1155 2860 dico,
1168 2798 1201 2849 at
1211 2794 1254 2850 ite
1269 2792 1377 2849 dietam
1390 2795 1429 2849 sit
1442 2793 1566 2849 decimas
1574 2792 1684 2849 dedisse
1693 2793 1762 2850 Levi
1768 2810 1820 2868 pet·

171 2878 271 2952 cuique
295 2888 386 2936 autem
410 2879 484 2936 fideti
507 2882 655 2937 revertenti
670 2897 685 2936 a
700 2882 774 2937 cade
798 2881 926 2951 hostium,
942 2882 969 2936 id
1018 2880 1169 2951 Abrabam,
1184 2880 1212 2936 id
1227 2888 1268 2937 est
1290 2897 1342 2952 per
1365 2880 1533 2937 materialem
1556 2896 1678 2938 caumm.
1703 2879 1818 2953 Quando

117 3001 121 3007 =
171 2976 213 3025 est
240 2968 382 3036 vitiorum,
413 2985 463 3040 per
490 2969 609 3042 quinque
637 2985 734 3025 sensus
759 2969 966 3034 dominantium,
1018 2969 1092 3025 enim
1106 2969 1243 3025 Abraham
1267 2969 1387 3026 decimas
1410 2969 1494 3039 dedit,
1511 2969 1600 3027 adhuc
1622 2985 1720 3026 omnes
1743 2978 1818 3027 erant

170 3057 279 3113 obviam
307 3057 381 3114 venit
403 3057 536 3124 Christus,
562 3056 652 3113 dando
677 3058 875 3115 incrementum
904 3027 1004 3114 honiO
1019 3057 1047 3112 in
1062 3057 1160 3113 lumbis
1174 3057 1300 3113 Abrahae.
1326 3056 1406 3126 Quod
1430 3056 1532 3128 optime
1555 3057 1632 3130 sequi
1654 3057 1773 3141 videtur.
1789 3057 1817 3115 Si

171 3145 274 3217 operis.
291 3145 403 3218 Legitur
425 3146 507 3201 etiam
521 3145 559 3201 ibi
573 3146 704 3202 obtulisse
729 3147 845 3202 Abrahae
868 3162 968 3218 panem
1019 3146 1202 3202 enimomnes
1219 3145 1248 3201 in
1270 3145 1357 3201 Adam
1381 3144 1564 3218 peccavimus,
1580 3145 1644 3220 quia
1665 3145 1693 3201 in
1716 3146 1816 3203 lumbis

170 3241 196 3288 ει
211 3233 304 3291 vinum
319 3234 533 3306 (Gen.xv1,18),
552 3233 624 3306 quod
639 3234 684 3291 hic
698 3251 752 3291 non
763 3235 878 3291 habetur
888 3254 896 3302 ;
908 3252 970 3307 quae
1019 3235 1088 3304 ejus,
1105 3235 1214 3306 quando
1238 3234 1370 3306 peccavit,
1386 3249 1506 3305 eramus,
1523 3250 1608 3306 quare
1622 3233 1687 3291 Levi
1706 3234 1817 3293 dedisse

169 3321 248 3394 panis
263 3321 365 3378 scilicet
380 3331 407 3378 et
421 3323 523 3390 vinum,
540 3339 640 3395 corpus
656 3324 855 3397 etsanguinem
869 3323 969 3379 Christi
1019 3323 1138 3380 decimas
1160 3339 1215 3380 non
1238 3323 1352 3391 dicatur,
1370 3323 1458 3395 quiin
1482 3323 1581 3379 lumbis
1604 3323 1722 3380 Ababa
1746 3331 1813 3391 erat,

170 3409 325 3484 significant
339 3427 457 3483 quorum
479 3411 685 3483 participatione
701 3419 727 3467 et
742 3419 854 3483 peccata
874 3411 967 3467 dimit·
1018 3411 1156 3466 Abraham
1170 3411 1252 3466 dante
1266 3411 1412 3468 decimast
1426 3411 1461 3467 Et
1475 3427 1538 3467 vere
1552 3410 1617 3468 Levi
1630 3410 1755 3468 decimas
1769 3412 1816 3468 de·

170 3506 271 3566 tuntur,
289 3507 316 3554 ει
329 3500 480 3571 suscipiens
499 3501 533 3556 de
549 3499 639 3556 futuro
663 3508 757 3556 contra
771 3500 836 3557 vitia
857 3499 968 3557 confor-
1018 3498 1057 3555 dit
1070 3516 1120 3571 per
1136 3499 1276 3554 Abraham
1290 3500 1409 3566 dantem,
1425 3499 1489 3571 quia
1508 3498 1600 3557 edtec
1622 3500 1687 3558 teat
1708 3501 1815 3558 cratia

170 3595 250 3644 tatur.
266 3587 315 3644 Cui
329 3588 429 3658 divisit,
446 3588 581 3643 abraham
598 3588 686 3658 (hta,
702 3591 758 3660 20),
774 3589 801 3644 id
821 3596 861 3643 est
877 3587 966 3644 fidelis
1019 3588 1121 3644 lumbis
1133 3589 1226 3659 petris
1240 3589 1285 3644 sui
1299 3589 1425 3657 Abrabae,
1437 3587 1545 3659 quando
1555 3587 1758 3646 Melchisedech
1767 3589 1816 3646 ob·

169 3675 290 3733 decimas
311 3676 441 3742 omnium,
466 3676 495 3731 id
517 3683 559 3731 est
580 3675 761 3746 perfectiones
785 3693 880 3732 omnes
904 3693 966 3748 quae
1017 3676 1091 3732 viam
1105 3676 1177 3733 venit
1191 3675 1217 3731 ei
1230 3677 1347 3733 Abrahae
1371 3676 1446 3731 danti
1465 3676 1516 3731 sibi
1538 3675 1670 3732 decintas.
1687 3676 1716 3732 Si
1743 3677 1813 3734 enim

167 3763 273 3819 habuit.
290 3761 412 3835 Quisque
435 3763 507 3818 enim
530 3761 617 3818 fidelis
638 3779 746 3819 omnem
770 3763 964 3835 perfectionem
1017 3771 1082 3820 tunc
1091 3763 1349 3835 temporis383
1359 3772 1432 3820 esset
1440 3766 1525 3830 lsaac,
1537 3779 1593 3821 non
1603 3763 1741 3821 diceretur
1749 3765 1814 3823 Levi

171 3866 249 3906 suam
264 3850 371 3906 Christo
385 3851 506 3905 attribuit
519 3867 569 3921 per
582 3851 687 3921 decem,
700 3851 745 3924 qui
760 3868 891 3908 numerus
903 3868 967 3923 per·
1017 3859 1081 3908 tunc
1096 3852 1123 3907 in
1138 3851 1236 3907 lumbis
1251 3852 1368 3909 Abrahae
1380 3851 1473 3922 fuisse,
1490 3852 1540 3908 sed
1553 3852 1582 3907 in
1594 3852 1694 3909 lumbis
1712 3853 1810 3912 Isaac:

170 3937 258 3995 fectus
273 3946 314 3994 est
328 3937 404 4010 (quia
419 3953 504 4010 usqne
528 3938 563 3993 ad
585 3939 681 3995 decem
702 3955 832 3994 numerus
856 3939 964 4008 crescit,
1017 3940 1065 3995 sed
1081 3941 1143 4012 quia
1157 3940 1247 3997 adhuc
1269 3948 1327 3996 erat
1349 3941 1378 3996 in
1401 3940 1501 3996 lumbis
1521 3940 1637 3998 Abrahae
1659 3957 1711 4014 per
1725 3943 1812 4011 Isaac,

168 4042 220 4083 nec
234 4024 305 4082 ultra
318 4026 397 4083 seda
411 4025 543 4098 principio
561 4026 719 4098 recapitulat
734 4027 861 4095 dicendo,
877 4028 966 4084 unde·

169 4115 233 4182 cim,
248 4114 276 4171 id
296 4122 338 4171 est
360 4131 431 4171 unus
454 4123 482 4170 ει
503 4115 611 4186 decern)
639 4115 769 4186 perfectio
791 4117 962 4189 designatur.

169 4203 289 4259 Primum
313 4203 422 4276 quidem
437 4203 525 4260 dictus
539 4203 749 4271 Melchisedech,
766 4204 812 4276 qui
830 4205 966 4276 interpre-

1016 4027 1141 4084 similiter
1152 4037 1179 4084 ει
1193 4028 1267 4085 Levi.
1292 4028 1357 4086 Levi
1379 4028 1479 4086 dicitur
1501 4028 1651 4086 decimatus
1665 4029 1694 4085 ia
1712 4030 1814 4087 lumbis

1015 4116 1143 4183 Abrahae,
1159 4124 1185 4173 et
1205 4132 1259 4173 non
1283 4117 1416 4185 Christus,
1432 4117 1496 4174 licet
1518 4117 1590 4174 filius
1610 4118 1645 4174 sit
1668 4118 1813 4177 Abrabre:

1015 4205 1079 4278 quia
1094 4204 1218 4262 Christus
1232 4221 1288 4261 non
1312 4205 1461 4262 secundum
1476 4205 1726 4279 concupiscentiam
1749 4222 1814 4265 car-

168 4299 241 4347 tatur
254 4309 307 4349 rea
316 4292 451 4363 justitia.
468 4291 573 4347 Deinde
597 4307 645 4347 rex
660 4291 751 4348 Salem
774 4292 846 4365 qnod
860 4300 902 4349 est
918 4310 966 4348 rex
1014 4293 1057 4349 nis
1072 4294 1106 4349 de
1120 4293 1219 4349 lumbis
1233 4293 1352 4350 Abrahae
1365 4301 1444 4349 natus
1459 4309 1466 4349 τ
1482 4294 1644 4351 Leviautem
1658 4310 1709 4367 per
1722 4293 1814 4368 legem

168 4379 262 4450 pacis;
279 4380 315 4435 ita
337 4380 461 4435 Christus
485 4379 561 4451 prius
581 4379 652 4453 regit
674 4396 739 4437 suos
752 4380 894 4451 injustitia
908 4381 962 4436 hu·
977 4381 1207 4450 Dmembromm,
1216 4399 1276 4455 quae
1291 4390 1332 4439 est
1346 4382 1567 4456 concupiscentia
1581 4383 1684 4452 cernis,
1693 4383 1730 4442 de
1743 4384 1813 4442 lum·

164 4461 211 4537 jus
224 4466 305 4535 vitae;
321 4467 349 4522 in
364 4467 416 4522 alia
428 4468 482 4524 vita
503 4468 575 4539 regit
589 4483 636 4524 eos
650 4467 678 4523 in
693 4484 772 4541 pace.
797 4469 862 4525 Sine
885 4477 964 4540 patre
1013 4470 1056 4526 bis
1070 4471 1188 4526 Abrahae
1202 4478 1282 4527 natus
1297 4479 1349 4527 est.

166 4554 291 4611 Christus
318 4554 468 4612 secundum
490 4556 686 4623 carnem,=sine
707 4563 790 4612 matre
813 4557 964 4612 secundnm
1049 4557 1173 4615 Ostendit
1187 4559 1321 4630 superius,
1338 4560 1509 4616 sacerdotem
1533 4575 1595 4617 esse
1612 4558 1751 4618 Christum
1765 4577 1812 4620 se·

165 4642 303 4712 deitatem,
320 4642 379 4699 sine
393 4643 564 4717 genealogia,
581 4643 641 4716 quia
656 4641 726 4699 frlios
741 4643 832 4701 carnis
846 4660 900 4701 non
914 4646 963 4701 ha·
1011 4646 1129 4704 cundum
1143 4646 1268 4703 ordinem
1278 4647 1488 4720 Melchisedech,
1506 4646 1728 4722 sufficienterque
1748 4665 1811 4724 pro·

162 4732 231 4799 buit,
247 4748 302 4789 non
314 4732 419 4788 habens
433 4731 536 4787 initium
552 4731 668 4798 dierum,
684 4747 735 4788 nee
758 4731 841 4788 finem
861 4749 962 4790 secun·
1011 4733 1084 4790 bavit
1096 4735 1149 4791 hoc
1166 4735 1356 4804 sacerdotium,
1369 4743 1395 4791 ει
1406 4743 1529 4807 tempore
1546 4745 1572 4794 ει
1581 4735 1666 4793 multa
1676 4736 1811 4812 diqnitate

161 4818 227 4875 dnm
242 4820 417 4887 divinitatem,
434 4828 584 4877 coaeternus
606 4820 689 4875 Patri.
705 4820 757 4876 Per
777 4821 963 4893 praecedentia
1010 4822 1186 4880 excellentius
1201 4840 1263 4881 esse
1278 4823 1595 4898 sacerdotioLevitquod
1605 4825 1704 4882 iterum
1717 4827 1811 4884 multis

161 4908 228 4963 satis
257 4909 449 4965 commendata
470 4916 513 4964 est
532 4907 650 4980 dignitas
674 4908 886 4977 Melchisedech,
912 4910 961 4966 sed
1009 4911 1098 4966 modis
1113 4911 1258 4983 depressit.
1272 4912 1352 4969 Nunc
1365 4919 1456 4968 autem
1469 4911 1660 4971 commendato
1675 4916 1810 4973 sacerdo-

158 5009 234 5051 nunc
247 4996 374 5053 etiamad
388 5004 564 5069 augmentum
575 4996 715 5067 dignitatis
729 4996 852 5067 ejusdem
866 5000 962 5055 iratae·
1009 4998 1046 5055 tio
1060 4995 1169 5067 Christi,
1187 4999 1284 5055 transit
1306 5007 1336 5055 nt
1358 5000 1483 5057 ostendat
1498 5001 1636 5074 quomodo
1650 5017 1701 5074 per
1715 5019 1810 5062 sacer·

160 5083 250 5148 miei,
267 5089 391 5154 quantus
411 5086 449 5141 sit
464 5085 510 5141 bie
525 5083 741 5151 Melchisedech,
758 5087 806 5142 cai
819 5086 959 5143 Abraham
1009 5086 1113 5143 dotium
1128 5087 1238 5156 Christi,
1254 5087 1402 5146 Leviticum
1424 5089 1581 5146 destruatur
1600 5090 1808 5149 sacerdotium:

157 5171 336 5244 patriarche,
348 5171 375 5226 id
390 5179 431 5226 est
444 5172 572 5243 princeps
586 5180 691 5249 patrum
707 5181 871 5243 nostrorum,
882 5175 959 5232 lssac
1009 5191 1064 5247 quo
1077 5175 1227 5244 destmcto,
1243 5192 1276 5233 ex
1290 5177 1454 5235 necessitate
1476 5178 1573 5250 probat
1587 5178 1666 5252 sequi
1680 5179 1809 5239 destrue·

159 5265 186 5316 et
200 5257 295 5325 Jacob,
313 5258 391 5315 dedit
403 5259 534 5326 decimas,
553 5260 630 5333 quasi
645 5277 741 5317 servus
751 5261 864 5333 ejusque
872 5262 959 5318 tribu·
1007 5263 1110 5321 tionem
1132 5264 1212 5339 legis.
1236 5265 1337 5322 Littera
1360 5265 1401 5323 sic
1418 5266 1541 5340 jungitur
1556 5285 1564 5324 t
1579 5265 1808 5342 Quandoquidem

157 5345 251 5413 tarius,
268 5347 343 5403 etde
365 5347 517 5419 precipuis
542 5365 603 5419 quae
616 5348 743 5404 habebat.
760 5350 795 5404 Mt
808 5350 861 5407 hoc
875 5351 957 5407 etiam
1007 5351 1132 5408 Christus
1160 5352 1246 5410 factus
1275 5361 1317 5410 est
1344 5354 1473 5412 sacerdos
1505 5355 1657 5413 secundum
1683 5357 1808 5415 ordinem

156 5432 212 5492 alio
225 5433 308 5492 modo
322 5433 605 5509 intuemini,quantus
619 5436 654 5493 sit
667 5435 870 5497 Melchisedech
886 5453 893 5494 :
908 5455 959 5512 per
1007 5439 1217 5510 Melchisedech,
1229 5449 1257 5499 ει
1268 5441 1809 5520 hocsacerdotiamomnimedopraeesas
