3742 5986
55 217 111 273 305
393 218 584 278 expositio
603 220 641 277 itt
658 219 848 278 ttrtstottts
867 218 978 278 ptuit.
994 252 1029 262 —
1041 222 1079 279 IN
1097 222 1206 279 ttrtst.
1226 226 1274 280 tn
1294 224 1373 281 att.
1652 226 1704 279 306

59 337 144 407 illos;
160 340 210 396 sed
223 341 403 400 emulamini
417 350 444 399 ει
465 359 510 401 τρε
531 351 558 400 ει
582 345 729 418 quemlibet
744 346 857 412 tonum,
868 347 895 407 A
908 361 1002 416 quaero
1016 363 1051 402 an
1066 347 1173 420 legistis
1188 349 1317 421 quoniam
1332 350 1392 419 ipsa
1413 349 1455 405 lex
1471 365 1501 405 se
1516 364 1571 404 non
1586 363 1647 404 εεεε
1661 356 1704 403 te·

60 441 114 484 nea
129 427 273 501 aliquando
287 430 315 485 in
330 431 411 499 malo,
428 432 452 487 si
465 431 535 489 forte
561 435 702 502 suadeam,
720 434 768 489 sed
783 450 859 490 acm·
910 435 1027 490 neudam
1047 445 1142 507 aperte
1161 437 1257 491 innuit.
1285 439 1429 510 Scriptum
1455 442 1498 494 cat
1510 438 1587 493 caim
1601 436 1629 491 in
1644 435 1707 507 lege

61 531 115 588 per
127 516 158 572 ιιι
168 517 237 573 bono
249 538 258 584 ,·
270 522 298 574 et
309 535 366 575 non
378 523 492 577 tautam
503 537 568 578 cum
577 538 702 594 present
712 538 776 578 aum
786 522 860 594 apud
910 523 1037 593 quoniam
1046 525 1185 581 Abrabam
1196 526 1294 581 tatuit
1306 526 1374 582 duos
1384 527 1472 594 tilios.
1486 524 1583 580 Multos
1595 523 1704 596 quidem

63 618 112 660 oct
129 604 297 660 aemulamini
314 623 368 673 me,
396 608 548 664 sedetiam
572 625 633 666 cum
648 611 749 666 absens
772 609 858 665 luero.
910 609 979 666 filios
994 612 1085 666 habuit
1098 613 1246 680 Abraham,
1259 613 1307 668 sed
1318 614 1353 668 de
1368 614 1410 668 bis
1422 614 1529 688 duobus
1540 612 1706 669 conveniens

64 691 142 746 ldem
156 693 228 764 quod
258 695 386 765 superius
409 697 544 767 probavit,
568 697 670 754 scilicet
693 698 783 770 legem
810 713 860 754 nos
911 697 998 771 figura
1012 699 1061 754 luit
1081 701 1116 755 ad
1137 699 1218 756 fidem
1236 709 1262 756 et
1290 702 1393 772 legem.
1420 703 1484 757 Haec
1512 708 1601 755 autem
1622 700 1707 756 verba

62 794 128 834 esse
156 780 313 848 mnendam,
343 783 431 841 adhuc
456 785 553 856 probat
581 802 632 856 per
652 785 735 842 verba
775 785 860 856 ipsius
911 802 965 842 non
983 787 1078 843 eadem
1093 788 1305 843 inveniunturin
1322 790 1443 856 Genesi,
1461 788 1706 860 sedaequevalen·

62 867 187 936 ejusdem
202 868 282 940 legis.
300 869 375 926 Sicut
393 872 466 927 enim
485 882 580 943 postea
599 874 717 928 ostendit
735 873 861 929 veniente
911 874 958 929 tia.
976 876 1016 930 De
1032 876 1129 946 quibus
1146 876 1251 932 duobus
1267 876 1330 932 filiis
1353 880 1461 948 Moyses
1476 885 1561 932 totum
1577 876 1609 930 ad
1625 875 1705 931 finem

63 954 185 1012 221
199 956 323 1014 libertate
333 958 397 1015 iidci
411 960 581 1030 repudianda
591 970 632 1016 est
646 962 764 1018 servitus
779 961 859 1035 legis.
911 978 998 1034 usque
1013 963 1168 1034 descripsit,
1185 965 1258 1035 quod
1273 981 1328 1020 non
1354 964 1417 1020 lecit
1443 965 1478 1020 de
1497 964 1611 1020 caeteris.
1637 962 1708 1033 Quia

62 1043 163 1099 Littera
192 1045 231 1100 sic
256 1047 402 1118 jungitur:
429 1049 617 1105 AEmclamint
640 1066 694 1117 me,
715 1058 740 1105 et
768 1066 862 1122 quem·
912 1051 1010 1106 Paulus
1025 1067 1080 1105 non
1096 1053 1245 1107 secundum
1265 1052 1373 1125 singula
1388 1052 1548 1126 allegoriam
1577 1053 1705 1123 sequitur,

61 1130 130 1186 libet
145 1131 257 1187 bonurn.
278 1135 341 1190 illos
364 1152 430 1191 vero
445 1152 479 1191 ue
494 1136 676 1203 aemulemini;
692 1136 765 1208 quod
780 1137 803 1193 si
813 1153 861 1192 eos
912 1142 1064 1194 bonumest
1075 1147 1101 1193 ut
1112 1139 1216 1194 eisdem
1227 1140 1318 1195 verbis
1329 1157 1387 1195 eam
1399 1141 1560 1212 aperiamus.
1572 1141 1708 1195 Abraham

60 1219 185 1275 aemulari
201 1220 291 1286 vultis,
304 1239 320 1279 o
332 1224 491 1293 tiliottmci
503 1225 585 1281 dicite
599 1226 675 1280 mihi.
692 1226 759 1281 llluc
774 1241 861 1297 usque
913 1227 958 1298 qui
973 1227 1171 1296 interpretatur
1191 1232 1273 1298 puter
1283 1229 1442 1284 multorum
1456 1227 1709 1299 petatium,habens

61 1306 167 1379 pendet
181 1311 349 1367 constructio
366 1327 372 1366 :
391 1311 446 1366 Eos
460 1312 505 1384 qui
519 1313 594 1383 prius
609 1322 686 1369 erant
701 1313 747 1368 iiiii
761 1329 861 1369 secun·
913 1315 982 1370 duos
999 1314 1082 1384 filios,
1096 1315 1123 1369 id
1141 1325 1182 1370 est
1197 1315 1265 1370 duos
1275 1315 1399 1387 populos,
1410 1315 1544 1387 significat
1558 1318 1644 1371 Deum
1659 1317 1708 1370 ha-

62 1395 130 1451 dnm
146 1396 330 1468 integritatem
346 1397 420 1468 fidei,
438 1399 596 1457 diminutive
611 1402 709 1457 liliolos
733 1401 860 1473 appellat,
912 1402 1023 1457 beutem
1041 1401 1110 1457 duos
1123 1400 1203 1468 lilios,
1227 1401 1363 1458 Gentilem
1391 1403 1494 1459 scilicet
1521 1411 1548 1458 ει
1568 1403 1703 1458 tudaeum.

63 1483 131 1555 quia
146 1484 268 1540 volentes
291 1486 433 1544 adhaerere
454 1489 601 1558 perversis,
618 1489 764 1560 plurimum
780 1489 862 1543 dimi·
912 1491 972 1546 Non
984 1498 1074 1545 tamen
1084 1491 1156 1562 quod
1167 1490 1267 1563 singuli
1279 1491 1434 1546 eorumsint
1445 1480 1618 1558 liliiDei,'nisi
1630 1490 1709 1563 quiin

62 1573 121 1627 nuti
141 1582 218 1628 erant
228 1574 257 1628 in
270 1574 342 1630 bono
356 1573 504 1631 filiationis.
531 1578 625 1634 rituti
647 1580 712 1644 met,
733 1594 800 1651 quoa
814 1594 862 1650 epo
913 1585 1026 1650 utroque
1039 1578 1150 1648 populo,
1163 1578 1239 1650 digni
1250 1577 1350 1633 luerint
1360 1579 1472 1635 inventi.
1486 1581 1560 1635 Dttos
1568 1579 1643 1648 filios
1656 1580 1709 1635 lta-

60 1662 206 1734 pttrtario,
218 1661 246 1716 id
260 1670 302 1716 est
319 1663 363 1718 ¹de
391 1680 507 1735 quorum
532 1665 708 1733 instructione
721 1710 727 1733 ,
744 1667 860 1722 maximo
876 1666 1135 1753 Bbuitrlbrutmar,
1162 1683 1253 1722 unum
1268 1667 1301 1722 de
1316 1668 1433 1733 ancilla,
1450 1666 1478 1721 id
1505 1675 1547 1721 est
1560 1665 1661 1722 ismael
1675 1667 1709 1722 de

62 1756 165 1804 conatu
187 1749 291 1805 laboro.
317 1752 456 1807 Parturire
480 1753 552 1807 enim
589 1753 688 1808 dicitur
714 1755 792 1810 labor
804 1754 859 1824 ille,
912 1755 998 1824 Agar,
1015 1758 1144 1809 etenum
1161 1754 1193 1809 dc
1214 1755 1322 1816 Libera,
1335 1753 1362 1808 id
1376 1762 1418 1809 est
1431 1755 1507 1809 lsaac
1519 1754 1553 1810 de
1569 1754 1644 1809 Sara.
1662 1754 1708 1809 Fi-

64 1853 150 1908 quem
172 1837 200 1891 in
215 1838 346 1894 emisione
370 1840 449 1915 pueri
464 1847 552 1895 mater
580 1843 690 1911 patitur,
706 1843 863 1914 priusquam
912 1841 963 1896 lius
978 1841 1013 1896 de
1027 1841 1127 1896 ancilla
1142 1840 1279 1913 signifieat
1302 1841 1443 1897 iudaicam
1469 1842 1609 1912 populum,
1624 1840 1708 1896 filium

63 1940 137 1996 puer
155 1934 232 1981 extra
253 1926 384 1981 mittatur.
413 1928 484 1996 Quos
501 1932 635 2000 parturio
657 1932 784 1996 iterum‚·
799 1931 863 1986 olim
915 1929 1032 1995 ancillae,
1047 1928 1076 1984 id
1091 1927 1226 2000 aulegia,
1243 1928 1289 2001 qui
1307 1930 1376 1984 bene
1392 1929 1516 1984 dicuntur
1530 1928 1577 1984 filii
1592 1929 1706 1998 ancillae,

64 2013 139 2069 enim
155 2029 217 2069 cum
233 2012 357 2070 infideles
382 2016 475 2086 eratis,
493 2017 606 2071 multum
630 2017 754 2073 laborem
780 2019 863 2072 habui
915 2017 961 2088 qui
976 2015 1049 2073 velut
1075 2016 1146 2073 servi
1170 2017 1323 2071 serviebant
1351 2017 1447 2073 timore
1472 2031 1561 2088 poenae
1575 2025 1707 2074 etamore

63 2101 92 2156 in
109 2102 200 2158 vobis.
217 2102 338 2158 Parturio
353 2111 380 2159 et
394 2103 488 2160 laboro
503 2105 529 2158 iu
545 2105 632 2170 vobis,
645 2106 733 2161 donec
747 2107 775 2160 in
789 2106 863 2161 Chri·
913 2105 1063 2160 carnalium
1100 2105 1127 2158 in
1165 2105 1328 2159 carnalibus.
1358 2105 1441 2159 Filius
1479 2113 1568 2160 autem
1612 2105 1707 2161 liberae

64 2198 107 2245 sto
131 2189 320 2246 reformemini
339 2191 367 2246 in
389 2190 441 2247 fide
456 2192 532 2260 eujus
552 2192 687 2249 reformati
703 2195 784 2261 estis,
800 2195 863 2266 quia
913 2191 1047 2263 significat
1084 2192 1214 2264 populum
1243 2192 1375 2260 fidelem,
1406 2193 1451 2264 qui
1478 2192 1505 2248 in
1532 2194 1657 2250 libertate
1672 2193 1707 2248 ti-

64 2278 119 2334 illis
134 2279 241 2349 pseudo
251 2279 344 2333 saltem
360 2280 613 2336 consensistis.Nec
628 2282 664 2336 ait
677 2283 763 2338 donec
778 2282 863 2337 reior-
913 2280 957 2336 dei
976 2282 1034 2336 Deo
1062 2297 1094 2335 ex
1132 2280 1278 2336 dilectione
1320 2281 1414 2348 servit,
1446 2297 1501 2336 uon
1536 2298 1568 2336 ex
1610 2282 1706 2338 timore

63 2365 189 2434 memini,
206 2367 254 2422 sed
265 2368 351 2424 donec
364 2367 491 2424 Christus
504 2371 645 2440 formetur
654 2372 686 2426 in
696 2371 778 2427 vobis.
791 2370 864 2425 Chri·
913 2385 963 2424 nec
974 2376 1088 2440 propter
1100 2368 1274 2439 temporalia,
1293 2369 1342 2424 sed
1356 2377 1467 2439 propter
1480 2377 1591 2424 aeterua.
1602 2370 1636 2424 Et
1644 2370 1707 2425 licet

65 2462 125 2510 stus
141 2454 212 2510 enim
235 2454 403 2510 deformatus
419 2463 470 2522 est,
487 2464 513 2511 et
527 2455 642 2512 formam
656 2473 732 2512 suam
746 2458 864 2528 perdidit
913 2464 1027 2528 uterque
1041 2464 1114 2511 esset
1129 2455 1199 2511 tilius
1218 2456 1344 2522 Abrahae,
1360 2466 1451 2512 tamen
1466 2457 1573 2513 diverso
1584 2457 1705 2514 222

64 2542 93 2597 in
107 2541 189 2599 vobis
204 2542 406 2610 seductis-Vel,
430 2542 597 2599 deformatus
616 2552 658 2600 est
680 2544 708 2599 in
722 2545 809 2611 vobis,
835 2546 863 2601 id
915 2544 997 2599 modo
1015 2544 1081 2598 nati.
1099 2543 1152 2611 Qut
1167 2543 1239 2599 enim
1254 2543 1304 2598 luit
1314 2544 1347 2601 dc
1361 2545 1479 2612 ancilla,
1495 2544 1599 2602 scilicet
1609 2544 1708 2601 ismael

65 2637 108 2686 est
129 2630 350 2686 insimilitudine
366 2630 462 2686 vestri.
479 2632 627 2688 Audientes
643 2633 714 2687 enim
728 2632 774 2687 alii
797 2649 864 2706 quo·
913 2631 948 2686 de
967 2634 1048 2703 Agar,
1065 2632 1108 2686 hic
1127 2635 1214 2687 octus
1230 2636 1272 2688 cst
1286 2633 1441 2689 secundum
1460 2648 1585 2699 caraem,
1602 2633 1665 2705 quie
1681 2639 1708 2688 et

64 2718 150 2774 modo
179 2717 243 2773 tidei
273 2717 372 2773 Christi
400 2719 563 2785 detrahitis,
607 2720 700 2776 dicunt
738 2721 863 2791 exemplo
912 2725 989 2793 Agar
1000 2720 1213 2788 juvenculaerat
1229 2728 1256 2775 ει
1269 2719 1395 2775 secunda.
1411 2720 1541 2776 Similiter
1552 2720 1647 2792 legalis
1662 2736 1707 2792 po

63 2813 157 2862 vostro
199 2804 404 2862 insufficientem
446 2823 508 2864 esse
549 2808 584 2862 ad
625 2807 740 2863 salutem
781 2807 862 2865 fidem
913 2807 993 2878 pulus
1008 2816 1086 2862 natus
1101 2816 1142 2862 est
1157 2808 1192 2863 de
1206 2808 1320 2874 ancilla,
1335 2808 1363 2863 id
1378 2816 1419 2863 est
1434 2807 1468 2864 de
1482 2808 1544 2881 lege
1559 2808 1709 2873 secundum

63 2893 176 2950 Christi.
914 2911 1036 2962 caruem,
1054 2895 1119 2967 quia
1135 2903 1161 2950 et
1179 2895 1207 2951 iu
1229 2896 1383 2952 carnalibus
1397 2904 1424 2951 et
1437 2911 1531 2952 amore
1558 2895 1708 2952 carnalium

96 2985 136 3040 Ut
146 2982 236 3054 magis
250 2998 299 3039 eos
313 2983 473 3049 deterreret,
498 2985 657 3057 aggravavit
681 2985 783 3042 dictum
798 2984 863 3039 dum
915 2983 1070 3049 serviebat;
1087 2983 1110 3037 si
1124 2992 1265 3054 peccaret,
1282 2983 1371 3038 statim
1385 2983 1412 3038 in
1427 2998 1509 3039 carne
1523 2983 1613 3054 puniri
1627 2983 1707 3040 timc-

64 3071 102 3126 nit
112 3071 204 3128 donec
218 3073 360 3142 [armetur
375 3071 519 3136 Christro,
536 3088 627 3143 quem,
657 3074 736 3144 quasi
749 3073 861 3142 diceret,
914 3071 968 3126 bat.
982 3071 1066 3127 Filius
1077 3075 1175 3127 autem
1189 3071 1295 3144 quisuit
1305 3072 1338 3127 dc
1350 3072 1447 3136 libera,
1464 3071 1568 3128 scilicet
1578 3073 1663 3137 isaac,
1673 3072 1707 3127 de

63 3158 250 3216 deformastis.
267 3158 376 3215 Filiolos
391 3159 579 3230 vosappello;
596 3161 655 3227 sed,
674 3160 737 3216 licet
752 3163 861 3229 circas,
913 3161 980 3215 Sara
995 3168 1075 3214 uatus
1090 3168 1199 3214 estnon
1226 3160 1373 3215 secundum
1402 3176 1522 3215 carnem.
1551 3160 1620 3215 Sara
1635 3159 1708 3215 enim

63 3247 156 3304 diram
171 3246 280 3302 filiolos.
311 3247 411 3302 Tamen
438 3248 519 3302 modo
539 3249 641 3304 uellem
661 3264 720 3304 estc
740 3265 863 3319 praeseus
913 3247 1003 3303 vetula
1018 3256 1075 3302 erat
1091 3256 1117 3302 et
1133 3248 1241 3316 sterilis,
1258 3248 1307 3303 sed
1320 3264 1372 3320 per
1388 3249 1632 3320 repromissionem
1646 3247 1706 3304 Dei.

64 3336 144 3410 epod
160 3341 253 3402 rct,rt
264 3337 427 3392 rtcmuturc
438 3351 531 3392 vocem
549 3352 652 3405 mecm,
666 3337 727 3408 quia
744 3336 863 3393 simodo
912 3337 987 3391 Deus
1002 3335 1085 3400 enim,
1102 3336 1170 3390 sicut
1186 3336 1230 3406 pie
1254 3335 1425 3405 promiserat,
1444 3335 1541 3390 virtute
1569 3352 1617 3391 sua
1631 3336 1707 3393 nasci

63 3440 112 3481 vos
128 3423 240 3496 appello
254 3421 363 3490 filiolus,
375 3439 498 3494 praeseus
512 3423 632 3480 dicerem
645 3424 805 3480 vosalienos
815 3425 864 3480 de·
912 3423 975 3478 lacit
989 3422 1073 3477 silium
1088 3423 1122 3478 de
1137 3422 1223 3477 sterili
1241 3430 1268 3477 ει
1282 3422 1429 3492 decrepita.
1446 3422 1577 3478 Similiter
1591 3423 1706 3494 populus

63 3513 282 3577 trahenteslieo,
295 3510 415 3566 etmulta
432 3511 649 3583 aliaopprohria.
675 3510 742 3581 Quae
763 3512 863 3568 Paulus
913 3510 1011 3576 tidelis,
1024 3510 1069 3582 qui
1084 3509 1132 3565 luit
1143 3511 1177 3565 de
1200 3510 1296 3577 libera,
1313 3509 1340 3565 id
1356 3518 1396 3565 est
1412 3518 1490 3565 uatus
1505 3526 1538 3565 ex
1566 3509 1630 3576 tide,
1647 3528 1707 3582 quae

64 3601 129 3658 licet
145 3600 261 3666 diceret,
273 3599 427 3672 aiprtesens
438 3607 521 3665 esset,
541 3599 627 3656 noluit
643 3607 734 3655 tamen
748 3600 864 3671 inEpis-
913 3599 1000 3655 libera
1015 3606 1056 3654 est
1070 3616 1118 3671 per
1134 3599 1317 3664 dilectionem,
1334 3614 1388 3652 non
1403 3599 1473 3653 sicut
1490 3612 1526 3654 ex
1546 3598 1644 3654 ancilla
1658 3614 1708 3670 per

63 3690 121 3746 tola
130 3689 264 3755 scribere,
277 3687 369 3745 sciens
389 3686 541 3758 Epistulam
559 3704 773 3759 permansuram,
789 3690 864 3744 etde
913 3688 1048 3742 timorem.
1061 3688 1110 3743 llic
1120 3686 1238 3759 populus
1251 3694 1331 3741 natus
1347 3694 1388 3741 est
1398 3686 1706 3758 perrepromissionem,

63 3777 239 3835 correctione
253 3792 349 3832 eorum
362 3775 518 3844 conlidens,
536 3792 650 3847 quorum
669 3776 864 3848 improperium
914 3776 977 3847 quia
991 3777 1065 3832 Deus
1075 3774 1286 3831 misericorditer
1295 3774 1459 3845 promiserat
1474 3792 1503 3831 se
1517 3791 1567 3846 ρετ
1577 3773 1659 3830 fidem
1669 3773 1709 3830 la·

63 3868 166 3924 durare
181 3864 284 3931 noluit;
301 3872 328 3920 ει
342 3864 448 3931 merito,
466 3880 526 3920 cum
542 3872 633 3920 essent
648 3865 811 3936 corrigendi.
836 3865 864 3922 Sl
914 3878 975 3919 aere
1004 3863 1190 3919 salvationem.
1221 3862 1285 3918 Ideo
1309 3870 1368 3917 erat
1385 3878 1435 3934 per
1459 3861 1707 3933 repromissionem,

63 3955 138 4028 apud
152 3967 205 4011 vos
236 3969 337 4020 essem,
362 3960 496 4008 mutarem
520 3966 630 4018 vocem,
647 3952 708 4007 ideo
730 3954 864 4025 quonium
914 3952 976 4023 quia
990 3968 1045 4007 non
1059 3951 1142 4007 servit
1157 3953 1215 4007 Deo
1230 3951 1366 4007 desiderio
1378 3951 1537 4018 carnalium,
1549 3967 1609 4024 quae
1625 3951 1707 4019 videt,

63 4058 140 4100 nunc
154 4040 325 4112 confundor,
341 4039 369 4095 id
383 4047 424 4095 εει
438 4039 609 4095 verecundor
623 4041 744 4097 invobb.
756 4041 863 4095 Lauda·
915 4040 963 4094 sed
978 4055 1072 4095 amore
1097 4038 1273 4111 spiritualium
1289 4055 1349 4110 quae
1377 4054 1457 4093 nemo
1488 4037 1572 4104 vidit,
1590 4038 1639 4094 sed
1659 4054 1710 4110 per

63 4147 160 4189 veram
175 4129 249 4186 enim
268 4126 351 4184 tidem
379 4135 497 4184 vestram
518 4127 590 4199 apud
619 4128 688 4182 alias
707 4128 862 4206 Ecclesiae,
914 4127 1001 4182 solam
1016 4127 1258 4198 repromissionem
1271 4127 1321 4182 Dei
1341 4126 1536 4181 habiturumse
1552 4125 1672 4181 cotrfidit.

64 4236 138 4293 quae,
152 4217 296 4273 audientes
311 4216 512 4288 corruptionem
528 4223 627 4271 vestrae
642 4215 714 4281 tidei,
729 4217 865 4272 aestimant
951 4217 1016 4283 Qttce
1035 4216 1141 4281 omnia,
1171 4214 1275 4270 seilicet
1297 4213 1434 4269 Abraham
1453 4213 1580 4268 habuisse
1596 4213 1664 4268 duos
1679 4213 1711 4269 ti-

64 4324 110 4365 me
125 4321 206 4363 reum
219 4304 364 4371 mendacii,
380 4311 406 4360 et
430 4320 513 4375 super
528 4305 579 4359 hoc
600 4304 741 4359 erubesco.
758 4304 813 4359 Vos
829 4303 863 4357 ft-
914 4303 976 4367 lios,
992 4304 1064 4358 ltunc
1086 4302 1120 4357 de
1139 4303 1237 4358 ancilla
1265 4302 1413 4358 secundum
1434 4317 1553 4367 carnem,
1582 4303 1655 4358 hunc
1675 4303 1710 4358 de

66 4396 125 4452 lioli
140 4395 205 4460 mei,
222 4394 308 4450 dicite
331 4394 412 4448 mitt.
435 4392 493 4456 Vel,
510 4393 533 4446 si
560 4391 659 4462 placet,
685 4407 739 4446 nou
759 4400 865 4463 oportet
878 4388 1001 4448 Dlibeta
1014 4407 1065 4461 por
1088 4390 1336 4461 repromissionem,
1362 4389 1421 4445 haec
1445 4389 1535 4445 omnin
1550 4390 1626 4446 dictu
1641 4394 1710 4447 sunt

63 4484 132 4540 illuc
144 4498 234 4554 usque
247 4481 409 4553 protendere
424 4479 655 4536 siccontinuando
670 4495 677 4534 ε
694 4482 865 4536 AEmttlom-i·
913 4497 964 4553 per
982 4479 1157 4551 atlcporium,
1173 4477 1200 4532 id
1216 4486 1257 4533 est
1275 4494 1325 4548 per
1346 4477 1429 4533 alium
1445 4477 1611 4533 intellectum
1627 4494 1709 4549 quam

64 4576 98 4629 nt
112 4586 170 4638 me,
182 4570 256 4641 quod
267 4569 361 4641 utique
376 4568 495 4636 debetis,
513 4567 575 4639 quia
585 4583 634 4623 vos
649 4569 714 4623 estis
724 4566 799 4622 tilioli
810 4569 866 4623 inei
915 4568 950 4622 sit
965 4566 1089 4622 litteralis
1108 4565 1152 4621 hic
1166 4565 1331 4621 habendum.
1354 4568 1415 4637 lpse
1430 4573 1520 4621 tamen
1544 4582 1598 4620 non
1612 4565 1709 4638 singu-

65 4675 137 4733 quos
151 4659 247 4713 iterum
257 4656 388 4728 parturio,
406 4663 461 4711 etc.
487 4656 627 4710 Sententia
647 4657 794 4732 verborum
810 4671 865 4710 non
914 4655 1002 4710 lomm
1013 4653 1171 4725 allegoriam
1182 4653 1347 4725 exsequitur,
1364 4653 1417 4708 nisi
1432 4653 1521 4709 solum
1531 4653 1565 4708 de
1576 4652 1710 4708 ancillaet

63 4753 195 4803 mutatur.
210 4744 245 4800 Et
259 4744 324 4816 quia
338 4743 499 4816 confundor
513 4743 544 4798 tn
556 4743 629 4798 vobis
644 4744 773 4808 seductis,
783 4743 865 4798 modo
914 4742 1010 4797 libera.
1027 4744 1097 4797 Vere
1113 4740 1174 4797 sunt
1188 4741 1259 4797 dicta
1270 4758 1319 4813 per
1329 4740 1499 4814 allegoriam.
1512 4743 1574 4796 lioec
1584 4742 1672 4809 enim,
1681 4740 1710 4795 id

63 4835 149 4892 dicite
161 4842 190 4890 et
208 4832 372 4904 respondete
395 4831 460 4886 mihi
477 4846 483 4884 :
503 4833 549 4888 Vos
578 4833 628 4903 qut
642 4832 764 4900 subtcpc
778 4831 864 4886 valtis
915 4839 956 4885 est
971 4829 1069 4885 ancilla
1084 4837 1111 4884 et
1125 4829 1221 4896 libera,
1251 4834 1330 4894 aaut,
1355 4829 1439 4884 idest
1467 4826 1631 4900 significant,
1654 4828 1709 4885 duo

63 4939 138 4986 carc,
153 4937 211 4978 ura
233 4921 340 4992 tepetis
364 4934 410 4976 uos
441 4920 549 4991 tepeat?
564 4918 787 4988 Complexionem
802 4916 866 4972 tacit
917 4920 1106 4983 testamenta,
1120 4919 1203 4973 Vetus
1218 4924 1244 4972 et
1258 4918 1374 4972 Novum.
1390 4919 1480 4974 Utrum
1491 4916 1603 4989 quidem
1618 4917 1715 4973 Testa·

63 5011 121 5066 illis
135 5008 263 5080 utrinque
275 5027 282 5074 ;
293 5006 447 5073 ferientem,
458 5007 520 5077 quia
531 5007 554 5061 si
563 5006 653 5078 legem
662 5021 716 5061 uon
727 5004 863 5077 legerunt,
915 5013 1044 5072 mentum,
1061 5005 1088 5059 id
1106 5012 1147 5060 est
1162 5005 1250 5076 legem
1265 5021 1404 5077 perperene
1414 5003 1709 5075 filiost'nscrvittttcm,

64 5098 179 5156 attritum
189 5103 232 5152 est
241 5095 357 5151 transire
371 5094 406 5150 ad
415 5094 483 5150 illud
493 5094 567 5167 quod
581 5093 715 5149 nesciunt.
731 5092 759 5148 Si
774 5101 866 5148 autem
917 5093 980 5166 quia
994 5101 1021 5148 et
1035 5093 1132 5148 timore
1147 5109 1234 5165 poenae
1251 5100 1278 5148 et
1296 5109 1346 5164 pro
1365 5091 1522 5149 carnalibus
1537 5093 1706 5150 serviebant.

63 5188 205 5262 legerunt,
233 5199 296 5241 cum
319 5183 416 5240 eadem
430 5183 474 5239 lex
499 5182 624 5239 veniente
646 5180 698 5236 tide
724 5181 867 5253 prohibeat
916 5182 985 5237 illud
1000 5197 1082 5236 unum
1097 5181 1157 5237 dieo
1168 5182 1261 5236 datum
1275 5182 1307 5236 iu
1317 5185 1412 5237 monte
1422 5182 1511 5249 Sino,·
1526 5181 1565 5236 ibi
1579 5181 1650 5237 enim
1666 5181 1709 5235 lex

64 5292 96 5332 ae
111 5273 211 5341 teneri,
226 5272 374 5344 plurimum
400 5270 537 5343 desipiunt
564 5270 610 5341 qui
632 5285 691 5325 eam
706 5278 799 5325 tenere
814 5284 865 5325 vtt-
917 5271 980 5326 data
993 5269 1043 5325 tuit
1053 5270 1081 5324 in
1095 5270 1214 5325 deserto.
1233 5269 1298 5325 Sina
1319 5268 1515 5342 interpretatur
1529 5269 1709 5337 mandatum,

63 5364 134 5420 lunt.
150 5362 274 5419 Alterum
288 5369 381 5417 tamen
399 5359 552 5415 membrum
572 5357 769 5431 complexionis
784 5373 866 5414 exse·
917 5365 944 5414 et
962 5374 1012 5430 per
1026 5365 1147 5413 montem
1161 5357 1328 5412 altitudinem
1357 5357 1494 5430 superhiae
1507 5355 1665 5426 accipimus,
1681 5365 1713 5410 ut

64 5453 168 5527 quitur,
185 5450 239 5506 hoc
259 5457 311 5519 est,
328 5449 351 5504 si
365 5448 457 5522 legem
474 5448 613 5520 legerunt.
916 5446 1040 5503 dieamus
1053 5462 1192 5518 perierant
1207 5447 1239 5501 tn
1253 5447 1421 5503 seruitutem
1434 5447 1466 5500 in
1479 5448 1577 5501 monte
1587 5444 1666 5510 Stoa,
1684 5443 1714 5502 id

102 5540 237 5598 Dicercnt
250 5537 289 5594 illi
305 5552 312 5593 :
329 5536 401 5608 Quid
414 5536 478 5593 inde
493 5536 517 5593 si
539 5536 631 5608 legem
645 5534 762 5607 legimus
776 5539 787 5591 t
802 5534 867 5592 ideo
917 5533 996 5593 estin
1007 5533 1136 5609 superbia
1151 5534 1281 5590 mandati.
1293 5532 1380 5592 tudaei
1395 5531 1477 5601 enim,
1500 5532 1548 5606 qui
1563 5531 1614 5588 soli
1623 5531 1716 5608 legem
