3742 5986
182 124 235 179 aas
382 176 383 180 x
614 114 786 174 uursonrs
810 115 835 172 11
858 108 1063 170 carraosra
1076 111 1224 170 uaroms
1247 110 1387 170 Parosta
1425 91 1436 105 '
1512 140 1521 150 .
1783 110 1833 166 aas

180 243 281 317 quieta,
297 257 396 308 secura
410 249 437 297 ει
450 249 535 312 εειιε,
552 241 649 298 festiva
665 250 692 298 et
712 242 783 309 laeta,
806 239 927 311 Jucunda
951 236 1070 297 ειΑεει
1085 238 1234 310 essequod
1249 244 1300 295 εει.
1316 236 1378 309 lpse
1396 234 1447 292 sibi
1472 250 1544 303 esse,
1568 235 1629 308 ipse
1652 241 1679 290 et
1703 232 1833 290 omnibus

179 347 298 401 amoena,
314 331 405 387 lucida
420 339 446 386 ει
456 330 600 403 praeclara,
612 330 769 387 dulcissima
780 338 807 384 et
817 327 977 384 suavissima
1028 334 1154 380 esseest.
1180 326 1233 381 Sed
1257 326 1317 397 ipse
1338 326 1384 398 qui
1405 325 1479 381 solus
1505 331 1556 391 εει,
1580 323 1626 396 qui
1648 322 1728 378 solus
1752 321 1832 379 habet

179 422 218 491 (et
232 420 295 492 quia
309 419 392 474 verba
408 428 471 475 sunt
484 419 554 490 haec)
569 426 595 474 ct
610 419 683 475 omni
697 418 815 490 denique
830 417 902 489 quod
926 432 977 487 ap·
1027 413 1269 482 immortalitatem,
1295 415 1360 487 quid
1375 422 1416 470 est
1430 414 1445 468 i
1457 412 1530 470 Nihil
1545 428 1641 468 eorum
1655 428 1720 484 quae
1736 411 1832 468 condi-

179 508 325 580 petendum
341 516 382 564 est
398 507 489 578 plena,
507 516 532 562 ει
547 508 582 562 ab
606 507 679 562 omni
704 505 879 561 nihilominus
903 504 977 576 quod
1026 501 1075 569 dit,
1092 502 1150 573 ipse
1165 511 1207 559 εει
1223 519 1229 558 :
1246 505 1310 575 quia
1323 504 1357 558 ab
1372 510 1473 558 aeterno
1488 509 1539 567 est,
1564 516 1620 557 nou
1645 516 1678 558 ex
1694 509 1830 571 tempora.

178 596 341 670 fugiendum
355 604 397 651 est
411 596 498 651 alicua
515 613 575 667 qum
598 605 659 651 sunt
683 611 766 666 supra
795 602 829 650 te.
857 593 911 660 Sic,
938 593 977 648 sic
1027 590 1156 647 Omnium
1170 600 1357 648 ereaturarum
1382 600 1489 647 creator
1510 590 1555 646 ille
1579 598 1640 657 est3
1665 589 1745 645 unde
1768 605 1831 646 con-

177 701 249 756 pone
263 685 291 739 in
305 685 398 739 arduis
412 685 505 739 nidum
520 684 578 750 tibi,
595 693 620 738 et
644 683 671 738 in
693 684 778 754 petris
802 699 924 749 manens,
950 690 977 737 et
1027 687 1101 734 stans
1117 688 1158 735 εει
1182 682 1245 752 quia
1266 680 1325 751 ipse
1349 687 1473 737 creatura
1495 694 1550 735 non
1574 686 1625 734 est.
1652 678 1767 734 Scimus
1786 678 1831 733 tibi

176 773 205 827 in
218 772 363 844 praeruptis
387 772 506 827 silicibus
531 788 714 839 commorans,
739 780 820 844 atque
844 770 976 826 inacessis
1026 768 1126 835 dicere,
1144 769 1189 841 qui
1204 769 1339 824 habitator
1353 769 1429 825 cellae
1450 784 1490 833 es,
1516 768 1581 840 quid
1603 768 1680 822 Deus
1704 767 1830 831 nonsit,

176 861 309 932 rupibus;
325 861 388 916 inde
403 860 586 930 contemplare
601 876 703 916 escam.
720 861 787 916 Cum
809 860 899 932 itaque
922 860 976 914 boc
1025 857 1075 911 sed
1089 857 1149 929 quis
1163 857 1254 913 dicere
1268 865 1358 929 potest
1372 857 1438 929 quid
1459 856 1494 911 sit
1507 856 1521 910 f
1535 855 1605 911 Dicit
1628 855 1705 911 enim
1730 855 1768 910 de
1791 855 1830 910 bis

173 949 298 1004 modain
313 964 382 1021 pura
397 949 624 1015 consideratione,
652 965 715 1005 cum
731 948 812 1019 pleno
835 964 928 1003 amore
950 953 977 1003 ει
1025 944 1077 1000 hoc
1090 945 1172 1001 modo
1187 946 1284 1001 beatus
1298 945 1445 1017 Dionysius
1467 945 1495 999 in
1507 944 1579 999 libro
1603 943 1745 1016 angelicae
1766 944 1829 1000 flie-

173 1036 320 1105 desiderio,
338 1045 364 1093 et
380 1045 405 1093 te
420 1037 520 1092 sedens
534 1037 561 1091 in
577 1037 648 1093 cella
661 1037 715 1091 illis
730 1038 816 1093 beatis
826 1036 973 1108 spiritibus,
1026 1033 1149 1101 carebia,
1167 1034 1285 1106 capitulo
1309 1034 1452 1090 secundo:
1480 1054 1491 1081 ι
1513 1034 1607 1104 ltaque
1630 1040 1656 1088 et
1681 1031 1828 1088 colendam

174 1133 201 1181 et
215 1125 277 1180 illos
290 1125 338 1179 tibi
363 1132 551 1198 repraesentas,
578 1126 646 1182 scito
669 1127 732 1198 quia
754 1126 827 1180 intus
851 1124 926 1179 duxit
948 1132 974 1181 ιε
1025 1122 1264 1193 superessentialis
1289 1122 1436 1178 divinitatis
1452 1121 1648 1178 beatitudinem
1662 1120 1828 1176 manifesta·

172 1229 221 1269 rex
235 1213 262 1268 in
277 1213 375 1269 cellam
397 1214 538 1280 vinariam,
564 1222 593 1269 ut
617 1214 758 1270 ordinaret
779 1213 806 1268 in
831 1222 857 1269 ιε
882 1212 974 1269 cbari-
1024 1209 1141 1266 tivorum
1156 1210 1328 1282 eloquiorum
1340 1211 1463 1282 mysticae
1476 1209 1648 1276 traditiones,
1677 1208 1829 1280 aliquando

170 1309 265 1368 tatem,
281 1302 327 1374 qui
342 1311 367 1358 et
383 1309 472 1374 potest
483 1303 540 1371 jam
553 1302 646 1359 dicere
661 1318 724 1357 cum
748 1301 830 1357 Paulo
847 1317 853 1355 :
872 1303 973 1359 lfostre
1025 1298 1134 1370 quidem
1149 1307 1178 1354 ut
1206 1298 1350 1366 rationem,
1366 1307 1393 1355 et
1416 1298 1591 1366 intellectum,
1622 1305 1650 1353 et
1677 1298 1828 1354 essentiam

170 1392 345 1448 conuersatio
360 1393 392 1446 in
406 1392 483 1447 caelis
498 1394 540 1446 est
555 1389 671 1464 (Philip.
699 1407 740 1461 ιιι,
766 1390 823 1462 20),
840 1398 867 1446 ει
881 1390 946 1445 illud
964 1407 971 1445 z
1023 1385 1154 1451 laudant;
1170 1386 1289 1443 divinam
1304 1386 1512 1443 mtionalitatem
1526 1395 1553 1442 et
1576 1385 1748 1457 sapientiam
1771 1388 1827 1456 eius

171 1478 324 1535 comedere
335 1495 385 1534 nos
395 1481 465 1550 fecit
475 1480 506 1534 in
516 1479 685 1546 celestibus,
697 1481 728 1535 in
742 1478 970 1550 Christofiphes.
1023 1473 1204 1541 declarantes,
1222 1481 1248 1531 ει
1261 1492 1327 1532 ιειε
1342 1476 1502 1532 existentem
1517 1475 1714 1546 substantiam,
1731 1482 1760 1532 et
1780 1491 1826 1532 eo-

169 1583 199 1636 n,
217 1571 254 1636 6).
271 1568 345 1622 Tune
360 1566 466 1637 Paulus,
493 1574 523 1622 ut
545 1568 641 1623 beatus
664 1567 817 1641 Gregorius
842 1567 916 1634 dicit,
944 1567 972 1622 in
984 1584 1012 1649 B
1023 1579 1082 1617 rum
1097 1580 1159 1635 quae
1173 1572 1236 1620 sunt
1251 1564 1433 1621 subsistentiae
1447 1579 1559 1621 causam
1573 1579 1669 1620 veram
1688 1579 1696 1619 :
1713 1571 1743 1620 et
1753 1565 1826 1637 quasi

174 1668 287 1711 carcere
302 1655 426 1710 fortassis
440 1655 596 1723 tenebatur,
605 1671 666 1712 cum
677 1672 707 1712 sc
718 1657 813 1712 sedere
824 1656 852 1711 in
862 1656 971 1712 Christo
1021 1650 1112 1707 lumen
1129 1668 1189 1707 eom
1205 1652 1331 1723 immoni.
1348 1662 1373 1709 oi
1397 1653 1478 1710 vilom
1498 1660 1606 1719 voooob
1633 1653 1720 1708 tomis
1743 1653 1825 1708 mim·

167 1742 195 1798 in
210 1743 367 1799 coelestibus
382 1751 537 1800 testaretur.
555 1745 610 1800 Sed
626 1745 663 1800 ibi
678 1746 718 1816 (ut
736 1745 876 1818 subjmrgit
901 1745 970 1801 bea·
1021 1739 1121 1794 bilibus
1154 1740 1362 1796 formationibus
1391 1741 1553 1798 castioribus
1578 1741 1771 1811 manentibus,
1800 1748 1825 1798 et

168 1839 211 1888 tus
227 1832 390 1906 Gregorius)
405 1841 472 1899 erat,
489 1833 535 1888 ubi
550 1834 692 1890 ardentem
704 1835 760 1904 jam
774 1842 893 1889 mentem
907 1833 970 1888 fixe
1019 1829 1174 1884 materiales
1188 1829 1367 1886 formationes
1381 1830 1516 1886 excellere
1530 1845 1642 1902 quoquo
1656 1830 1746 1887 modo
1760 1845 1823 1902 pro·

113 1912 117 1917 ’
166 1928 216 1987 mt,
233 1936 288 1976 nou
304 1920 368 1988 illic,
386 1921 433 1976 ubi
448 1922 524 1976 illum
540 1923 697 1979 necessarie
711 1923 793 1996 pigra
804 1924 893 1979 adhuc
903 1938 968 1979 caro
1020 1916 1089 1971 itatis
1104 1916 1304 1988 deficientibus,
1320 1925 1346 1976 ει
1361 1919 1400 1976 sic
1415 1919 1508 1976 divina
1522 1918 1557 1974 ad
1575 1919 1727 1975 veritatem
1749 1920 1823 1976 sitni-

166 2009 307 2065 retinebat.
324 2010 410 2079 Vade,
428 2017 455 2065 et
470 2020 497 2065 tu
512 2010 539 2064 in
554 2010 625 2066 cella
647 2020 692 2066 tna
715 2011 760 2067 fac
782 2011 915 2080 similiter,
942 2019 969 2068 ει
1018 2004 1141 2061 limdino.
1158 2007 1209 2061 Est
1223 2007 1296 2061 enim
1319 2024 1403 2078 super
1425 2023 1535 2064 omnem
1558 2007 1707 2064 scientiam
1732 2015 1761 2064 et
1782 2012 1821 2064 ri-

165 2097 268 2169 poteris
282 2113 345 2154 cum
359 2099 474 2154 redieris
487 2100 521 2154 ad
535 2115 597 2166 nos,
614 2100 683 2153 dens
697 2099 813 2172 gloriam
828 2100 896 2166 Deo,
922 2100 967 2155 di·
1018 2101 1081 2159 ¹⁸¹¹),
1107 2094 1181 2149 ΜΗΘ
1214 2095 1324 2167 quidem
1347 2097 1436 2168 ipsam
1458 2096 1560 2151 lumine
1579 2097 1821 2165 chorioiol'ifflioi

165 2200 228 2242 cere
243 2186 333 2253 nobis,
350 2187 423 2259 quod
446 2187 474 2241 in
489 2188 581 2242 arduis
606 2188 720 2258 posuisti
748 2189 842 2243 nidum
864 2189 922 2256 tibi,
939 2189 967 2243 in
1018 2182 1146 2255 omnique
1168 2183 1275 2239 ratione
1299 2192 1325 2240 et
1353 2184 1501 2252 intellectu,
1527 2184 1710 2242 similitudine
1740 2186 1821 2258 ipsius

164 2274 250 2347 petris
266 2274 346 2329 etiam
361 2275 494 2346 mansisti,
510 2275 539 2331 in
554 2277 700 2348 praeruptis
715 2276 836 2333 silicibus
851 2294 881 2334 es
895 2293 966 2334 com·
1016 2270 1274 2343 imcomparabiliter
1286 2273 1433 2330 derelictis·
1449 2275 1482 2330 Ei
1496 2274 1645 2347 aliquando
1670 2290 1743 2331 vero
1765 2274 1820 2330 dis·

163 2371 294 2431 moratus,
320 2372 347 2420 et
370 2365 399 2421 in
421 2365 569 2422 inaccessis
593 2367 707 2438 rupibus
732 2367 911 2438 cotemplatus
935 2384 965 2424 es
1015 2359 1148 2415 similibus
1163 2359 1427 2417 manifestationibus
1442 2362 1477 2418 ab
1487 2362 1554 2434 ipsis
1575 2362 1708 2436 eloquiis,
1724 2380 1819 2436 super·

166 2467 270 2510 escam.
1015 2448 1151 2505 mundane
1164 2450 1274 2506 laudant
1296 2465 1354 2506 eam
1379 2450 1552 2516 invisibilem,
1578 2460 1606 2507 et
1626 2452 1773 2525 infinitam,
1795 2461 1819 2510 et

1013 2536 1278 2609 incomprehensam,
1294 2539 1454 2596 vocantibus
1470 2556 1476 2596 :
1495 2548 1522 2597 ει
1535 2556 1607 2613 quae,
1624 2550 1652 2598 et
1666 2559 1703 2598 ex
1723 2543 1818 2616 quibus

393 2633 592 2691 CAPITULUM
625 2634 729 2690 xxlx,
1012 2641 1067 2681 non
1082 2627 1146 2698 quid
1176 2634 1226 2697 est,
1255 2627 1304 2684 sed
1332 2628 1378 2700 qni
1406 2644 1462 2685 non
1489 2637 1531 2685 est
1558 2628 1742 2703 significatur.
1765 2632 1820 2689 Hos

1013 2713 1094 2779 enim,
1111 2722 1139 2770 ut
1153 2715 1267 2782 aestimo,
1284 2717 1421 2787 potentius
1436 2716 1520 2773 estin
1544 2718 1615 2790 ipsa.
1642 2718 1736 2789 Quem
1757 2722 1817 2793 qui-

160 2801 199 2857 De
215 2801 266 2857 iilo
279 2801 476 2858 meditationis
489 2818 590 2873 genere
603 2803 767 2875 guediniru
780 2820 832 2861 noa
846 2808 878 2861 in
892 2807 961 2879 ipsis
1012 2802 1074 2858 dem
1090 2804 1130 2873 (ut
1148 2804 1254 2861 occulta
1278 2812 1304 2860 ει
1332 2805 1508 2862 sacerdotalis
1536 2807 1647 2863 traditio
1678 2809 1817 2866 subintro-

195 2873 309 2927 intimis
316 2871 408 2928 cerdis
418 2873 510 2928 nostri
520 2872 651 2930 debemus
663 2873 774 2943 bebere,
786 2893 851 2932 cum
863 2875 896 2932 de
906 2880 960 2934 lico
1012 2891 1098 2963 duxit)
1113 2892 1165 2948 boc
1180 2893 1290 2965 quidem
1305 2909 1361 2950 non
1375 2910 1438 2949 esse
1457 2895 1608 2952 secundum
1632 2897 1701 2969 qnid
1725 2914 1815 2954 eornm

103 3056 106 3061 Ι
194 2943 491 3071 gfffffl‘sgzgaem
507 2948 536 3000 et
551 2946 675 3017 imme?
689 2946 723 3002 de
738 2947 788 3002 ἨΟ
799 2963 850 3004 ”⁰⁸
862 2941 996 3006 meato
1014 2995 1074 3052 quae
1091 2989 1162 3080 sunt,
1178 2997 1238 3037 cam
1255 2997 1318 3039 vere
1333 2981 1460 3039 dicimus.
1477 2985 1638 3055 Ignoramus
1652 2994 1748 3042 autem
1769 3004 1814 3043 su-

1011 3070 1236 3140 peressentialem
1250 3071 1346 3143 ipsius,
1363 3079 1390 3127 et
1404 3071 1577 3137 invisibilem,
1595 3081 1622 3129 et
1646 3075 1814 3132 ineffabilem

192 3147 253 3202 iam
267 3147 378 3219 quidem
392 3164 427 3204 eo
440 3165 527 3221 usque
540 3151 716 3221 pervenimus
737 3159 767 3208 ut
794 3160 885 3209 tecum
909 3153 961 3210 ali·
1010 3156 1206 3215 infinalitatem.
1223 3160 1252 3215 Si
1266 3159 1349 3236 igitur
1363 3161 1524 3233 negationes
1534 3161 1562 3216 in
1572 3162 1675 3220 divinis
1684 3165 1815 3234 vermal-

155 3233 232 3308 quid,
248 3235 296 3306 qui
309 3236 474 3293 inhabitator
488 3237 564 3294 cellae
578 3255 618 3306 es,
634 3239 669 3296 de
687 3240 753 3312 ipsis
780 3241 961 3298 invisibilibus
1009 3244 1178 3303 firmationes
1200 3265 1266 3305 vero
1285 3249 1473 3322 incompacta,
1504 3250 1667 3310 obscuritati
1700 3271 1813 3313 arcauo-

156 3323 208 3379 Dei
222 3323 409 3380 conferamus.
428 3326 469 3381 De
483 3327 580 3399 quibus
594 3327 775 3384 invisibilibus
797 3330 960 3401 predicator
1009 3351 1070 3390 rum
1084 3336 1172 3409 magis
1187 3344 1248 3409 apta
1263 3345 1305 3394 est
1317 3354 1368 3410 per
1382 3339 1529 3396 dissimiles
1552 3340 1735 3402 formationes
1759 3363 1815 3402 ma·

158 3411 289 3485 egregius
314 3413 354 3469 sic
376 3413 443 3471 dicit
460 3433 466 3469 :
483 3416 640 3472 Invisibilia
663 3419 760 3491 ipsius,
785 3436 802 3474 a
825 3424 960 3477 creature
1007 3423 1155 3481 nifestatio.
1174 3447 1185 3477 x
1201 3427 1265 3484 Haec
1279 3427 1373 3484 beatus
1387 3428 1534 3501 Dionysius
1548 3431 1582 3487 de
1597 3432 1640 3487 his
1654 3435 1744 3492 verba
1759 3436 1815 3509 qui·

156 3501 268 3568 mundi,
274 3518 326 3574 per
336 3518 369 3558 eu
377 3519 439 3575 puoe
448 3505 528 3575 scete
539 3510 616 3570 sunt,
624 3507 958 3581 intellectnconspiciun·
1007 3512 1069 3568 dem
1086 3513 1225 3586 perplexa,
1241 3517 1290 3571 sed
1305 3516 1485 3591 intelligentia
1499 3518 1526 3573 in
1537 3518 1576 3574 eis
1586 3519 1654 3577 latet
1663 3522 1813 3593 profunda.

156 3592 205 3646 ter
220 3591 310 3660 (Rom.
323 3607 341 3661 ι,
351 3595 408 3663 20).
420 3593 453 3647 Ει
469 3599 544 3649 εειιε
559 3609 614 3650 non
629 3595 704 3650 aliud
719 3596 777 3653 haec
792 3597 851 3666 ejus
865 3597 960 3654 invisi·
1006 3600 1081 3657 Ecce
1096 3602 1160 3673 quia
1170 3619 1221 3659 nos
1232 3604 1297 3660 dicit
1305 3604 1436 3678 ignorare
1447 3609 1707 3679 superessentialem
1717 3611 1811 3684 ipsine,

154 3677 222 3734 bilia
231 3686 303 3747 sunt,
316 3695 399 3750 quum
409 3680 437 3735 id
447 3681 519 3753 quod
529 3682 587 3753 ipse
598 3692 648 3739 est.
660 3684 737 3740 Unde
749 3693 776 3740 et
792 3686 865 3742 idem
884 3689 957 3757 ripo-
1007 3698 1034 3745 et
1050 3690 1225 3760 invisibilem,
1243 3700 1270 3748 et
1284 3692 1448 3751 ineffabilem
1460 3695 1811 3759 colendaminfinalitatem.

155 3766 251 3833 stolus,
267 3775 296 3823 ut
307 3783 357 3824 nos
371 3769 489 3825 instruat
504 3770 570 3842 quid
583 3771 617 3827 de
633 3772 675 3827 his
688 3772 869 3829 invisibilibus
891 3791 956 3831 sen·
1007 3779 1089 3846 Ecce,
1108 3780 1172 3852 quia
1188 3782 1359 3856 subjungens
1373 3784 1480 3855 asserit,
1503 3786 1667 3859 negationes
1692 3789 1720 3844 in
1741 3790 1812 3846 divi·

155 3853 208 3909 tire
221 3854 382 3925 debeamus,
413 3858 536 3930 adjungit
563 3860 750 3932 :Sempiierna
768 3879 873 3935 quoque
895 3868 956 3938 ejas
1006 3867 1048 3923 nis
1063 3885 1151 3936 veras,
1182 3871 1377 3928 affirmationes
1400 3889 1465 3930 vero
1485 3875 1687 3948 incompactas.
1712 3879 1749 3935 Et
1769 3880 1812 3935 id·

153 3944 246 3999 eirtns
261 3947 289 3998 ci
302 3943 451 4000 diuinitas.
472 3946 527 4001 Sua
541 3945 627 4017 ipsius
642 3949 809 4019 sempiterna
824 3951 906 4008 virtus
930 3962 957 4009 et
1005 3956 1079 4014 circo
1095 3957 1161 4015 dicit
1173 3959 1331 4016 obscuritati
1346 3976 1505 4018 arcanorum
1520 3964 1610 4037 magis
1632 3973 1726 4038 aptam
1752 3984 1813 4026 esse

153 4029 281 4086 divinitas
296 4030 355 4102 ipse
371 4039 422 4102 est,
438 4033 483 4104 qui
499 4035 572 4089 Deus
587 4037 769 4106 sempiternus
783 4047 833 4092 est.
853 4040 881 4095 Si
896 4041 955 4113 qui·
1004 4061 1054 4116 per
1068 4046 1215 4104 dissimiles
1246 4047 1422 4106 formationes
1437 4051 1695 4110 manifestationem.
1719 4056 1810 4126 Certe,

152 4116 216 4175 dem
239 4118 323 4175 habet
346 4120 541 4191 sempiternam
563 4122 688 4178 virtutem
712 4133 739 4180 et
764 4126 953 4197 divinitatem
1004 4136 1240 4205 superessentialis
1263 4137 1359 4209 ipsius,
1384 4147 1412 4195 et
1435 4140 1587 4208 invisibilis,
1613 4149 1639 4198 et
1664 4143 1811 4202 ineffabilis

151 4206 202 4262 sed
217 4207 290 4303 quod
303 4208 395 4304 habet,
415 4210 468 4266 hoc
490 4217 541 4267 est.
565 4210 693 4268 Locuturi
712 4223 803 4271 autem
827 4217 861 4272 de
883 4218 951 4286 Deo,
1002 4221 1149 4279 infinalitas
1168 4225 1234 4279 nihil
1259 4232 1310 4296 εει,
1335 4228 1386 4282 nisi
1401 4227 1429 4283 id
1455 4229 1528 4300 quod
1551 4229 1610 4301 ipse
1631 4240 1685 4287 est.
1710 4233 1746 4289 Et
1765 4234 1811 4306 qui

151 4290 225 4363 quod
238 4307 298 4362 ipse
311 4300 345 4348 ειι
358 4293 450 4350 dicere
465 4311 519 4351 non
535 4312 691 4368 possumus,
715 4300 779 4371 quia
803 4301 856 4358 hoc
872 4303 951 4375 cogi·
962 4297 989 4358 D
1002 4311 1073 4368 hano
1085 4313 1171 4383 ipsius
1196 4312 1380 4371 infinalitatem
1400 4317 1561 4390 ignoramus
1576 4335 1638 4376 cum
1662 4321 1721 4378 haec
1745 4321 1809 4378 infi-

149 4385 207 4434 tare
222 4395 277 4435 non
290 4380 422 4437 valemus.
450 4383 529 4453 Quod
552 4401 621 4457 ergo
644 4389 879 4458 comprehendere
896 4408 951 4447 non
1002 4399 1101 4456 nalitus
1115 4402 1150 4457 siv
1161 4402 1229 4473 ipse,
1247 4403 1311 4475 quid
1327 4404 1386 4476 ipso
1401 4405 1435 4461 sit
1451 4408 1588 4478 quomodo
1613 4424 1670 4465 non
1693 4410 1809 4483 ignora-

149 4482 296 4539 possumus
310 4479 410 4538 mente,
428 4482 627 4571 consequenter
640 4491 690 4531 nec
706 4479 860 4548 exprimere
885 4496 952 4550 pos·
1001 4490 1083 4545 musi
1111 4489 1139 4544 Si
1154 4500 1242 4547 autem
1258 4494 1418 4564 negationes
1432 4495 1460 4550 in
1474 4496 1574 4552 divinis
1589 4505 1653 4553 sunt
1668 4515 1754 4566 xerse,
1769 4500 1826 4556 af·-

149 4571 245 4612 sumus
259 4572 318 4613 ove.
335 4557 414 4614 Certe
429 4561 562 4658 quidquid
576 4571 618 4618 est
633 4564 677 4619 vel
692 4565 754 4635 ipso
775 4574 826 4633 est,
853 4568 895 4623 vol
912 4576 953 4624 esi
1001 4575 1166 4635 firmationes
1181 4595 1246 4637 vero
1261 4579 1447 4652 incompacta,
1464 4600 1533 4641 vera
1546 4593 1588 4640 est
1602 4595 1699 4644 nostra
1722 4605 1808 4664 nega·

150 4652 276 4701 ereatura
291 4661 371 4718 quam
386 4648 507 4703 condidit
521 4649 590 4722 ipse.
607 4650 689 4707 Sede
704 4669 754 4709 suo
774 4671 845 4723 esse,
870 4671 951 4714 crea·
1002 4665 1039 4720 tio
1053 4682 1115 4722 cum
1130 4667 1247 4724 dicimus
1264 4685 1270 4726 τ
1287 4670 1339 4728 hoc
1353 4687 1409 4726 non
1430 4680 1481 4740 est,
1508 4673 1569 4745 qnia
1595 4676 1671 4746 quod
1695 4693 1752 4733 non
1777 4679 1811 4735 sit

149 4739 219 4790 tnrae
238 4750 300 4834 esse
315 4742 370 4791 tam
385 4735 467 4807 longe
485 4739 627 4810 estquod
651 4741 685 4796 de
714 4756 746 4796 ea
769 4742 824 4799 dici
850 4753 949 4816 potest,
1001 4754 1123 4822 scimns;
1138 4755 1311 4829 incompacta
1325 4760 1580 4830 verocunfnmntio,
1594 4779 1658 4820 cum
1669 4765 1808 4823 affirman-

147 4823 222 4894 quoa
235 4839 294 4922 psa
309 4825 461 4880 secundom
476 4827 621 4897 quemnam
635 4829 747 4886 modum
767 4848 822 4888 non
835 4841 886 4898 est,
903 4834 951 4890 sed
1001 4843 1173 4900 respicimus
1191 4862 1197 4901 :
1213 4847 1329 4914 horest,
1348 4848 1412 4920 quta
1426 4850 1491 4921 quia
1506 4851 1540 4907 sit
1555 4852 1704 4909 uenimus.
1723 4855 1759 4910 ar
1770 4864 1808 4911 u·

147 4911 220 5009 guod
235 4928 294 4983 rpse
310 4913 385 4968 solus
398 4922 449 4969 est.
466 4916 515 4970 Est
530 4931 648 4988 namque
663 4918 714 4973 viri
730 4921 815 4975 sancti
838 4930 950 4979 senten·
1000 4948 1062 4987 mon
1079 4933 1101 4987 si
1116 4935 1254 4991 nescimus
1269 4936 1322 4993 hoc
1337 4938 1410 5009 qnod
1425 4937 1484 5009 ipse
1508 4947 1558 5008 est,
1584 4941 1689 4998 scimus
1711 4944 1807 5017 utique

147 4999 233 5054 trade
248 5000 309 5066 hoc,
326 5002 398 5058 huno
414 5003 518 5059 habens
541 5005 653 5059 modum
669 5026 677 5062 :
695 5009 756 5080 lpse
779 5011 855 5065 enim
874 5014 950 5068 solus
1000 5021 1063 5092 quia
1076 5022 1135 5093 ipse
1150 5031 1201 5079 est.
1217 5024 1276 5080 Nisi
1291 5025 1364 5080 enim
1389 5026 1523 5083 sciremus
1546 5044 1610 5084 eum
1634 5044 1709 5099 esse,
1735 5050 1806 5105 quo-

148 5089 237 5152 esbel
247 5103 330 5145 nemo
338 5095 430 5162 potest
439 5096 566 5148 evertere
574 5095 758 5164 cogitationes
766 5099 841 5168 ejus,·
853 5103 881 5155 cf
890 5103 952 5157 oni·
999 5110 1081 5165 modo
1095 5127 1238 5182 possemus
1253 5129 1316 5168 eum
1331 5114 1447 5187 diligere
1462 5118 1477 5171 ‘f
1492 5117 1560 5172 Nam
1575 5118 1649 5188 quod
1665 5121 1805 5177 nescimus

148 5175 569 5277 mcejnsquodeunpucuoluii,
583 5181 873 5255 hocfecitfiobxxtu,
887 5189 944 5259 ts).
999 5214 1070 5263 esse,
1097 5208 1227 5270 quantum
1254 5203 1287 5257 ad
1308 5211 1429 5258 nostram
1450 5204 1578 5260 duntaxat
1605 5208 1805 5282 cogitationem

147 5263 182 5318 Et
192 5264 338 5334 Apostolus
349 5266 412 5322 dreit
423 5269 580 5339 quodsoius
596 5271 678 5328 babet
699 5276 950 5334 immortalitatem
998 5302 1049 5342 nec
1064 5288 1145 5343 habet
1160 5305 1231 5346 esse.
1249 5291 1281 5344 Et
1296 5291 1358 5346 ideo
1373 5294 1510 5364 quomodo
1525 5309 1542 5349 a
1557 5295 1637 5350 nobis
1651 5296 1734 5372 diligi
1752 5316 1805 5371 po.

149 5352 176 5422 {f
185 5354 253 5418 Tim,
266 5369 305 5423 tv,
323 5357 377 5423 li).
397 5353 542 5423 Quomodo
555 5374 610 5414 non
624 5361 699 5415 solos
720 5362 880 5420 immortalis
895 5374 946 5435 ost,
998 5382 1059 5446 test,
1077 5378 1150 5448 quod
1167 5385 1297 5450 quantum
1310 5381 1345 5435 ad
1358 5397 1408 5437 nos
1423 5397 1475 5438 ncc
1490 5391 1532 5438 est
1545 5385 1560 5439 i
1574 5384 1627 5440 Sed
1652 5402 1717 5442 eum
1742 5404 1805 5445 esse

150 5439 197 5510 qui
211 5440 292 5497 etiam
307 5443 381 5500 solus
397 5444 461 5500 esti
474 5445 555 5501 Solus
570 5447 662 5522 utique
675 5457 726 5517 est,
741 5452 783 5506 eui
800 5453 850 5509 soli
876 5454 948 5511 idem
998 5462 1175 5533 nesscimus,
1192 5479 1309 5537 eumque
1325 5482 1406 5540 super
1425 5468 1517 5525 omnia
1539 5468 1692 5543 diligimus,
1716 5481 1745 5529 et
1769 5475 1804 5533 ad
