3750 5984
75 231 127 285 869
325 291 329 297 ,
633 231 737 289 LIBER
755 231 803 289 DE
820 230 1015 288 EXERClTlO
1033 231 1164 289 CELLAE.
1675 241 1727 298 870

74 354 121 428 qui
135 354 170 411 de
184 355 246 412 loco
260 357 401 431 egreditur
414 359 569 431 voluptatis,
586 360 675 433 quiet
693 360 782 434 Tigris
796 373 876 416 voca·
887 361 916 421 A
929 358 1035 426 humili,
1051 366 1078 415 et
1091 357 1183 426 bdeli;
1199 359 1382 418 satisfactione
1405 363 1551 435 condigna,
1573 344 1635 421 cum
1660 383 1727 439 per-

76 451 128 514 tur,
145 452 241 501 contra
255 447 383 519 Assyrios
406 449 496 505 radat.
929 446 1010 517 lecto,
1027 463 1077 518 per
1090 447 1205 520 gratiam
1219 448 1279 515 bei,
1292 449 1326 505 de
1341 458 1440 507 caetero
1454 452 1610 509 continendi
1622 470 1726 526 propo-

930 536 980 591 sito
994 536 1152 603 emendare,
1169 543 1225 592 eta
1241 545 1267 593 te
1277 538 1397 606 abjicere
1419 541 1508 595 stude.
1528 541 1632 598 Idcirco
1652 543 1724 610 dico,

309 660 509 720 CAPITULUM
521 662 641 719 XXXIII
931 623 1062 696 quidquid
1078 625 1273 681 conscientiam
1293 634 1365 681 tuam
1389 629 1545 685 remordere
1568 630 1648 698 valet,
1663 631 1728 703 quia

644 705 650 717 ’
931 720 994 767 suut
1007 713 1186 785 quamplures
1199 715 1245 787 qui
1259 715 1364 771 nullum
1379 715 1435 774 lere
1454 734 1563 790 semper
1577 719 1605 774 in
1623 721 1726 778 cunctis

80 800 183 870 Quales
198 803 331 861 exhibere
340 805 489 863 &beamur
498 807 665 880 prinsquam
674 807 711 863 ad
721 807 880 864 oraticnem
930 801 1091 857 excessibus
1106 802 1163 857 suis
1178 819 1302 859 morsum
1317 806 1490 864 conscientiae
1510 824 1566 864 suae
1582 809 1725 880 sustinent,

116 873 293 941 accedamus,
309 879 342 931 ut
356 892 422 931 cum
436 879 472 933 ud
484 893 547 933 eum
561 879 737 948 venerimus,
755 879 795 936 tic
817 894 880 935 cam
931 904 991 944 cum
1006 897 1096 945 tamen
1110 890 1296 948 indesinenter
1310 895 1383 966 quod
1396 895 1519 952 illicitum
1538 905 1579 952 est
1603 899 1728 956 commit·

114 944 555 1090 'eggifllnei'gffivrgilffgffiecffi
565 949 836 1091 eslmisslsswffil'mm’
852 954 881 1006 ⁰²
931 985 990 1034 tere
1002 992 1056 1034 non
1071 988 1191 1036 cessent.
1210 981 1271 1037 Nou
1282 989 1324 1036 est
1338 983 1411 1038 cuim
1429 983 1509 1040 timor
1523 986 1574 1040 bei
1586 994 1648 1043 aute
1661 1003 1727 1044 ocu·

752 1062 759 1075 ‘
930 1065 973 1121 los
985 1082 1090 1136 eorum,
1113 1084 1168 1124 non
1196 1069 1314 1141 propriae
1336 1070 1431 1126 salutis
1457 1072 1631 1130 desiderium.
1661 1076 1728 1135 lude

116 1158 270 1228 Antequam
285 1155 398 1213 lluvium
410 1157 487 1214 illum
501 1167 625 1232 quartum
640 1160 781 1228 intremus,
799 1178 880 1235 quem
931 1163 983 1222 est,
999 1156 1074 1227 quod
1087 1156 1115 1211 iu
1129 1156 1212 1213 nullis
1227 1174 1288 1230 quae
1303 1159 1475 1216 committunt
1490 1160 1599 1229 illicitis,
1608 1164 1728 1222 adsuam

81 1242 116 1299 de
138 1243 199 1300 loco
223 1244 371 1317 voluptatis
394 1247 490 1320 egredi
505 1247 632 1321 legimns,
662 1250 705 1307 cui
720 1266 820 1307 nomen
839 1259 882 1307 est
930 1243 1019 1299 sciunt
1033 1244 1226 1301 conscientiam
1241 1247 1350 1303 redire:
1367 1256 1393 1303 et
1408 1257 1504 1306 cuncta
1526 1268 1587 1322 quae
1600 1254 1728 1310 commit-

81 1332 246 1404 Eupbrates,
262 1334 333 1406 petis
356 1343 385 1390 tu
406 1335 453 1407 qui
481 1336 617 1392 habitator
644 1338 721 1395 cellae
749 1355 789 1405 es,
806 1347 834 1394 ut
848 1339 883 1396 dn
932 1340 989 1387 tunt
1005 1332 1077 1388 mula
1092 1349 1165 1390 caeca
1179 1342 1270 1390 mente
1285 1343 1518 1406 pertranseuntes,
1537 1354 1589 1395 nec
1601 1357 1631 1396 se
1646 1343 1729 1399 etiam

79 1420 202 1479 umbone
216 1430 306 1478 tecum
320 1423 411 1481 adhuc
425 1422 529 1496 aliquid
542 1439 666 1498 agamus,
698 1442 753 1498 quo
765 1427 838 1483 enim
857 1431 883 1485 οἱ
932 1420 960 1474 in
975 1421 1065 1493 aliquo
1081 1438 1145 1478 reos
1155 1422 1299 1490 estiment,
1316 1440 1377 1479 cum
1404 1431 1510 1480 constet
1538 1428 1612 1497 quod
1636 1429 1665 1484 in
1691 1432 1729 1487 in-

79 1507 247 1580 frequentius
268 1511 414 1579 incumbis,
439 1527 472 1569 eo
495 1512 624 1569 nimirum
645 1515 745 1570 emdiri
770 1516 884 1587 qualiter
932 1510 1052 1566 numeris
1066 1509 1235 1582 delinquunt·
1253 1511 1319 1566 Cum
1344 1528 1410 1569 vero
1437 1513 1598 1586 plerumque
1626 1517 1729 1591 aliquid

80 1596 256 1655 eiintendere
270 1600 382 1668 debeas,
397 1601 536 1658 ardentius
559 1602 743 1674 concupiscis.
776 1604 883 1660 Annui-
933 1598 1095 1670 quasiboni,
1110 1600 1154 1656 tel
1174 1599 1301 1669 tenuiter,
1330 1609 1356 1656 el
1384 1601 1608 1672 superficietenus
1630 1606 1728 1664 viden-

80 1701 152 1754 mus,
168 1687 289 1760 gerimus
298 1689 347 1744 tibi
360 1705 473 1757 morem,
491 1697 518 1746 et
531 1706 583 1763 pro
607 1707 689 1762 posse
703 1699 729 1748 et
743 1692 814 1748 scire
829 1709 881 1749 no·
895 1714 922 1774 B
934 1693 978 1742 tur
992 1694 1129 1759 utcunque
1144 1704 1237 1761 agere,
1252 1690 1306 1746 boo
1320 1690 1402 1746 etiem
1429 1692 1502 1762 apud
1530 1709 1559 1749 se
1583 1693 1731 1752 introrsum

80 1780 138 1831 stro
151 1782 225 1830 tuem
243 1776 271 1832 in
284 1778 337 1833 boc
356 1778 443 1850 parati
457 1794 551 1835 sumus
573 1779 686 1851 implere
705 1781 880 1838 voluntatem.
932 1775 1128 1845 indesinenter,
1142 1793 1197 1833 non
1213 1779 1241 1833 in
1265 1779 1381 1835 Domino
1394 1780 1444 1836 sed
1457 1780 1486 1835 in
1513 1797 1543 1838 se
1571 1783 1729 1856 gloriantes,

80 1862 214 1941 Diximus,
241 1865 265 1921 si
294 1867 486 1938 reminisceris,
516 1867 588 1925 cirea
609 1867 691 1925 finem
715 1869 787 1926 illins
810 1871 883 1942 quod
933 1865 1083 1933 revolvere,
1101 1873 1128 1921 ot
1141 1866 1260 1922 exterius
1274 1883 1321 1923 ore
1335 1867 1445 1924 laudem
1461 1879 1614 1941 quaerentes
1639 1873 1734 1930 huma·

79 1949 151 2007 istud
178 1954 302 2024 proxime
324 1955 455 2027 precedit
481 1956 601 2028 capituli,
616 1964 646 2012 ut
666 1958 751 2014 oratio
776 1966 830 2026 tua,
857 1963 883 2016 ct
933 1968 1007 2021 nam,
1024 1969 1079 2008 non
1093 1961 1203 2011 cessent
1216 1963 1375 2029 arroganter
1383 1956 1495 2014 referre.
1505 1959 1568 2015 Non
1582 1960 1622 2018 sic
1636 1968 1674 2033 tu,
1684 1963 1732 2036 qui

81 2041 165 2098 abeo
180 2054 294 2116 acceptu
307 2044 411 2111 haberi,
432 2051 458 2101 et
472 2045 521 2100 tibi
543 2045 682 2102 fructuosa
700 2047 788 2118 possit
810 2046 880 2115 fieri,
933 2041 1069 2097 habitator
1082 2041 1159 2098 cellae
1174 2059 1214 2113 es,
1232 2059 1286 2099 uon
1301 2044 1351 2110 sic,
1369 2046 1418 2101 sed
1432 2046 1460 2101 in
1474 2048 1599 2103 omnibus
1614 2066 1674 2122 quae
1686 2051 1730 2108 vel

80 2129 134 2184 tria
147 2132 273 2203 quedam
287 2132 417 2190 deberes
431 2141 459 2189 te
472 2133 679 2206 diligentissime
694 2135 878 2192 consider-nri,
933 2139 1025 2185 mente
1039 2130 1158 2186 revolvis
1173 2130 1217 2188 vel
1231 2147 1278 2188 ore
1304 2132 1383 2202 dicis,
1413 2135 1456 2190 vel
1471 2150 1554 2207 opere
1574 2139 1729 2208 committis,

81 2217 201 2275 Primum
223 2221 333 2292 quidam
347 2230 399 2289 est,
414 2230 444 2278 nt
457 2223 583 2279 attendas
605 2223 729 2294 sollicite,
747 2225 834 2297 qualis
848 2225 882 2280 ad
933 2218 969 2273 ad
984 2218 1160 2275 conscientiae
1173 2227 1227 2276 tuae
1248 2236 1357 2291 semper
1372 2229 1398 2276 et
1422 2223 1523 2294 ubique
1547 2225 1739 2283 testimonium,

82 2323 143 2364 eam
159 2308 287 2366 accedas.
305 2308 458 2368 Secundum
469 2326 578 2385 qunque
591 2319 642 2383 est,
659 2312 769 2384 qualem
783 2321 809 2369 te
824 2315 883 2370 Deo
932 2315 1081 2378 revertere,
1097 2314 1124 2363 et
1138 2308 1227 2379 ipsam
1237 2309 1265 2363 iu
1278 2309 1361 2380 plenu
1374 2310 1495 2366 veritatis
1504 2311 1564 2369 luce
1572 2315 1731 2384 pervidens,

81 2395 109 2452 iu
124 2412 157 2453 ec
171 2397 280 2454 oderas.
301 2399 421 2456 Tertium
448 2415 524 2466 vero,
547 2400 654 2472 qualem
670 2407 696 2456 te
710 2409 772 2472 post
800 2401 883 2460 finem
933 2395 1006 2467 quod
1021 2396 1079 2467 ipsa
1093 2397 1228 2454 veraciter
1242 2397 1277 2453 de
1292 2397 1406 2472 siugulis
1421 2399 1474 2455 tuis
1485 2408 1512 2456 et
1518 2401 1732 2460 revolutionibus

81 2485 213 2543 orationis
237 2486 377 2544 exhibens.
402 2488 540 2546 litantem
562 2488 682 2560 primum
696 2490 731 2545 de
751 2490 841 2561 primo
855 2492 884 2547 in
932 2483 1057 2554 internis,
1074 2493 1101 2540 et
1113 2485 1236 2542 moribus
1250 2487 1370 2543 externis
1380 2488 1561 2557 judicaverit;
1574 2491 1629 2547 hoo
1638 2499 1665 2547 tu
1674 2500 1730 2548 tarn

82 2574 135 2631 hoc
150 2575 267 2645 capitulo
281 2591 396 2648 agamus
410 2576 477 2649 (non
496 2577 568 2633 enim
583 2577 618 2633 dc
633 2578 720 2634 tribus
744 2578 787 2634 bis
803 2579 884 2637 simul
933 2573 961 2627 in
975 2573 1009 2629 iis
1022 2590 1082 2645 quae
1096 2574 1155 2645 ipsa
1169 2576 1299 2647 reprobat
1312 2578 1471 2649 arguendis,
1486 2579 1640 2650 culpandis,
1666 2597 1731 2639 cor-

85 2661 253 2721 sufficienter
265 2672 385 2721 tractare
399 2665 428 2721 in
443 2666 495 2722 boc
511 2665 629 2737 capitulo
644 2666 778 2739 valemus)
793 2676 831 2737 ut,
843 2669 885 2725 in·
933 2662 1066 2734 risendis,
1083 2679 1164 2736 [tunm
1174 2663 1202 2719 ln
1217 2665 1250 2720 lis
1265 2681 1326 2737 quae
1339 2667 1480 2737 alpwbnb
1490 2669 1673 2740 acquirendis,
1690 2687 1732 2727 re·

84 2767 176 2822 quam,
192 2751 309 2823 primum
322 2752 351 2808 in
371 2753 491 2825 capitulo
515 2756 567 2811 hoc
590 2754 625 2811 de
641 2755 729 2827 primo
758 2772 882 2830 agamus,
934 2751 1063 2819 tineudis,
1080 2753 1250 2821 exercendis,
1274 2754 1454 2827 adaugendis,
1470 2772 1520 2826 per
1538 2757 1629 2813 omnia
1644 2767 1732 2816 ratum

82 2839 217 2897 instanter
230 2849 267 2912 te,
284 2842 330 2914 qui
343 2842 480 2900 habitator
493 2843 571 2900 cellae
585 2858 625 2911 es,
634 2844 823 2913 admonemus,
833 2847 884 2901 on.
933 2840 1025 2896 babet.
1044 2842 1136 2913 ltaque
1150 2841 1179 2896 in
1193 2842 1282 2898 balteo
1304 2842 1396 2899 cordis
1423 2843 1470 2911 tui,
1487 2853 1595 2902 acutum
1622 2862 1734 2918 semper

81 2928 145 2986 nixe
159 2945 311 3000 exoramus,
323 2939 476 3004 opportune
499 2947 607 3005 quoque
623 2932 670 2987 tibi
684 2941 711 2990 et
731 2933 883 3006 importune
934 2945 1037 3002 gerens
1052 2930 1172 3002 propriae
1186 2930 1366 2987 accusationis
1380 2932 1520 3003 paxillum,
1547 2933 1650 2991 sedete
1678 2937 1732 2992 hu-

81 3017 110 3074 in
138 3018 256 3075 Domino
292 3020 465 3093 prmipimus
492 3029 540 3088 ut,
565 3037 627 3078 cum
649 3021 686 3078 ad
712 3023 882 3079 adorandum
896 3069 920 3132 G
933 3018 1076 3085 miliando,
1092 3018 1154 3074 fode
1170 3026 1196 3074 tc
1211 3019 1386 3093 corrigendo,
1401 3028 1430 3076 ut
1445 3020 1485 3077 sio
1500 3022 1574 3094 quod
1588 3039 1604 3078 a
1618 3031 1645 3079 te
1659 3023 1732 3082 foede

84 3107 231 3162 Dominum
255 3109 343 3165 Deum
367 3116 443 3166 tuum
470 3124 613 3182 properas,
636 3117 663 3166 et
676 3110 795 3168 manime
822 3127 886 3168 cum
935 3121 968 3163 ac
981 3106 1065 3162 lotide
1079 3121 1134 3162 non
1149 3114 1205 3162 tam
1219 3123 1268 3178 per
1287 3116 1409 3163 naturam
1424 3116 1561 3182 egestum,
1578 3126 1658 3183 quam
1683 3128 1734 3184 per

82 3194 224 3253 inmolare
238 3197 309 3253 Patri
333 3197 439 3270 Filium,
468 3197 515 3253 ubi
529 3197 684 3269 specialiter
706 3199 781 3255 Deus
793 3208 836 3256 est
856 3200 886 3257 in
935 3194 1042 3266 culpam
1057 3202 1167 3267 gnslnln
1182 3202 1232 3262 etl,
1249 3196 1389 3267 ⁶0⁰l¹ellns
1404 3198 1572 3269 lloenllenllQ
1602 3199 1692 3256 sciens
1706 3209 1732 3258 el

84 3284 183 3341 eodem
193 3285 302 3342 Christo
316 3287 447 3343 mundum
470 3287 653 3344 reconcilians
667 3286 730 3356 sibi,
754 3289 885 3346 accedere
935 3284 1031 3340 beatos
1044 3300 1107 3340 csse
1122 3298 1237 3356 qnorum
1251 3292 1324 3340 tecta
1342 3292 1405 3340 sunt
1431 3294 1556 3357 peccata,
1572 3294 1600 3342 et
1614 3289 1677 3360 quia
1704 3289 1732 3346 in

82 3373 198 3447 cogitas,
223 3373 370 3449 diligenter
390 3375 419 3430 iu
439 3375 574 3433 memoria
598 3375 710 3444 habeas,
736 3384 763 3433 et
781 3378 885 3450 absque
935 3373 1038 3428 sanctis
1052 3372 1225 3439 animalibus,
1255 3372 1324 3429 sicut
1352 3374 1413 3429 duae
1438 3390 1537 3445 pennae
1560 3375 1731 3450 singulomm

85 3462 160 3518 omni
171 3462 256 3519 dubio
278 3463 360 3531 scias,
376 3479 436 3521 curn
464 3464 493 3519 in
520 3464 594 3520 omni
609 3464 671 3522 loco
686 3465 758 3521 oculi
776 3466 886 3522 bomini
932 3461 1128 3535 jungebantur,
1146 3461 1186 3518 sic
1200 3460 1377 3517 nibilominus
1393 3470 1419 3518 et
1434 3462 1495 3518 duae
1523 3465 1654 3537 tegebant
1668 3481 1733 3522 cor-

84 3551 261 3624 speculentur
275 3552 363 3609 bonos
383 3561 409 3609 et
421 3553 519 3623 malos,
535 3560 599 3610 tunc
614 3561 641 3610 te
665 3553 838 3625 potissimum
856 3556 886 3611 in
935 3565 1002 3621 pora
1016 3566 1121 3606 eorum.
1138 3549 1209 3619 Quid
1237 3557 1327 3605 autem
1346 3550 1399 3605 sibi
1426 3551 1511 3606 velint
1537 3552 1605 3618 haec,
1636 3553 1732 3610 beatus

83 3649 231 3712 conspectu
246 3641 296 3698 Dei
311 3649 338 3699 et
351 3651 509 3699 sauctorum
522 3642 693 3716 augelorum,
706 3642 752 3715 qui
767 3660 885 3714 praesen-
936 3637 1088 3712 Gregorius
1096 3646 1123 3694 te
1138 3638 1245 3706 doceat,
1261 3639 1352 3710 magis
1366 3647 1457 3696 autem
1470 3640 1582 3711 propria
1595 3648 1623 3695 te
1650 3658 1733 3714 erpe-

83 3735 126 3784 tes
137 3729 244 3796 adsunt,
263 3738 345 3803 atque
368 3731 489 3787 omnium
509 3738 665 3788 sanctorum
693 3746 835 3803 apparere.
850 3733 886 3788 Ει
935 3727 1034 3784 rientia
1048 3735 1151 3784 certum
1166 3727 1273 3783 reddat.
1289 3727 1344 3784 Sed
1358 3736 1384 3782 et
1398 3728 1422 3783 si
1449 3727 1541 3800 ulique
1556 3729 1634 3801 quasi
1662 3730 1733 3787 bona

83 3817 273 3890 quodomndo
287 3817 371 3875 offers
397 3820 465 3887 Deo,
482 3827 536 3875 tarn
551 3819 598 3875 illo
615 3835 698 3892 quam
719 3819 773 3874 illis
797 3819 886 3876 beatis
935 3816 1037 3873 videris
1051 3816 1079 3870 iu
1095 3824 1132 3885 te,
1148 3817 1176 3872 iu
1204 3816 1299 3888 primis
1328 3817 1480 3874 certissime
1504 3817 1576 3874 scias
1591 3818 1651 3891 ipsa
1678 3835 1734 3876 nou

83 3905 205 3963 caelestis
230 3907 312 3964 curiae
334 3908 484 3981 spiritibus,
505 3908 555 3966 sed
577 3914 605 3965 et
624 3908 751 3965 omnibus
784 3909 886 3966 sanetis
935 3922 998 3961 esse
1013 3921 1030 3960 a
1043 3913 1080 3975 te,
1097 3905 1196 3962 deinde
1211 3921 1266 3962 non
1280 3905 1393 3980 ignores
1418 3907 1480 3979 quia
1509 3907 1598 3979 ipsam
1625 3923 1734 3982 quoque

84 3995 121 4067 (et
135 4011 198 4053 cum
212 3995 241 4052 in
256 3996 325 4053 cella
338 3996 413 4053 solus
427 4013 483 4054 nou
502 3997 587 4064 solus,
604 4004 631 4054 et
643 3997 742 4054 cumin
765 3998 886 4055 oratorio
935 3994 1085 4050 Jerusalem
1097 3995 1186 4064 justus
1200 3994 1256 4066 ille,
1269 4003 1296 4051 et
1310 3995 1449 4052 districtus
1461 3995 1546 4065 judex
1569 3997 1735 4054 scrutabitur

84 4098 147 4142 cum
161 4084 223 4141 aliis
237 4085 311 4157 oras)
325 4086 505 4158 presentibus
525 4094 552 4143 te
566 4085 677 4144 offerre.
692 4088 727 4142 Et
742 4086 766 4142 si
784 4089 836 4143 hoc
850 4087 886 4142 ita
934 4082 964 4138 in
977 4083 1097 4140 lucernis
1113 4099 1120 4139 :
1137 4091 1164 4139 et
1182 4100 1245 4140 cum
1265 4084 1402 4156 acceperit
1424 4092 1541 4155 tempus,
1565 4085 1624 4157 ipse
1652 4086 1735 4142 etiam

84 4181 136 4242 est,
148 4173 204 4249 imo
217 4174 281 4246 quie
290 4174 327 4230 ita
342 4183 392 4242 cst,
409 4175 518 4232 attende
532 4174 742 4248 diligentissime
769 4175 886 4246 qualiter
933 4172 1050 4241 iustitias
1062 4171 1204 4241 judicabit.
1221 4172 1292 4242 Quia
1305 4172 1433 4228 nimirum
1461 4172 1531 4228 siout
1544 4172 1567 4228 si
1580 4174 1686 4231 venerit
1699 4173 1735 4230 ad

84 4263 212 4331 accedas,
229 4271 256 4319 et
275 4264 384 4336 qualem
400 4271 426 4320 te
440 4264 469 4318 in
482 4264 535 4321 hoo
557 4279 673 4321 accessu
695 4263 823 4320 exhibere
837 4264 885 4320 de·
936 4268 972 4326 te,
989 4275 1045 4315 non
1057 4259 1162 4316 videbis
1178 4276 1250 4326 oum,
1279 4260 1318 4315 sic
1346 4275 1455 4332 quoque
1474 4260 1529 4327 ,etsi
1554 4261 1662 4329 abierit,
1676 4276 1733 4318 uon

85 4350 161 4407 beas.
177 4353 211 4407 Et
225 4352 293 4408 diois
310 4351 397 4408 mibi?
413 4353 456 4410 Ad
472 4360 499 4409 te
513 4353 609 4409 attinet
621 4369 666 4409 me
680 4352 789 4421 docere,
814 4367 883 4424 qua·
937 4347 1085 4420 intelliges,
1100 4356 1130 4402 ut
1144 4347 1167 4402 si
1183 4347 1290 4419 quando
1300 4347 1369 4403 ridet
1384 4347 1420 4402 ad
1435 4355 1471 4414 tc,
1499 4363 1553 4403 uon
1581 4349 1678 4405 credas
1696 4349 1733 4406 ei.
1816 4418 1820 4427 Ι

84 4438 149 4495 liter
161 4457 205 4496 me
224 4441 341 4497 debeam
355 4442 424 4497 bora
438 4441 486 4496 illa
506 4441 657 4508 exhibere3
673 4442 709 4497 ad
725 4456 770 4496 me
783 4425 922 4510 autem,D
937 4436 1037 4508 Sioque
1052 4435 1154 4492 bonum
1168 4435 1226 4504 tibi,
1253 4443 1388 4508 quatenus
1415 4435 1602 4507 experimento
1630 4437 1731 4506 distas,

86 4535 113 4584 et
126 4529 263 4586 humiliter
290 4530 394 4599 audire,
411 4539 438 4586 et
451 4546 503 4602 pro
525 4545 607 4602 posse
622 4545 654 4587 ac
668 4545 750 4586 nosse
779 4529 888 4586 effectui
936 4527 1070 4582 bonomm
1086 4541 1157 4593 esse,
1173 4524 1210 4579 ibi
1225 4524 1331 4596 culpam
1349 4524 1495 4594 aestimare,
1512 4525 1559 4580 ubi
1583 4525 1664 4597 culpa
1678 4542 1734 4583 non

85 4616 184 4674 devote
197 4618 363 4691 mancipare.
390 4619 425 4674 Et
440 4634 502 4693 ego,
527 4619 563 4673 ita
585 4617 642 4687 fiat,
658 4625 687 4674 ut
712 4617 780 4674 dicis
797 4635 804 4673 :
820 4633 887 4689 pre·
936 4621 988 4670 est.
1004 4614 1155 4686 ltaqueilla
1175 4613 1322 4670 mortifera
1349 4613 1532 4671 excusationis
1553 4614 1736 4686 protoplasto·

84 4722 185 4780 corque
199 4708 287 4764 Deum
301 4715 331 4762 ut
344 4706 385 4763 sic
400 4707 540 4763 iaciamus.
563 4699 658 4779 Itique
673 4707 708 4764 ud
737 4706 887 4763 orationem
936 4720 996 4760 rum
1011 4718 1028 4759 a
1044 4711 1070 4759 te
1085 4702 1206 4759 funditus
1220 4702 1323 4775 proiice
1337 4703 1511 4774 perizomata,
1528 4702 1626 4775 quibus
1650 4703 1733 4758 innu-

85 4796 232 4863 acoedens,
254 4794 400 4869 diligenter
423 4796 512 4863 stude,
529 4803 556 4851 et
571 4795 632 4850 totis
646 4795 748 4850 viribus
776 4810 886 4862 conare,
936 4792 1006 4848 meri
1020 4791 1102 4849 hodie
1117 4807 1166 4846 suu
1180 4791 1215 4846 ad
1226 4806 1356 4864 magnam
1375 4790 1560 4864 insipientiam
1574 4791 1626 4846 sibi
1641 4798 1737 4864 tegunt

84 4893 115 4941 ut
143 4899 189 4942 cor
215 4884 346 4940 mundum
371 4900 422 4956 per
448 4884 538 4940 omnia
560 4881 679 4950 offeras,
707 4890 841 4956 quatenus
861 4891 888 4940 et
937 4881 1068 4938 verenda.
1081 4880 1180 4952 Sicque
1194 4879 1276 4949 scias,
1289 4879 1356 4934 nihil
1371 4879 1446 4934 uliud
1460 4895 1521 4935 esse
1535 4878 1735 4951 culpamexcu-

85 4972 144 5030 Deo
159 4974 310 5045 placentem
327 4980 353 5029 et
369 4973 418 5029 tibi
446 4972 583 5028 salubrem
596 4971 748 5028 orationem
776 4970 886 5028 offeras.
938 4985 1010 5038 sare,
1034 4985 1117 5042 quam
1145 4976 1172 5023 et
1194 4967 1345 5039 simplicem
1368 4966 1524 5039 geminare,
1552 4975 1579 5023 et
1607 4968 1734 5041 exiguam

85 5060 240 5131 Quomodo,
253 5061 304 5131 ais,
320 5061 366 5118 fiet
387 5062 459 5118 istud
473 5062 487 5115 i
501 5061 581 5129 dudi,
598 5069 625 5117 et
638 5061 769 5134 intellige,
786 5068 812 5116 et
838 5075 888 5116 au·
937 5059 1086 5129 adaugere.
1120 5055 1208 5130 blagis
1225 5065 1315 5111 autem
1328 5055 1356 5109 in
1369 5054 1437 5126 ipsis
1450 5054 1565 5110 internis
1581 5056 1633 5112 tuis
1648 5056 1734 5130 quod·

85 5150 255 5223 diensatque
270 5150 436 5224 intelligens,
457 5149 540 5207 etiam
555 5165 640 5221 opere
662 5149 774 5222 perfice.
799 5148 887 5218 Quia·
937 5146 999 5201 dam
1017 5145 1135 5217 rigidum
1150 5144 1295 5217 capitulum
1316 5142 1387 5199 ratio
1410 5142 1521 5216 quidem
1536 5150 1648 5212 teneat3
1669 5162 1735 5203 con·

84 5238 149 5311 quid
171 5239 367 5295 conscientiam
388 5246 463 5295 tuam
498 5239 648 5305 remordet,
673 5239 729 5293 imo
755 5237 886 5310 quidquid
937 5234 1050 5291 seientia
1077 5250 1141 5290 vero
1165 5249 1296 5306 parcere,
1330 5231 1412 5287 silere
1439 5248 1471 5289 ac
1502 5233 1594 5290 celare
1629 5234 1733 5302 nescia,

84 5327 280 5384 conscientiam
300 5336 373 5384 tuam
395 5328 488 5384 illicite
516 5334 571 5383 ate
601 5325 645 5382 vel
673 5341 723 5398 per
745 5325 888 5397 cogitatio·
936 5323 1166 5396 proclamationes
1193 5322 1283 5379 iaciat.
1313 5322 1375 5394 Ipsa
1398 5320 1573 5378 nihilomiuus
1592 5337 1671 5376 mens
1698 5321 1734 5376 ab

85 5431 159 5484 nem,
175 5424 222 5473 aut
235 5433 283 5489 per
296 5417 478 5485 locutionem,
504 5433 552 5472 seu
575 5422 649 5472 certe
675 5429 726 5485 per
749 5413 887 5485 operatio-
937 5413 1012 5469 omni
1041 5411 1241 5478 excusationis,
1280 5410 1459 5478 detensionis,
1501 5407 1733 5479 contradictionis,

84 5520 159 5574 uem,
175 5513 223 5562 aut
237 5521 401 5579 quocunque
427 5506 511 5563 modo
529 5503 707 5564 commissum
728 5501 888 5559 remordere
937 5500 1172 5575 tergiversationis
1180 5499 1289 5573 penitus
1302 5499 1411 5557 macula
1424 5499 1609 5567 obmutescat;
1620 5497 1736 5568 abjectis

82 5593 167 5664 valet,
182 5595 340 5668 poenitentia
353 5595 431 5669 prius
449 5594 531 5668 plene
545 5613 554 5662 ;
569 5591 743 5651 coniesdone
765 5605 844 5664 pura,
861 5597 888 5648 et
937 5589 1027 5661 potuis
1040 5587 1253 5662 pravaelquibua
1275 5586 1419 5663 tegebatur
1431 5586 1486 5645 huc
1512 5586 1611 5663 usgue)
1622 5586 1735 5646 tacitur-
