3750 5984
738 414 823 456 ANNO
844 414 956 459 uotam
975 416 1034 459 ttoc

375 572 963 788 SANCTUS
1028 581 1401 793 HUGO

288 896 617 998 EPISCOPUS
655 903 1119 1027 LINCOLNIENSIS
1149 910 1213 1006 IN
1251 906 1482 1006 ANGLIA

661 1100 804 1158 ORDINIS
823 1102 1100 1163 CARTHUSIENSIS

471 1231 953 1504 ausurus
1041 1341 1293 1505 vira

633 1583 713 1679 AB
750 1584 1124 1685 ALEXANDRO

107 1756 148 1816 Ut
176 1755 310 1830 videtur,
340 1754 492 1815 monacho
521 1771 558 1816 ac
584 1761 695 1834 postea
724 1756 835 1818 abbate
863 1760 1044 1820 monasterii
1060 1759 1094 1822 S.
1111 1760 1279 1841 Augustini
1295 1761 1549 1839 Cantauriensis,
1566 1764 1655 1825 libris

706 1837 844 1917 quinque
859 1840 1046 1918 conscripta.

472 1993 576 2065 (Edidit
588 1994 620 2050 lt.
638 1995 667 2050 P.
683 1996 763 2053 Bern.
780 1996 890 2066 Penius,
905 1998 1077 2056 Bibliotheca
1091 1999 1225 2070 arcellae,
1241 2001 1292 2072 X.)

729 2221 1029 2321 MONITUM.

95 2445 172 2500 Hanc
186 2451 215 2499 ut
229 2442 349 2517 primurn
363 2442 431 2500 vidit
443 2443 691 2501 reverendissimus
706 2452 733 2502 et
747 2445 916 2502 celsissimus
930 2447 959 2503 S.
976 2447 1008 2503 lt.
1021 2447 1042 2503 l.
1051 2447 1178 2520 princeps
1189 2456 1215 2504 et
1224 2448 1369 2521 episcopus
1380 2449 1558 2515 Pataviensis,
1572 2449 1708 2522 Iosephus

60 2531 94 2571 ex
110 2514 254 2596 comitibus
263 2515 299 2571 de
313 2514 449 2587 Lamberg
476 2514 504 2570 in
527 2514 693 2573 bibliotheca
720 2515 828 2588 inclyte
852 2516 1002 2574 Carthasim
1029 2518 1221 2575 Gemniceusis
1234 2519 1263 2573 in
1289 2519 1407 2587 dustria,
1424 2519 1496 2576 illico
1520 2520 1710 2593 dignissimam

59 2593 241 2666 censuitque
256 2585 284 2641 in
298 2584 387 2643 lucem
402 2584 540 2657 publicam
555 2586 693 2643 ederetur.
710 2586 769 2644 Neo
783 2587 811 2642 id
825 2586 896 2643 adeo
910 2588 1018 2644 mirum.
1033 2590 1103 2645 Nam
1118 2589 1160 2644 sui
1175 2590 1201 2644 in
1218 2605 1251 2645 ea
1265 2590 1349 2644 animi
1359 2588 1506 2662 ima'ginem
1517 2591 1609 2646 statim
1622 2606 1709 2665 agno·

57 2665 95 2713 vrt
110 2656 223 2713 antistes
237 2655 424 2727 pientissimus
439 2656 562 2729 alterque
577 2658 732 2713 Genuaniae
746 2665 848 2713 nostrae
862 2658 1035 2714 altmannus.
1051 2660 1129 2715 Tanti
1148 2660 1277 2731 praesulis
1296 2670 1362 2715 nutu
1385 2675 1518 2716 accensus
1533 2662 1575 2717 vir
1590 2677 1708 2719 venera·

57 2726 120 2783 hilis
134 2743 167 2783 ac
182 2727 364 2799 undequaque
378 2726 563 2808 doctissimus,
579 2727 751 2786 celeberrimi
764 2727 817 2785 loci
827 2728 953 2797 vicarius,
970 2729 1117 2786 admodum
1140 2731 1309 2786 reverendus
1323 2738 1351 2786 et
1365 2730 1403 2787 cl.
1427 2732 1457 2786 P.
1472 2731 1628 2802 Leopoldus
1643 2733 1708 2788 Wi-

56 2798 220 2867 demannus,
235 2813 291 2853 non
306 2813 361 2853 uno
374 2813 485 2854 nomine
498 2798 634 2856 universae
657 2799 776 2870 Europae
787 2799 843 2869 jam
870 2807 961 2869 notus,
976 2800 1011 2855 ad
1026 2801 1076 2856 hos
1101 2816 1116 2856 e
1144 2801 1231 2857 veteri
1247 2800 1420 2858 bibliothecae
1433 2817 1490 2856 sum
1504 2802 1600 2858 codice
1623 2801 1707 2858 libros

57 2870 194 2926 eruendos
208 2882 274 2924 mox
289 2884 319 2924 se
333 2869 459 2938 accinxit,
476 2884 579 2950 eosque
593 2869 787 2927 eruditissimis
802 2869 874 2927 notis
889 2878 917 2926 et
930 2870 1167 2928 observationibus
1191 2870 1340 2928 illustratos
1359 2871 1426 2927 mihi
1440 2871 1511 2944 typis
1539 2872 1709 2945 evulgandos

56 2939 208 2996 liberaliter
222 2947 399 3011 amanterque
416 2940 562 2995 commisit.

92 3011 153 3067 Vita
167 3012 226 3068 haec
239 3018 319 3082 prato
333 3009 443 3066 cuidam
457 3008 625 3082 amplissimo
649 3010 891 3083 amoenissimoque
915 3010 1065 3069 consimilis
1080 3018 1138 3079 est,
1156 3011 1228 3067 unde
1243 3011 1453 3085 omnigenarum
1483 3012 1611 3068 virtutum
1627 3011 1711 3069 veluti

56 3080 185 3138 flosculos
198 3080 294 3153 legant
308 3095 363 3138 non
378 3080 465 3137 solum
479 3080 578 3153 privati
593 3088 693 3138 asceta
704 3089 731 3137 et
745 3081 908 3138 Christianae
921 3082 1029 3153 pietatis
1045 3081 1169 3149 studiosi,
1194 3083 1243 3138 sed
1258 3083 1445 3140 Ecclesiarum
1463 3082 1546 3138 etiam
1565 3083 1708 3153 presules,

57 3152 105 3226 qui
118 3159 183 3209 tunc
196 3150 276 3208 lacile
296 3150 402 3207 discent
424 3159 556 3223 quantum
580 3151 685 3208 roboris
706 3167 738 3209 ac
764 3150 928 3207 tortitudinis
947 3152 1039 3208 auimo
1062 3152 1219 3222 concilient,
1237 3153 1317 3208 etiarn
1341 3154 1474 3210 adversus
1492 3153 1710 3224 potentissimos,

57 3238 190 3279 vanarum
203 3221 298 3277 mundi
312 3237 404 3278 rerum
418 3222 467 3279 des
487 3221 596 3279 icientia
610 3230 637 3277 et
651 3238 729 3278 mens
744 3221 843 3278 divinis
859 3222 1010 3278 rationibus
1024 3221 1205 3279 conformata.
1221 3222 1267 3278 Sin
1308 3223 1333 3279 la
1347 3224 1428 3293 huius
1464 3225 1555 3279 eueris
1570 3224 1711 3295 inmagno

57 3294 174 3375 llugone
188 3291 315 3364 exempla
328 3293 451 3349 curatius
464 3238 509 3349 fiio
523 3308 670 3349 recensere
684 3292 770 3348 nestri
785 3292 945 3350 aevimores
968 3309 1023 3349 non
1048 3293 1149 3348 sinunt.
1181 3292 1233 3362 Qui
1284 3294 1386 3351 rauoiae
1400 3309 1432 3350 oc
1488 3294 1568 3367 glicae
1590 3294 1712 3351 historia

57 3364 150 3436 cupidi
164 3371 237 3430 suut,
252 3362 338 3419 multa
353 3364 387 3419 de
409 3362 491 3420 rebus
504 3362 615 3419 Hearici
630 3363 664 3419 ll.
682 3362 806 3433 loannis,
823 3362 994 3436 aliorumque
1009 3363 1150 3434 utriusque
1164 3363 1245 3436 regni
1267 3364 1422 3436 principum
1437 3364 1509 3420 hunc
1531 3372 1709 3437 cognoscent,

59 3452 121 3509 quae
134 3434 201 3490 alias
215 3433 342 3505 nuspiam
357 3441 473 3491 exstent.
491 3433 546 3490 Sed
560 3434 612 3489 ista
624 3433 750 3505 pluribus
764 3449 878 3490 mouere
892 3434 938 3489 vix
960 3434 1041 3504 hujus
1055 3433 1107 3490 loci
1122 3442 1174 3489 est.

93 3505 289 3564 Auctoritatem
322 3504 398 3577 operi
426 3520 481 3560 non
505 3504 631 3577 exiguam
660 3503 738 3559 affert
767 3504 841 3577 quod
857 3504 917 3576 ejus
931 3512 1026 3561 auctor
1040 3503 1164 3575 pluribus
1182 3503 1363 3562 loeisiudieet
1377 3521 1407 3560 se
1422 3511 1516 3561 sancto
1532 3504 1642 3576 llugoni
1657 3519 1714 3561 non

56 3576 140 3633 modo
152 3575 296 3649 aequalem,
312 3576 362 3633 sed
379 3584 405 3631 et
419 3574 581 3631 familiarem
600 3574 683 3630 luisse
699 3574 779 3645 (Vide
793 3574 855 3630 libri
870 3590 891 3646 x,
902 3589 965 3646 cap.
986 3577 1012 3642 9,
1029 3582 1055 3629 et
1081 3573 1145 3628 libri
1157 3590 1185 3643 v,
1201 3591 1260 3646 cap.
1271 3580 1299 3646 2,
1315 3579 1360 3640 2⁰,
1376 3578 1410 3633 23
1425 3582 1451 3630 et
1469 3575 1526 3647 hl).
1539 3574 1617 3631 Unde
1637 3591 1713 3646 prte-

57 3657 133 3704 terea
153 3646 173 3702 li
194 3655 239 3703 uet
263 3645 391 3703 eumdem
406 3645 494 3702 sancti
507 3646 632 3718 episcopi
659 3645 830 3716 capellanum
852 3645 998 3702 exstitisse.
1015 3644 1174 3700 Audiendus
1189 3645 1248 3717 ipse
1261 3646 1291 3701 in
1306 3646 1423 3718 prologo
1434 3644 1497 3700 libri
1512 3659 1541 3712 u,
1564 3645 1616 3701 col.
1633 3648 1682 3700 961
1703 3660 1710 3701 :

59 3739 72 3770 ι
90 3718 159 3775 Cum
174 3665 384 3784 lincolniensis,
399 3716 495 3789 inquit,
512 3716 643 3773 Ecclesia
662 3716 839 3788 praesulatum
858 3716 937 3771 annis
949 3716 1005 3784 jam
1019 3716 1099 3787 Hugo
1114 3715 1254 3781 bissenis,
1271 3723 1298 3771 et
1312 3716 1409 3771 diebus
1419 3715 1617 3788 quinquaginta
1625 3715 1713 3772 tribus

57 3789 108 3845 reli
130 3788 264 3845 ‘osissirne
280 3787 507 3855 administrasset,
523 3787 625 3859 placuit
640 3787 776 3844 sanctitati
790 3803 847 3843 suae
861 3786 1020 3859 parvitatem
1035 3802 1121 3842 meam
1144 3787 1178 3841 dc
1193 3785 1416 3842 viteclaustralis
1432 3786 1577 3842 dulcedine
1591 3785 1619 3841 in
1634 3786 1712 3843 solli-

56 3859 111 3916 cita
132 3860 329 3914 inumsuarum
344 3856 535 3930 qualecunque
552 3857 675 3914 solatium
698 3873 850 3924 assumere,
864 3872 969 3929 suoque
989 3856 1209 3938 inseparabiliter
1226 3857 1303 3914 lateri
1331 3858 1447 3914 sociare.
1470 3858 1494 3912 A
1520 3872 1574 3929 quo
1587 3863 1711 3929 tempore

55 3946 146 3986 annos
167 3937 223 3984 tres
234 3929 330 3985 etdies
341 3929 472 4009 quinque,
489 3929 608 4000 quaudiu
622 3929 764 3985 scilieetin
780 3944 897 3999 corpore
917 3935 1012 3999 postea
1030 3927 1106 3993 uait,
1129 3928 1164 3983 ab
1179 3927 1239 3997 ejus
1257 3944 1408 4000 nunquam,
1429 3927 1483 3982 nisi
1501 3943 1552 3999 per
1565 3943 1648 3983 unam
1663 3944 1712 3985 so-

58 4000 115 4056 lam
127 4008 246 4066 noctem,
262 3998 337 4055 ablui
351 4006 488 4069 comitatu,
504 3999 619 4055 diesem
641 4016 672 4054 er
686 4014 719 4056 ac
733 4007 814 4055 nocte
824 3999 968 4055 adherens
985 3998 1019 4065 ei,
1036 4007 1063 4054 et
1077 3998 1237 4054 ministrans
1265 3998 1393 4081 sibiipsi.
1411 3999 1497 4068 liujus
1525 3997 1609 4070 igitur
1624 3999 1713 4071 spatio

56 4071 296 4198 {effl‘fflisdf'm
305 4069 362 4127 lere
377 4087 439 4143 qum
454 4070 488 4125 de
502 4069 550 4125 illo
565 4017 673 4127 libefius
702 4085 827 4142 praesens
842 4068 1000 4139 continebit,
1017 4077 1063 4124 aut
1076 4067 1194 4141 propriis
1208 4068 1264 4126 vidi
1278 4070 1376 4138 oculrs,
1392 4077 1469 4126 eata
1496 4068 1596 4125 sanctis
1624 4068 1711 4141 ipsius

68 4156 137 4198 aare
152 4158 186 4197 au
205 4157 251 4196 rvr.

92 4214 177 4269 Porro
192 4219 332 4267 auctorem
340 4210 422 4280 hujus
436 4211 465 4267 S.
482 4210 605 4282 Hugonis
620 4211 698 4276 Vitae,
714 4226 795 4282 quam
809 4210 843 4265 ab
865 4209 920 4267 alio
935 4209 1054 4282 quoiam
1081 4208 1260 4266 carthusiano
1274 4209 1302 4263 iu
1313 4209 1517 4280 compendium,
1537 4215 1648 4263 servata
1663 4216 1708 4264 ta·

55 4299 120 4339 rnen
135 4282 214 4354 primi
236 4282 298 4338 enia
325 4281 430 4362 phrasi,
446 4282 586 4338 redactam
614 4281 658 4337 hic
687 4282 794 4349 damus,
810 4280 894 4336 luisse
916 4280 1078 4336 monachum
1105 4280 1318 4336 benedictinum.
1334 4288 1361 4334 et
1375 4280 1484 4352 quidem
1494 4279 1661 4358 ‘monasterii
1678 4280 1707 4336 S.

54 4353 201 4427 Augustini
209 4299 423 4419 gantuarreusis,
438 4360 531 4423 aperte
545 4351 681 4422 colligitur
695 4367 728 4406 ex
743 4351 858 4422 prologo
874 4350 937 4405 libri
952 4366 961 4406 x
977 4358 1003 4405 et
1017 4364 1047 4415 u,
1063 4350 1169 4405 aclibri
1185 4365 1203 4403 v
1217 4365 1277 4420 cap.
1293 4353 1337 4416 2³,
1353 4351 1399 4404 ubi
1415 4350 1516 4406 videsis
1531 4358 1624 4404 uotam
1643 4351 1707 4418 313,

55 4433 84 4481 ct
98 4425 220 4495 ejusdem
235 4423 298 4479 libri
311 4439 372 4494 cap.
392 4426 425 4480 th
439 4430 465 4478 et
478 4426 523 4480 aa.
539 4426 579 4480 hc
592 4423 652 4478 haec
666 4421 776 4503 quidem
791 4430 869 4477 extra
883 4421 1097 4477 controversiam
1119 4427 1191 4476 sunt.
1208 4421 1249 4475 lte
1265 4420 1376 4491 proprio
1391 4421 1449 4489 ejus
1478 4420 1588 4475 nomine
1602 4419 1705 4476 dunta-

55 4504 102 4551 xat
116 4494 234 4551 dubitari
248 4502 338 4565 potest
352 4500 498 4564 propterea
531 4493 586 4549 uod
600 4493 628 4546 in
642 4491 791 4573 originaria
806 4506 894 4564 eaque
915 4490 1057 4562 prolixiori
1081 4491 1152 4557 Vita,
1180 4498 1248 4546 teste
1263 4492 1370 4546 blolano
1384 4491 1412 4546 iu
1425 4489 1654 4547 adnotationibus
1669 4492 1705 4547 ad

56 4565 178 4623 Usuardi
192 4565 416 4689 martyrologium
434 4563 478 4619 die
494 4510 530 4618 ti
546 4562 720 4633 Novembris,
749 4578 849 4618 nornen
865 4578 943 4618 suum
965 4577 1020 4617 non
1042 4560 1095 4616 nisi
1110 4561 1261 4641 hocmodo
1288 4561 1478 4632 expresserit:
1498 4582 1509 4612 x
1535 4560 1659 4616 Dominis
1679 4569 1707 4617 et

55 4636 152 4693 amicis
166 4636 193 4690 in
204 4636 342 4692 Christos
363 4633 495 4690 arissimis
511 4633 545 4702 Q.
561 4634 654 4706 priori,
672 4642 698 4688 et
715 4633 762 4706 qui
777 4649 839 4688 cum
854 4648 887 4690 eo
902 4640 965 4688 suut
979 4631 1225 4688 withamiensibus
1237 4633 1388 4699 monachis,
1406 4632 1535 4688 minimus
1546 4629 1631 4686 lrater
1645 4633 1678 4686 h.
1693 4651 1704 4682 x

55 4723 108 4763 nec
122 4707 151 4761 in
164 4706 261 4771 isthoc,
278 4705 351 4777 quod
374 4705 554 4770 exhibemus,
583 4704 717 4759 breviario
744 4701 825 4760 aliter
850 4704 885 4758 ab
912 4702 1099 4759 abbreviatore
1127 4702 1305 4773 exprimatur,
1336 4711 1366 4757 ut
1390 4719 1423 4758 ex
1453 4702 1575 4773 ejusdem
1602 4701 1705 4756 abbre-

56 4778 170 4834 viatoris
197 4776 311 4858 prologo
340 4783 455 4832 constat.
484 4774 644 4831 Theodorus
671 4774 792 4829 Petreius
822 4774 849 4828 in
886 4773 1060 4830 Bibliotheca
1088 4773 1295 4839 Carthasiaoo,
1335 4772 1463 4829 dubitans
1497 4780 1610 4839 umen,
1639 4770 1706 4827 Vitae

55 4850 85 4905 S.
95 4849 228 4920 Hugonrs‚
241 4846 438 4903 lincolniensis
458 4845 588 4926 episcopi,
606 4844 768 4915 scriptorem
796 4842 904 4915 appelat
928 4845 1086 4910 Adomom,
1113 4843 1151 4898 uti
1179 4850 1205 4898 et
1229 4843 1315 4898 abbas
1342 4844 1482 4899 hlorotius.
1511 4843 1614 4896 Verum
1642 4856 1705 4897 cum

54 4921 128 4975 huuc
142 4918 276 4973 aldamum
290 4917 375 4972 velint
389 4915 512 4972 floruisse
532 4931 603 4972 circa
623 4931 724 4970 annum
741 4917 819 4981 toto,
834 4913 1049 4969 manifestarium
1077 4921 1118 4968 est
1147 4913 1220 4969 hunc
1246 4929 1308 4968 esse
1335 4929 1390 4968 non
1417 4929 1499 4984 posse
1528 4912 1641 4967 lratrem
1668 4914 1702 4968 Α.

55 5000 196 5047 auctorem
211 5004 318 5062 magnae
332 5002 365 5043 ac
379 4986 536 5060 originariae
549 4986 626 5053 Vitae,
642 4986 687 5042 hic
701 4985 863 5057 compendio
877 4985 1001 5051 redditae,
1018 4999 1081 5040 curn
1094 4983 1140 5038 ille
1155 4998 1188 5039 ea
1202 4999 1233 5038 se
1247 4983 1356 5039 tradere
1371 4991 1485 5039 testetur
1498 4998 1560 5054 quae
1573 4982 1631 5037 suis
1644 4982 1704 5054 ipse

55 5061 141 5118 oculis
155 5060 262 5125 viderit,
279 5066 324 5113 aut
338 5073 370 5113 ex
385 5057 465 5112 labiis
481 5056 645 5112 sanctissimi
659 5055 781 5138 episcopi
793 5055 925 5122 hauserit,
955 5055 1010 5110 imo
1049 5055 1076 5109 ui
1099 5053 1172 5109 ultra
1185 5054 1328 5109 triennium
1356 5052 1512 5116 adheserit,
1542 5059 1572 5107 ut
1588 5069 1704 5111 numero

54 5130 226 5204 precedente
241 5129 368 5186 vidimus.
382 5128 472 5184 Potuit
485 5136 575 5184 tamea
589 5128 670 5197 hujus
685 5126 812 5182 brevtarii
825 5134 919 5182 auctor
932 5140 994 5179 csse
1008 5072 1138 5194 siamus,
1154 5140 1188 5180 ex
1201 5125 1314 5181 doctore
1339 5125 1467 5248 theologo
1494 5123 1700 5192 carthusianus,

54 5203 101 5329 &ri
115 5202 186 5257 cirea
200 5216 301 5255 annum
316 5201 393 5264 1310,
411 5198 531 5269 quernei
554 5198 678 5270 assignat
708 5197 847 5265 llorotius,
863 5196 963 5252 llorere
990 5195 1091 5251 debuit.
1108 5196 1191 5251 Adest
1206 5195 1279 5251 enirn
1306 5194 1335 5249 in
1359 5211 1431 5249 mem
1452 5210 1534 5249 raneo
1549 5194 1701 5250 carthusiae

82 5271 246 5328 emniceusis
261 5268 356 5326 codice
379 5269 433 5324 alia
446 5285 492 5324 ma
513 5285 555 5325 uae
571 5269 638 5325 Vitae
652 5268 775 5341 Hugonis
790 5266 955 5323 abbreviatio
984 5267 1035 5322 hoc
1055 5265 1131 5322 titulo
1148 5282 1154 5320 ε
1170 5267 1272 5338 locipit
1296 5265 1420 5321 secundo
1443 5264 1614 5321 abbreviatio
1635 5267 1701 5321 litae

59 5346 87 5401 S.
103 5343 227 5414 lluponir
241 5339 364 5414 episcopi
375 5340 593 5397 tincotmenstx.
604 5340 697 5420 lpitar
707 5339 781 5409 liupo
791 5338 928 5394 nobilibus
937 5337 1129 5417 religiosisque
1142 5337 1318 5416 parentibus,
1336 5343 1388 5417 etc.
1405 5336 1572 5459 Cumitapue
1581 5334 1701 5415 secunda

55 5413 222 5470 abbreviatio
240 5427 322 5466 manu
337 5410 487 5467 saeeulixrv
501 5419 646 5467 exaratam
661 5409 770 5463 laudato
792 5408 885 5464 codice
899 5407 1075 5463 Gemnrcenst
1090 5414 1184 5471 castet,
1201 5407 1369 5462 abbreviatio
1384 5408 1474 5477 prima
1495 5422 1523 5462 m
1535 5419 1631 5460 eacus
1646 5420 1701 5460 sar·

55 5483 109 5543 culi
122 5499 186 5540 esse
201 5498 257 5539 non
270 5488 370 5555 potest.
382 5483 470 5555 Atque
484 5482 544 5539 haec
557 5481 592 5537 de
606 5488 717 5537 auctore
732 5477 945 5536 abbreviationis
958 5493 1067 5550 magum
1082 5477 1150 5536 Vita
1159 5477 1188 5536 S.
1206 5477 1339 5549 lingonis,
1356 5477 1402 5550 qui
1414 5485 1512 5550 quanta
1527 5473 1622 5530 lideet
1635 5489 1702 5531 cura

160 5582 280 5638 Parnon.
301 5578 392 5635 ctltt.
1562 5572 1597 5627 30
