3750 5984
96 210 149 265 569
590 201 709 260 SERMO
728 201 776 257 DE
794 198 1007 259 CONTEMPTU
1033 201 1251 260 nlvtntattnn.
1693 205 1745 261 5Ἷο

96 331 232 389 sublimes
246 327 342 386 humili
357 344 454 385 sensus
478 334 628 398 attempero
649 326 771 398 linguar:
905 326 1008 387 Alam
1021 325 1088 382 mihi
1101 343 1188 399 purga
1203 342 1285 384 aures
1300 334 1383 400 atquc
1397 334 1492 385 excute
1507 328 1574 386 taece
1596 328 1727 400 palatum,

131 421 189 477 Nec
203 418 270 474 mihi
284 419 320 474 nh
334 432 381 474 ore
397 418 493 473 sodex
506 423 616 488 pectore
630 416 715 471 verba
729 413 825 469 fluunt.
983 414 1033 471 Vel
1046 415 1134 488 magis
1149 416 1222 471 intra
1235 416 1318 472 animi
1332 426 1410 488 septu
1423 417 1511 473 redito
1526 416 1574 473 tui.

95 506 207 565 Niliacis
223 514 318 563 ornate
333 506 380 561 alii
395 504 512 561 delubra
527 503 647 575 tropaeis,
946 503 1008 559 Noa
1023 503 1134 576 lingum,
1151 504 1200 560 sed
1214 504 1305 561 cordis
1320 504 1353 559 ad
1367 505 1425 561 haec
1439 505 1562 561 delectus
1583 505 1745 562 habendus:

132 596 244 662 Laudo;
260 595 309 651 sed
323 594 351 649 in
365 608 489 666 praesens
503 606 585 649 eausa
600 590 691 647 aliena
704 589 771 645 mihi
791 597 842 646 est.
982 591 1053 646 Nam
1068 591 1134 646 mihi
1149 607 1212 648 cum
1226 593 1309 648 rebus
1323 600 1378 648 tota
1398 592 1522 664 palaestra
1545 591 1602 648 tuit.

95 685 226 740 flumana
240 682 330 739 verbis
345 681 448 753 sophiae
461 681 641 737 inclarescere
656 679 772 746 nolens,
947 680 989 735 Ne
1003 695 1086 735 seusu
1111 680 1169 736 haec
1185 679 1294 752 sapias,
1321 681 1369 736 sed
1384 696 1438 753 quo
1453 690 1513 736 sunt
1528 681 1637 753 prodita
1652 689 1747 755 gustes

131 771 231 829 Paulus
246 771 324 827 adest
337 769 426 826 doctis
440 768 549 825 debitor
563 774 590 824 et
612 766 737 823 rudibus.
983 767 1096 839 Spiritu,
1113 776 1139 824 et
1153 769 1206 824 hoc
1220 769 1317 824 animae
1332 769 1439 825 viscera
1452 785 1534 841 pasce
1555 770 1637 826 hono.

95 862 163 918 Cum
177 860 266 917 David
280 859 382 925 cinere,
399 866 425 914 et
438 857 546 914 cilicino
561 856 702 912 horrescat
715 854 824 921 amictu,
948 855 1106 913 consultum
1122 857 1222 926 pariter
1246 857 1359 912 summis
1382 857 1556 931 minimisque
1570 859 1705 926 volebam,

132 948 286 1006 Rhetoricis
299 954 409 1021 compta
422 946 484 1020 quis
497 945 571 1004 volet
585 961 647 1002 esse
660 944 756 1001 rosist
982 945 1018 1000 Et
1030 944 1099 1000 ratio
1114 951 1209 1018 captus
1224 946 1313 1001 omnis
1326 946 1452 1003 habenda
1472 946 1530 1003 tuit.

128 1259 261 1333 Sequitur
273 1259 306 1315 in
318 1258 442 1314 editione
457 1255 620 1312 Coloniensi
634 1259 727 1311 temris
741 1271 791 1312 sea
803 1271 871 1328 pars
885 1253 924 1309 lli
937 1255 1057 1327 Operum
1076 1255 1104 1311 S.
1128 1256 1280 1312 Brunonis.
1308 1258 1448 1323 Continet,
1471 1262 1576 1342 prater
1601 1275 1743 1318 sennones

96 1330 240 1398 quosdam,
255 1329 390 1402 opuscula
400 1330 437 1384 De
453 1328 583 1384 laudibus
596 1326 737 1392 Ecclesia,
754 1328 792 1381 De
807 1328 914 1382 ornatu
926 1325 1073 1393 transite,
1092 1327 1129 1381 De
1143 1341 1213 1381 nouo
1228 1327 1343 1394 mundo,
1360 1330 1397 1383 De
1410 1327 1615 1398 festivitatibus
1629 1332 1743 1402 testim-

97 1404 205 1459 tatum.
223 1400 288 1468 Quo
304 1403 399 1455 tamen
413 1413 470 1453 non
484 1400 553 1453 sunt
568 1397 711 1452 Baunonts
726 1396 928 1462 carthusiani,
954 1396 1002 1451 sed
1024 1397 1165 1452 Brunonis
1180 1397 1305 1452 detensis
1319 1399 1456 1469 episcopi,
1477 1402 1505 1454 et
1529 1400 1589 1470 ejus
1610 1399 1743 1473 Operibus

95 1473 343 1528 annumerantur.
361 1469 441 1538 (Vide
452 1469 534 1539 infra
543 1467 579 1522 ad
588 1483 699 1522 annum
714 1466 806 1537 tras.)
819 1466 961 1538 Opuscula
974 1465 1139 1538 supradicto
1153 1468 1303 1540 excipiunt
1314 1468 1341 1524 S.
1359 1470 1502 1524 Brunonis
1516 1470 1643 1541 epistola
1658 1471 1741 1542 tinoe,

95 1543 192 1601 Sermo
206 1544 245 1599 lte
259 1544 424 1612 contemptu
437 1539 604 1595 diuitiarum
614 1540 645 1595 et
659 1537 805 1610 appendix
819 1538 858 1593 De
871 1537 981 1608 ortpine
995 1538 1069 1594 sacri
1085 1537 1293 1594 carthusienses
1306 1539 1423 1595 ordinis.

512 1772 1326 2110 sumerentur

98 2176 185 2251 Quas
200 2171 326 2254 scripsit
341 2187 381 2233 ex
394 2186 500 2232 eremo
515 2166 668 2234 Calabriae
682 2184 754 2228 cam
768 2182 808 2227 ex
821 2164 901 2228 urhe
915 2165 1015 2227 Roma
1037 2167 1077 2229 ad
1102 2186 1172 2231 eam
1196 2187 1231 2232 se
1255 2171 1465 2250 solitudinem,
1482 2175 1513 2235 in
1531 2191 1593 2257 qua
1607 2181 1638 2238 et
1655 2174 1740 2251 obiit,

692 2271 884 2353 postliminio
906 2288 941 2333 so
964 2274 1149 2353 recepisset.

904 2486 930 2541 1.

96 2611 327 2690 Aditadulpium
343 2614 475 2680 Viridem,
485 2612 615 2671 Ecclesia
631 2610 774 2692 tianensis
788 2611 983 2683 prepositum,
1000 2609 1037 2665 ad
1050 2614 1245 2685 contemptum
1259 2616 1371 2689 mundi,
1388 2620 1476 2675 vitam
1490 2621 1668 2679 eremiticam
1677 2639 1743 2682 oon·

277 2687 473 2761 temptativam
487 2686 624 2757 optimam
637 2682 733 2737 darem
740 2684 866 2752 partem,
881 2682 1000 2753 insuper·
1015 2680 1051 2736 ad
1067 2683 1125 2738 uoti
1138 2684 1345 2757 impletionem,
1360 2691 1568 2748 exhortatoria.

465 2782 544 2854 (Vide
558 2782 629 2838 inter
639 2781 709 2836 Acta
724 2779 753 2834 S.
769 2777 914 2846 Brunonis,
930 2794 962 2835 n.
982 2780 1044 2848 683,
1060 2780 1141 2850 hujus
1156 2784 1222 2842 tomi
1237 2785 1289 2843 col.
1312 2788 1388 2859 tau)

907 2935 942 2992 ss.

663 3060 703 3122 dd
716 3061 792 3131 filios
805 3076 871 3119 suos
886 3061 998 3133 ltajoris
1014 3058 1181 3115 Carthasim.

725 3158 805 3232 (Vide
820 3158 867 3214 uhi
882 3173 966 3230 snpra
979 3156 1032 3215 col.
1047 3155 1122 3226 tta.)

443 3441 613 3529 SERMO
644 3443 711 3530 DE
743 3441 1055 3532 GONTEMPTU
1084 3438 1397 3528 Dllll'l'ltliUM.

129 3604 256 3660 Facilius
270 3607 313 3660 est
322 3606 464 3662 camelum
470 3622 524 3678 per
534 3608 665 3678 foramen
676 3624 744 3664 acus
760 3609 895 3680 transire,
910 3607 1081 3681 Bscriptum
1092 3612 1132 3663 est
1144 3623 1151 3662 ε
1163 3607 1297 3662 Pecunia
1306 3605 1441 3661 obediunt
1450 3603 1640 3674 omniaOEecl.
1652 3605 1742 3674 ntor.

93 3707 180 3763 paam
193 3692 310 3748 divitem
322 3693 434 3750 intrare
447 3695 479 3750 in
494 3710 613 3767 repnum
628 3697 763 3753 coelornm
783 3696 894 3768 (ttattls.
946 3700 976 3754 ln
999 3698 1050 3752 hac
1074 3702 1166 3750 autem
1189 3693 1267 3750 sedet
1290 3693 1429 3765 impietas,
1454 3692 1583 3765 quoniam
1606 3692 1704 3748 divites
1718 3697 1745 3748 et

93 3793 158 3848 ιιι,
177 3779 233 3850 at).
256 3781 315 3837 lloc
330 3788 421 3837 autem
444 3779 617 3855 significabat
638 3782 683 3839 illa
698 3784 843 3856 amphora,
868 3784 897 3841 in
946 3785 1037 3852 avan,
1068 3784 1132 3856 quin
1147 3781 1361 3839 misericordiam
1377 3788 1404 3838 et
1416 3780 1543 3852 pietatem
1557 3796 1613 3837 non
1632 3780 1743 3848 hahent,

94 3882 150 3939 qua
164 3867 289 3940 impietas
303 3868 397 3925 clausa
410 3878 488 3939 emt,
513 3870 548 3927 de
563 3887 617 3942 qua
631 3888 665 3927 ne
680 3873 776 3946 egredi
790 3879 895 3945 posset,
946 3889 1002 3930 non
1017 3872 1106 3929 solnm
1119 3870 1205 3943 impii,
1217 3886 1313 3927 verum
1328 3869 1408 3926 etiam
1422 3869 1548 3941 impietas
1557 3877 1632 3925 recte
1644 3884 1745 3926 vocan-

91 3971 184 4011 massa
198 3956 326 4028 plumbea
341 3973 372 4013 os
386 3959 526 4031 amphorae
540 3959 684 4016 claudebat
709 3961 804 4032 (Zaoh.
821 3978 849 4029 v,
867 3965 894 4029 6,
946 3969 998 4017 tur.
1023 3961 1078 4018 Sed
1101 3960 1166 4033 quid
1190 3958 1287 4015 melius
1302 3974 1352 4030 per
1366 3958 1434 4013 duas
1457 3957 1517 4013 illas
1540 3957 1744 4031 mulieresque

93 4044 134 4115 7).
159 4043 218 4114 Qua
236 4045 265 4102 in
290 4034 325 4101 ‘re
343 4046 426 4103 datur
439 4047 555 4122 intelligi
581 4063 662 4122 quam
676 4049 786 4108 difficile
809 4050 845 4106 sit
861 4051 896 4108 de
946 4051 1106 4122 amphoram
1130 4046 1235 4115 terunt,
1256 4063 1339 4120 quam
1353 4045 1506 4103 sollicitudo
1522 4054 1548 4102 et
1562 4046 1686 4118 deceptio
1700 4046 1745 4102 in·

92 4140 190 4192 uentre
204 4133 325 4190 avaritiae
338 4134 477 4192 hominem
493 4151 606 4192 ararum
617 4137 660 4193 rel
674 4139 781 4195 extrahi
795 4139 839 4195 vel
853 4155 897 4196 se-
945 4138 1032 4211 telligi
1057 4136 1170 4208 potasti
1193 4136 1307 4207 Semper
1322 4135 1395 4190 enim
1409 4134 1486 4190 avari
1502 4133 1610 4190 solliciti
1632 4142 1693 4191 sunt
1716 4134 1746 4190 in

93 4221 185 4293 parari
206 4237 299 4293 posse.
324 4223 425 4279 Narrat
447 4224 520 4280 enim
543 4225 688 4282 Zacharias
710 4227 844 4299 propheta
866 4243 896 4285 se
945 4224 1124 4297 acquirendo,
1150 4231 1177 4280 ct
1198 4224 1358 4294 deceptores
1381 4221 1471 4277 alieno
1495 4221 1585 4277 aliena
1603 4222 1744 4294 rapiendo.

93 4309 195 4366 vidisse
210 4311 369 4383 amphoram
383 4312 587 4385 egredientem,
613 4315 647 4370 de
663 4331 715 4387 qua
731 4330 793 4372 cum
808 4316 895 4371 inter·
946 4314 1024 4372 Unde
1049 4321 1076 4369 et
1099 4312 1157 4368 alas
1180 4311 1255 4367 milvi
1279 4311 1321 4367 hae
1344 4310 1474 4366 mulieres
1489 4309 1592 4368 hahere
1606 4310 1744 4383 dicuntur,

95 4406 207 4471 rogaret
216 4399 282 4471 quid
297 4408 382 4469 esset,
391 4401 493 4458 dictum
509 4409 551 4458 est
565 4402 590 4460 ei
606 4419 613 4459 :
629 4405 692 4459 Hae
703 4407 746 4459 est
760 4405 897 4476 amphora
947 4401 1078 4475 quoniam
1104 4399 1203 4456 milvus
1217 4399 1289 4455 inter
1303 4398 1372 4454 alias
1386 4413 1453 4454 aves
1467 4397 1663 4470 rapacissimus
1685 4409 1745 4457 est:

94 4488 249 4559 eprediens,
259 4493 287 4544 et
297 4490 343 4546 hio
353 4492 786 4548 estocutuseoruminunioersu
797 4495 895 4558 terror
946 4489 991 4563 qui
1006 4505 1117 4561 semper
1130 4487 1237 4560 pusillis
1261 4495 1288 4543 et
1311 4486 1464 4543 mansuetis
1478 4486 1573 4543 avibus
1590 4488 1743 4546 insidiatur.

94 4578 124 4631 et
131 4590 193 4631 ecoe
202 4577 344 4633 talentum
351 4578 464 4650 plumbi
471 4579 642 4650 portabatur
652 4582 699 4635 :et
713 4595 776 4636 ecce
790 4581 896 4636 mulier
945 4579 1047 4635 Ferunt
1061 4585 1152 4634 autem
1165 4577 1208 4632 har
1222 4576 1360 4643 mulieres,
1375 4575 1405 4632 id
1419 4583 1460 4632 est
1475 4575 1599 4648 deceptio
1620 4585 1646 4633 et
1661 4593 1747 4649 prava

95 4678 155 4719 una
164 4664 263 4720 sedens
274 4665 307 4720 in
318 4666 412 4723 medio
426 4665 570 4738 amphorae
593 4667 694 4739 (iota).
713 4668 754 4724 lle
769 4684 824 4740 qua
833 4683 896 4724 cum
945 4666 1107 4735 sollicitudo,
1124 4666 1286 4738 amphoram
1299 4664 1327 4719 in
1341 4672 1444 4720 terram
1458 4664 1594 4733 sennaar,
1617 4666 1674 4722 sive
1689 4667 1744 4722 Ba·

93 4751 276 4824 interrogaret
290 4769 351 4825 quar
365 4761 448 4822 esset,
464 4753 623 4811 dictumest
638 4756 897 4828 eiquodessetim-
945 4755 1070 4827 hylonis,
1095 4754 1158 4828 quia
1181 4753 1224 4809 his
1244 4754 1352 4810 duobus
1374 4753 1448 4811 vitiis
1462 4752 1560 4810 divites
1583 4760 1611 4808 et
1631 4753 1705 4810 avari
1715 4754 1745 4811 in

94 4838 193 4910 pietas.
216 4839 255 4896 Os
269 4849 359 4896 antem
372 4842 511 4912 amphorae
525 4858 616 4899 massa
630 4844 759 4914 plumbea
773 4844 895 4900 clausum
945 4843 1124 4915 perditionem
1139 4843 1293 4913 rapiuntur.
1313 4842 1353 4898 De
1368 4842 1421 4898 hac
1435 4841 1507 4898 enim
1526 4840 1661 4913 Babylone
1676 4843 1746 4898 scri·

95 4927 347 4985 eratdteoceduoe
355 4931 896 5005 mutiereseprcdientes.qnaehahebant
945 4939 1021 5003 ptum
1036 4938 1078 4987 est
1090 4948 1097 4985 :
1110 4929 1226 4997 decidit,
1237 4929 1339 4986 cecidit
1347 4929 1470 5002 Babylon
1483 4930 1537 4985 itta
1546 4930 1685 4986 meretrix
1696 4949 1705 4986 .·
1716 4935 1746 4988 et

95 5014 240 5087 alasquasi
250 5015 334 5083 milvi,
348 5018 515 5074 levaverunt
524 5019 691 5092 amphoram
701 5023 779 5078 inter
789 5026 896 5078 terram
946 5023 1075 5090 tactaest
1084 5018 1222 5075 habitatio
1240 5018 1443 5074 daernoniorum
1455 5017 1550 5090 (Apoc.
1564 5033 1625 5085 xrv,
1638 5017 1675 5086 8).
1691 5017 1744 5075 tti-

96 5107 124 5160 et
140 5105 488 5174 catumuteedipicetnrei
502 5106 645 5164 demusin
662 5113 739 5166 terra
755 5109 895 5176 sennaar,
946 5108 1000 5162 sori
1022 5107 1107 5180 igitur
1131 5112 1157 5162 et
1180 5121 1231 5177 per
1253 5106 1343 5161 omnia
1365 5103 1507 5174 infelices,
1534 5105 1580 5178 qui
1600 5105 1671 5163 inter
1685 5107 1745 5165 dm·

95 5195 124 5247 et
138 5193 312 5259 stabiliatur,
325 5197 353 5248 et
362 5198 488 5266 ponatur
497 5195 535 5250 iti
544 5212 631 5268 super
640 5197 830 5264 tasimsuam,
841 5204 893 5254 etc.
945 5195 1035 5251 monia
1058 5194 1206 5251 habitaturi
1222 5193 1273 5249 sihi
1297 5194 1325 5249 in
1349 5201 1423 5249 terra
1438 5193 1560 5249 Sennaar
1573 5194 1684 5251 domum
1698 5196 1743 5251 in-

95 5280 166 5349 Quid
181 5280 252 5336 enim
268 5297 319 5351 per
333 5282 495 5353 amphoram
506 5283 558 5338 nisi
574 5284 688 5340 avaritia
703 5284 896 5358 significaturi
945 5292 1087 5341 venerunt.
1122 5287 1145 5340 Α
1174 5299 1229 5356 qua
1252 5298 1303 5339 nos
1324 5289 1402 5338 eruat
1424 5282 1583 5338 mitissimus
1611 5284 1744 5349 Dorninus

93 5369 144 5424 iiic
154 5370 253 5425 ocutus
264 5385 372 5426 eorum.
385 5370 507 5439 Quorum
518 5374 637 5428 eorum?
651 5374 753 5430 Eorum
769 5373 896 5432 videlicet
945 5381 1037 5430 noster
1063 5374 1162 5441 lesus,
1193 5372 1239 5444 qui
1266 5387 1329 5428 cum
1357 5370 1436 5427 Patre
1464 5379 1492 5427 et
1519 5372 1620 5443 Spiritu
1649 5378 1743 5429 sancto

93 5455 140 5528 qui
155 5471 215 5512 eam
229 5457 346 5530 diligunt
370 5458 399 5513 in
413 5459 543 5516 universa
557 5469 639 5518 terra.
657 5461 760 5518 Omnes
774 5462 846 5518 enim
859 5463 896 5520 ad
944 5461 1011 5522 tivit
1025 5470 1052 5520 et
1066 5469 1163 5537 regnat
1177 5463 1252 5519 Dens
1265 5476 1317 5540 per
1330 5467 1433 5518 aetema
1445 5460 1555 5523 meula.
1572 5462 1668 5520 Amen,

94 5559 154 5603 sam
168 5553 302 5617 spectant,
316 5561 412 5609 omnes
426 5548 460 5605 ad
475 5563 537 5608 eam
551 5551 674 5618 tendunt,
687 5551 816 5625 quonism
826 5550 895 5612 sicut
