3742 5986
42 226 95 281 {37
347 219 534 277 EXPOSITIO
558 219 595 275 IN
612 211 803 274 EPISTOLAS
830 205 942 264 PAULI.
962 240 997 253 -
1019 214 1057 268 IN
1081 213 1190 269 EPIST.
1213 213 1225 268 1
1244 213 1292 270 Ab
1308 212 1387 272 COR.
1639 226 1690 280 138

44 364 98 421 ego
116 347 215 419 Apollo
231 365 238 401 ε
256 372 268 395 »
286 346 369 417 igitur
383 345 464 402 dicite
485 342 551 398 mihi
578 342 643 414 quid
668 348 709 398 est
738 336 844 410 Apollo,
856 332 884 392 A
897 337 996 404 posui;
1013 338 1144 393 sedatius
1159 339 1236 407 cujus
1251 338 1441 396 estaediircare
1462 359 1545 414 super
1559 345 1611 402 hoc
1625 347 1690 403 lun-

46 437 114 508 quid
128 451 194 493 vero
209 436 320 500 Paulus,
336 434 441 507 etquid
457 449 504 489 eos
521 430 645 489 conferre
660 429 739 486 vobis
755 425 847 484 credi·
898 425 1063 493 dementum,
1082 427 1173 483 videat
1187 428 1249 500 quid
1265 429 1691 499 superaedificet.Atiusenimest

46 525 108 581 tis?
125 527 183 599 Hoc
201 525 315 581 vereda
330 524 369 578 eis
384 522 484 579 sentire
500 521 623 593 potestis,
641 518 705 592 quia
721 515 849 573 ministri
897 514 944 585 qui
954 514 1069 571 aedisreat
1084 532 1165 587 super
1177 517 1229 572 hoc
1244 516 1466 586 tundamentum
1480 521 1558 592 quasi
1569 522 1692 580 diceret:

48 622 112 671 sunt
123 614 196 685 ejus,
207 616 310 669 euivos
321 610 490 669 credidistis.
502 611 536 665 Et
547 609 614 663 nihil
629 607 701 663 aliud
713 613 784 671 sunt,
796 603 849 658 nisi
899 602 977 672 Quod
987 620 1077 659 meum
1089 603 1138 659 init
1147 604 1361 672 tundamentum,
1376 608 1470 678 posui;
1487 611 1560 682 quod
1572 621 1692 670 vestrum

49 702 126 774 quod
149 719 182 757 ex
203 709 340 772 praecepto
366 699 416 755 Dei
438 698 593 754 ministrant
619 696 697 752 vobis
723 710 784 767 quae
799 690 850 747 Dei
899 699 949 760 est,
967 692 1056 747 videte
1071 701 1099 748 ut
1113 694 1182 749 bene
1200 694 1435 765 superaedificetis.
1459 697 1507 753 Ille
1521 703 1694 771 superaedifi-

49 799 124 851 sunt.
141 791 204 846 licet
219 789 329 846 diverso
342 788 434 845 modo.
451 786 519 856 Quia
533 789 609 842 sieut
621 786 757 840 Dominus
773 781 849 837 dedit
900 796 961 836 carc
980 780 1087 848 dicitur,
1104 781 1150 852 qni
1164 782 1207 837 vel
1223 782 1335 838 virtutes
1349 783 1474 853 aedificat,
1492 788 1534 843 vel
1549 789 1571 843 si
1585 801 1692 862 peccat,

47 881 345 952 unicuiqaenostrum,
357 876 391 933 ad
406 893 468 932 eum
483 875 594 931 modum
608 890 656 945 epe
664 871 806 946 plantavi,
823 867 851 922 id
901 868 1007 923 nonita
1024 877 1112 925 amen
1127 877 1156 924 ut
1169 870 1376 928 fundamentum
1392 873 1514 931 destruat
1530 892 1536 931 :
1554 879 1626 949 quod
1642 881 1690 936 de·

49 976 91 1024 est
107 966 304 1040 evangelizavi,
322 965 396 1021 etad
412 964 493 1020 fidem
509 980 557 1019 vos
568 961 654 1029 traxi;
671 961 769 1034 Apollo
784 971 851 1014 vero
901 957 1012 1012 struitur
1026 974 1076 1029 per
1090 958 1256 1027 criminalia,
1272 960 1325 1014 nisi
1340 978 1390 1032 per
1404 971 1493 1034 uptam
1507 967 1696 1034 poenitcntiam

50 1058 168 1128 rigavit,
184 1056 212 1110 id
226 1062 268 1110 est
282 1053 437 1125 baptizavit,
454 1069 503 1109 vos
515 1053 572 1123 jam
586 1067 637 1122 per
664 1065 707 1117 mc
732 1047 849 1103 creden·
901 1045 1054 1101 deleantur.
1072 1047 1222 1102 Destruitur
1247 1049 1328 1103 etiam
1343 1066 1394 1121 per
1421 1053 1550 1120 venialia,
1568 1073 1628 1127 quae
1641 1074 1696 1113 non

51 1154 112 1212 tes3
135 1145 186 1200 sed
210 1146 282 1200 Deos
296 1141 370 1198 solus
392 1142 469 1198 dedit
490 1142 701 1197 incrementa-m
718 1137 850 1191 bonorum
902 1135 988 1189 solum
1007 1151 1041 1190 ex
1063 1135 1224 1191 necessitate
1253 1138 1402 1206 habemus,
1424 1156 1484 1195 eum
1500 1142 1582 1198 etiarn
1606 1146 1698 1214 justus

51 1251 103 1305 per
121 1231 254 1304 Spiritum
268 1248 357 1286 snum.
374 1229 502 1302 Sequitur
524 1229 712 1300 metaphoram
726 1225 853 1297 plantatae
903 1223 1004 1294 septies
1031 1225 1110 1280 cadat
1134 1224 1161 1279 in
1186 1224 1230 1280 die
1245 1225 1336 1292 (Pecu.
1362 1243 1443 1297 xxiv,
1458 1230 1513 1301 ιθ).
1531 1232 1585 1287 Sed
1597 1250 1648 1304 per
1663 1250 1697 1290 ea

52 1322 172 1386 arboris,
189 1336 269 1392 quarn
284 1320 353 1375 alius
365 1319 445 1391 rigat,
456 1318 526 1373 alius
536 1317 649 1388 plantat,
667 1323 693 1370 ει
703 1313 768 1387 [eui]
780 1313 853 1368 Deus
903 1312 1026 1379 venialia,
1044 1328 1104 1384 quae
1120 1329 1153 1367 ex
1179 1313 1331 1381 voluntate,
1348 1324 1375 1371 et
1399 1317 1601 1388 impoenitentes
1614 1322 1641 1376 in
1656 1323 1697 1379 eis

52 1411 131 1467 solus
145 1410 345 1466 incrementum
359 1408 414 1463 dat.
428 1408 463 1462 Et
478 1407 541 1479 quia
555 1405 639 1461 solius
651 1403 700 1459 Dei
711 1402 854 1458 cstincre-
904 1400 1099 1456 consentiendo
1109 1401 1284 1457 admittimus.
1301 1404 1361 1477 Ego
1382 1405 1491 1477 quidem
1510 1409 1623 1479 provide
1647 1428 1698 1482 po-

53 1508 180 1556 mentum
194 1498 268 1564 dare,
285 1500 381 1571 itaque
396 1513 486 1568 meque
501 1496 551 1551 ilie
567 1491 855 1566 quietantetesteti-
904 1489 945 1543 sni
961 1488 1173 1544 fundamentum.
1209 1491 1302 1547 Videat
1318 1497 1415 1551 eutem
1433 1498 1625 1571 eramquisqac
1639 1517 1699 1556 ves·

53 1589 133 1663 quid,
150 1595 281 1661 qnantum
295 1586 442 1642 eddanum
458 1582 531 1648 fidei,
543 1599 632 1655 neque
645 1580 691 1636 ille
705 1582 753 1652 qai
767 1580 853 1651 meat,
907 1581 985 1633 trem
999 1579 1132 1651 quornodo
1146 1579 1268 1648 edificet
1287 1597 1372 1653 super
1388 1582 1438 1640 boe
1455 1586 1699 1655 fundamentum:

53 1676 161 1749 aliquid
170 1676 247 1731 estin
258 1673 427 1730 remittendis
436 1671 565 1744 peccatis,
576 1670 705 1726 sechus
720 1675 804 1722 totum
813 1674 893 1748 estB
907 1665 1020 1721 arbitrio
1048 1666 1120 1722 enim
1147 1675 1240 1724 vestro
1261 1668 1318 1737 Jam
1338 1686 1389 1740 per
1415 1680 1554 1744 acceptam
1583 1676 1701 1749 gratiam

54 1768 104 1839 qai
115 1765 192 1821 solus
200 1763 464 1820 detincrementum
474 1758 547 1824 fidei,
555 1766 581 1814 et
591 1755 854 1831 sequentisjustitiae.
907 1754 1060 1812 confortato
1072 1755 1233 1828 relinquitur
1248 1756 1300 1813 hoc
1320 1773 1398 1828 opus.

92 1854 206 1909 Diceret
234 1850 413 1906 obversarius
430 1867 436 1904 :
453 1848 527 1904 Licet
548 1844 665 1901 ministri
706 1844 759 1899 sint
795 1842 855 1908 Dei,
942 1843 1098 1899 Notandum
1122 1852 1164 1899 est
1187 1845 1260 1916 quod
1275 1846 1493 1917 superaedificare
1523 1849 1648 1908 dicuntur
1676 1854 1704 1910 hi

57 1941 342 1998 tamendiversisunt
357 1939 385 1993 in
414 1936 528 2003 meritis,
545 1943 572 1991 et
582 1934 677 1991 merita
705 1933 789 1989 credo
804 1931 857 1986 ali·
908 1930 1006 2001 solum,
1022 1948 1138 2004 quorum
1166 1933 1252 2004 culpis
1280 1950 1334 1990 non
1363 1936 1512 1994 destruitur
1541 1939 1702 1999 fundamen-

57 2030 125 2102 quid
138 2027 263 2086 conferre
278 2027 353 2083 mihi.
380 2027 482 2082 Contra
500 2026 554 2080 boc
568 2023 667 2078 Paulus
684 2039 690 2076 :
706 2020 781 2077 Licet
791 2019 858 2075 alter
908 2028 975 2075 tum.
992 2019 1045 2090 Qui
1060 2021 1132 2076 enirn
1158 2021 1282 2090 destruit,
1313 2023 1402 2094 potius
1430 2026 1545 2083 dicenda
1565 2037 1606 2084 est
1621 2047 1703 2088 aver-

58 2117 181 2192 dignior,
197 2117 267 2173 alter
280 2116 379 2181 minus,
397 2122 487 2170 tamen
497 2112 575 2169 95
586 2112 634 2185 qui
642 2111 758 2183 plantat
773 2112 801 2164 et
812 2108 859 2180 qui
909 2109 950 2165 sio
977 2109 1105 2181 peccati,
1148 2126 1229 2174 quam
1272 2112 1506 2183 superaedificatio.
1550 2118 1704 2176 Videndum

59 2209 137 2280 rigat
159 2222 252 2263 anum
267 2212 294 2260 et
308 2201 495 2258 indifferentes
508 2205 576 2257 cent
589 2200 618 2254 in
632 2196 857 2264 administrando,
909 2197 1003 2268 utique
1018 2205 1059 2253 εει
1078 2197 1156 2253 vobis
1175 2198 1209 2254 de
1234 2199 1506 2274 superedificatione,
1526 2221 1561 2261 ne
1573 2207 1702 2265 varietur.

59 2294 236 2351 solummodo
263 2293 365 2349 donum
394 2291 444 2347 Dei
467 2290 637 2362 dispensant,
655 2286 727 2359 quod
742 2301 793 2341 nec
808 2300 859 2339 au·
909 2285 979 2340 Nam
994 2285 1028 2342 de
1043 2285 1219 2343 fundamento
1234 2303 1347 2344 securos
1360 2305 1409 2346 vos
1429 2291 1530 2363 reddo,
1543 2294 1608 2365 quia
1622 2313 1706 2353 unum

59 2383 119 2456 geri
138 2389 238 2454 potest,
255 2379 409 2443 necminui,
421 2377 501 2434 bonis
510 2376 624 2432 malisve
634 2373 740 2430 meritis
754 2388 858 2429 eornm.
911 2382 961 2429 est.
973 2375 1057 2430 Nemo
1068 2376 1145 2430 enim
1158 2379 1250 2446 potest
1260 2375 1384 2448 [undere
1393 2379 1473 2436 atiud
1482 2382 1706 2453 [undamentum

59 2473 136 2528 licet
148 2470 196 2542 qui
210 2469 315 2540 plantat
329 2475 356 2524 ει
370 2467 416 2539 qui
431 2467 501 2538 rigat
517 2462 701 2520 indifferentes
716 2461 779 2528 sint,
789 2460 817 2514 in
828 2474 861 2515 eo
912 2462 986 2533 quod
1012 2462 1045 2516 sit
1063 2466 1169 2534 preter
1188 2463 1217 2519 id
1238 2465 1310 2536 quod
1332 2467 1458 2538 positam
1478 2474 1520 2525 eat
1535 2486 1618 2541 arne,
1634 2473 1707 2546 qvod

61 2559 136 2633 quod
152 2557 270 2613 ministri
285 2563 347 2612 sunt
376 2555 486 2622 Christi,
502 2554 530 2609 in
546 2568 579 2609 eo
606 2560 698 2607 tamen
723 2548 859 2616 differunt,
912 2550 1128 2616 tundamentum,
1144 2550 1173 2606 id
1187 2559 1229 2607 est
1243 2550 1322 2620 tides,
1340 2558 1383 2610 eat
1398 2556 1527 2613 Christus
1552 2561 1642 2617 tesca.
1658 2561 1707 2618 Fi-

63 2647 138 2721 quod
158 2647 351 2720 unusquisque
376 2643 499 2717 accipiet
519 2641 666 2715 propriam
694 2638 861 2704 mercedem,
913 2639 962 2695 des
978 2638 1050 2694 enim
1064 2647 1110 2694 tua
1124 2639 1158 2695 de
1181 2638 1289 2697 Christo
1303 2641 1390 2711 (juxta
1417 2646 1610 2720 augustinum)
1630 2650 1709 2706 Chri·

62 2743 248 2793 mensuratam
272 2733 324 2788 sibi
352 2731 507 2789 secumdum
531 2746 614 2786 suem
632 2729 763 2792 laborem,
780 2725 864 2781 idest
914 2736 971 2782 stus
987 2735 1027 2783 est
1044 2727 1072 2782 in
1098 2727 1251 2784 cordetuo.
1268 2729 1297 2786 Si
1320 2731 1384 2801 quid
1412 2732 1484 2789 enim
1514 2735 1588 2792 aliud
1610 2747 1709 2809 praeter

62 2841 113 2898 pro
128 2823 214 2880 modo
242 2838 297 2895 quo
324 2821 351 2876 in
375 2835 459 2891 opere
483 2818 533 2876 Dei
545 2816 690 2874 laboravit.
713 2815 776 2870 Plus
791 2813 863 2870 enim
914 2814 996 2871 fidem
1010 2815 1125 2886 ponitur,
1144 2817 1250 2873 eversio
1269 2817 1453 2891 fundamenti,
1470 2838 1525 2878 non
1545 2823 1710 2883 fundamen·

64 2915 88 2970 ei
103 2913 234 2982 debetur,
258 2910 303 2983 qui
319 2909 380 2981 plus
407 2915 534 2964 meretur.
564 2907 597 2961 Et
612 2906 665 2961 hoc
680 2904 750 2959 bene
774 2902 809 2958 ad
823 2901 864 2956 in·
914 2911 972 2958 tum
987 2911 1037 2960 εει.
1061 2905 1277 2962 Fundamentum
1290 2907 1400 2980 quidem
1414 2927 1496 2966 unum
1512 2919 1569 2981 est,
1594 2922 1621 2970 ει
1636 2915 1710 2972 aliud

63 3001 229 3058 tentionem.
240 2999 293 3056 Ubi
308 2997 380 3054 enim
395 2995 515 3052 ostendit
535 3011 565 3051 se
579 2993 669 3066 magis
685 2992 747 3048 aliis
760 2992 790 3046 in
812 2989 865 3045 fide
916 3009 977 3049 esse
1006 2993 1108 3065 nequit.
1125 2994 1173 3050 sed
1195 2995 1470 3066 superaedificationes
1497 3008 1560 3056 sunt
1575 3001 1709 3073 diversae3

64 3087 270 3146 Corinthiorum
298 3085 468 3159 promereri,
485 3090 511 3140 et
525 3084 559 3139 dc
578 3099 608 3138 se
623 3081 796 3155 gloriandum
811 3096 867 3135 non
916 3080 1061 3153 quisalius
1089 3098 1197 3152 aurum,
1215 3091 1261 3139 aut
1290 3094 1446 3157 argentum,
1464 3088 1533 3145 aliua
1560 3090 1652 3147 lenum
1666 3092 1711 3150 vel

66 3195 129 3234 esse
143 3176 278 3242 subditis,
294 3174 360 3230 dicit
376 3189 382 3228 :
400 3175 493 3246 Longe
512 3171 602 3226 minus
617 3171 645 3225 in
658 3170 700 3224 his
717 3168 762 3240 qni
777 3167 866 3222 minus
917 3169 1042 3240 stipulam
1069 3170 1279 3242 superedificat.
1305 3172 1386 3242 Quod
1400 3175 1438 3231 ita
1461 3177 1498 3232 ait
1513 3195 1519 3232 :
1536 3179 1567 3236 Si
1580 3181 1643 3254 quie
1656 3198 1712 3238 aa·

67 3272 210 3322 merentur
228 3262 410 3337 gloriandum,
431 3269 457 3317 et
470 3260 538 3315 nihil
566 3259 674 3331 penitus
689 3274 751 3312 esse
775 3262 866 3311 osten·
917 3264 974 3315 tem
989 3259 1196 3331 superaedificet
1211 3277 1298 3333 supro
1314 3262 1363 3318 boc
1378 3265 1610 3336 fundumentum,
1626 3269 1653 3325 id
1669 3278 1711 3326 εει

66 3356 114 3410 dit.
151 3355 333 3410 Revertamur
367 3350 402 3405 ad
441 3349 569 3404 litteram.
613 3347 684 3402 Vere
717 3344 867 3401 secundum
917 3345 1304 3419 fidem,curem,erpentcm,
1319 3349 1711 3428 lepidecpretioaos:perbaec

67 3443 210 3515 proprium
237 3439 358 3495 laborem
387 3437 502 3509 accipiet
532 3435 689 3492 mercedem
707 3451 713 3488 :
729 3448 780 3488 nos
795 3431 867 3488 enim
917 3434 978 3502 tria,
996 3433 1119 3502 virtutes,
1136 3435 1185 3489 sed
1200 3435 1324 3492 discreta
1337 3437 1537 3511 intelliguntur.
1558 3445 1602 3499 Vel
1623 3445 1711 3515 liparo,

67 3533 94 3586 in
112 3529 194 3586 vobis
225 3529 313 3583 Deum
335 3526 397 3598 plus
421 3525 481 3580 aliis
505 3523 668 3594 adjuvimus,
684 3529 710 3577 ct
725 3521 787 3576 ideo
807 3520 868 3591 plus
917 3526 1026 3595 senum,
1043 3523 1191 3595 stipulam,
1207 3539 1257 3593 per
1272 3525 1331 3581 baec
1347 3525 1398 3581 tria
1420 3527 1540 3585 discreta
1553 3531 1634 3598 mala,
1650 3550 1712 3604 quaa

68 3620 127 3675 aliis
140 3614 390 3681 remunerabimur,
408 3614 481 3685 quod
505 3611 592 3667 itaait
608 3629 615 3666 :
631 3612 687 3666 Nos
707 3626 804 3666 semus
819 3608 868 3664 ad·
919 3618 1010 3666 tamen
1038 3609 1243 3667 fundamentum
1271 3627 1326 3668 non
1354 3614 1501 3686 destruant,
1531 3619 1710 3691 accipiuntur.

64 3712 177 3781 jutorea
193 3706 253 3772 Dei,
264 3704 291 3759 id
306 3711 346 3759 εει
361 3701 480 3774 operarii
493 3720 500 3768 ;
520 3708 546 3757 ει
563 3707 592 3756 ut
602 3700 675 3755 servi
687 3697 869 3753 ministrando
919 3699 983 3755 Haec
997 3706 1087 3755 autern
1098 3689 1194 3756 bmnia
1208 3716 1257 3772 per
1271 3701 1451 3774 ignemtsicut
1460 3706 1583 3776 proxime
1598 3708 1715 3779 subjun-

68 3794 214 3868 praeceptis
230 3792 337 3848 Domini
352 3790 503 3861 adjuvimus
518 3790 605 3844 Deum
633 3787 660 3841 in
681 3787 770 3852 vobis,
786 3785 869 3840 mini·
919 3790 976 3858 get)
1005 3787 1202 3859 probabuntur.
1232 3789 1283 3844 Per
1297 3805 1392 3845 aurum
1419 3793 1665 3867 periectajustitia,
1686 3805 1717 3853 ut

68 3884 184 3940 strando
199 3881 281 3937 fidem
304 3881 362 3950 ejus
378 3879 520 3950 sicutipse
544 3876 624 3933 nubis
638 3875 782 3946 disposuit.
798 3874 869 3929 Vere
920 3889 1015 3930 eorum
1035 3874 1101 3929 nihil
1115 3875 1223 3947 penitus
1249 3880 1423 3951 purgandum
1438 3881 1482 3947 sit,
1500 3883 1546 3953 qui
1561 3884 1652 3956 utique
1667 3902 1722 3957 per

70 3975 160 4029 licum
174 3970 328 4040 adjuvimus
342 3968 371 4022 in
381 3967 468 4023 vobis.
479 3968 550 4023 Nam
560 3963 871 4036 accestisepricultum
920 3962 1013 4035 ignem
1028 3963 1169 4019 transituri
1184 3971 1264 4033 sunt;
1281 3982 1334 4022 non
1349 3975 1378 4022 ut
1406 3968 1443 4023 ibi
1459 3970 1551 4042 aliqua
1565 3974 1716 4031 acerbitate

69 4061 130 4127 Dei,
146 4059 177 4116 id
197 4065 239 4114 est
254 4057 341 4114 cultus
356 4056 425 4127 agri,
442 4071 458 4110 a
473 4055 571 4127 quibus
579 4054 635 4123 Jam
651 4052 793 4108 eradicatae
809 4057 871 4105 sunt
921 4051 1100 4118 detineantur,
1118 4053 1167 4108 sed
1182 4053 1252 4110 sicut
1266 4055 1441 4126 purissimum
1456 4074 1553 4114 aarum
1563 4061 1621 4134 igni
1635 4063 1717 4120 adhi-

70 4150 157 4221 spinae
181 4154 367 4219 peccatorum.
396 4143 479 4213 listis,
496 4142 615 4215 inquam,
641 4139 809 4213 agricultura
823 4154 872 4210 per
921 4140 1016 4207 bitum,
1030 4138 1273 4197 96110ns01um
1287 4142 1391 4199 nullum
1405 4146 1504 4217 patitur
1513 4147 1714 4224 detrimentum,

70 4237 239 4293 ablationem
266 4233 411 4299 malornm,
438 4232 550 4287 etesiis
573 4229 724 4298 edificatio
745 4229 805 4294 Dei,
821 4243 871 4298 per
922 4228 970 4283 sed
986 4244 1035 4299 per
1049 4229 1101 4284 boc
1129 4229 1226 4298 majori
1244 4230 1332 4287 nitore
1346 4231 1376 4286 fit
1394 4233 1580 4305 splendidius,
1596 4238 1636 4295 sic
1651 4257 1718 4312 per-

71 4325 237 4399 positionem
252 4322 389 4387 virtutum,
405 4320 469 4392 quia
484 4335 568 4390 super
577 4316 659 4373 iidem
671 4325 788 4373 vestram
798 4317 871 4371 Deus
922 4317 994 4386 lecti,
1011 4316 1083 4390 ignis
1112 4316 1204 4389 utique
1241 4317 1380 4376 laesionem
1424 4338 1479 4377 non
1507 4324 1627 4382 sentiunt
1645 4372 1651 4395 ,
1668 4328 1719 4387 sed

69 4416 126 4485 ιω
141 4412 212 4469 alias
225 4410 337 4468 virtutes
356 4407 510 4466 edificavit.
526 4408 561 4462 Et
581 4406 654 4479 quod
669 4405 734 4461 estis
750 4383 908 4478 agriem-D
923 4404 1121 4476 probabiliores
1136 4406 1255 4477 agilitate
1274 4408 1401 4464 virtutum
1417 4410 1452 4466 ab
1466 4411 1519 4469 hoc
1545 4414 1609 4485 igne
1638 4416 1718 4474 iacil-

71 4512 131 4558 tnra
154 4508 184 4557 et
209 4497 351 4555 aedificatio
366 4497 427 4563 Dei,
443 4498 495 4552 hoc
520 4503 562 4552 est
576 4510 627 4566 per
651 4510 707 4549 me.
730 4495 786 4565 Epo
800 4492 872 4549 enim
922 4492 986 4549 lime
1000 4501 1153 4567 emergunt.
1184 4494 1235 4550 Per
1261 4504 1405 4570 argentum
1426 4499 1614 4571 significantur
1639 4506 1716 4576 justi,

70 4591 152 4663 aveat
167 4587 401 4661 tundamentum,
418 4585 446 4641 id
461 4593 503 4640 est
516 4583 598 4640 fidem
614 4599 696 4655 super
711 4598 793 4654 quam
807 4581 873 4638 iun·
923 4580 951 4635 in
967 4580 1064 4654 quibus
1079 4590 1169 4638 tamen
1196 4582 1287 4655 aliqua
1301 4584 1372 4640 levia
1398 4590 1543 4659 purganda
1558 4600 1638 4659 sunt;
1654 4594 1720 4666 qnia
1770 4600 1777 4612 ’

73 4681 175 4735 dantur
188 4675 249 4732 aliae
268 4675 391 4731 virtutes.
416 4672 496 4728 Posui
523 4672 617 4744 utique
631 4674 665 4727 at
688 4670 872 4738 architectus,
923 4670 997 4725 velat
1018 4679 1160 4742 argentum
1180 4671 1208 4726 in
1230 4671 1295 4745 igne
1317 4674 1435 4744 positum
1462 4676 1633 4735 decoloratur
1648 4698 1655 4736 :
1673 4682 1720 4754 qui

73 4768 99 4823 id
114 4774 157 4823 est
171 4764 302 4837 princeps
316 4763 388 4829 tecti,
410 4761 472 4834 quia
486 4768 512 4817 ει
535 4760 640 4815 sialios
658 4759 831 4829 coadjutores
846 4757 875 4812 in
924 4758 1001 4815 color
1033 4766 1090 4814 arte
1114 4757 1225 4815 artificis
1251 4769 1313 4831 post
1342 4762 1435 4835 ignem
1462 4766 1606 4833 redditur;
1622 4769 1663 4827 sic
1677 4769 1717 4827 illi

74 4856 153 4912 vobis
174 4852 269 4920 habui,
285 4867 339 4926 ego
353 4858 444 4906 tamen
458 4849 586 4921 princeps
605 4846 643 4902 ibi
671 4846 719 4902 fui.
747 4845 872 4903 archita·
923 4846 1017 4919 ignem
1040 4846 1149 4918 quidem
1177 4847 1320 4919 patientur,
1346 4850 1395 4907 sed
1431 4851 1539 4922 leviter,
1571 4856 1635 4927 quia
1649 4857 1720 4916 levia

73 4952 130 5002 ctus
146 4942 212 4999 dico
234 4942 358 5014 capiens,
375 4939 459 4994 idest
481 4953 541 4994 cum
563 4935 726 4993 discretione
748 4934 872 5008 singulis,
924 4934 1128 4992 commiserunt.
1145 4936 1197 4991 Per
1215 4935 1320 5008 lapides
1336 4939 1471 5011 pretiosos
1495 4943 1637 5016 signantur
1642 4946 1721 5018 justi,

75 5031 149 5105 quod
163 5028 309 5102 capacitati
326 5043 421 5085 eornm
436 5025 560 5083 sufficere
575 5032 691 5097 poterat,
704 5024 873 5095 impertiens.
924 5023 987 5080 licet
1015 5030 1173 5094 premantur
1199 5024 1300 5097 aliquot
1336 5027 1506 5099 venialibus;
1522 5033 1610 5106 magis
1626 5041 1720 5093 tamen

76 5121 131 5177 1100
145 5127 239 5175 autem
260 5116 481 5174 teciseccmtam
504 5115 629 5186 pretium
657 5114 731 5169 Dei:
760 5111 875 5168 sundere
925 5112 1096 5167 adhaeserunt
1121 5111 1242 5180 justitiae,
1259 5121 1286 5168 et
1313 5113 1375 5170 ideo
1399 5114 1537 5187 patientur
1565 5121 1676 5193 quidem
1691 5124 1721 5180 in

76 5211 148 5264 enim
162 5222 214 5263 vos
229 5205 256 5260 in
271 5204 325 5262 fide
340 5219 394 5259 non
410 5219 530 5275 possem,
562 5202 614 5256 nisi
630 5206 788 5272 operaretur
814 5215 875 5255 me·
925 5199 989 5273 igne
1008 5198 1096 5272 magis
1109 5199 1152 5254 bis
1176 5201 1332 5272 praedictis3
1359 5206 1588 5275 quamadmodum
1615 5210 1721 5281 lapides

76 5313 137 5354 curn
159 5293 322 5369 gratiaDci,
338 5293 372 5347 ad
388 5307 471 5364 quam
496 5290 651 5346 habendam
672 5305 727 5344 non
755 5287 876 5360 praemisi
925 5286 1036 5360 pretiosi
1054 5287 1115 5359 plns
1137 5289 1290 5346 detrimenti
1306 5308 1356 5362 per
1382 5292 1475 5366 ignem
1491 5296 1623 5364 sentiunt,
1640 5315 1723 5370 quam

77 5386 214 5453 meritum,
232 5382 281 5439 sed
295 5399 357 5456 que
370 5396 405 5437 ex
429 5377 613 5435 misericordia
637 5379 704 5434 dcte
730 5381 773 5433 est
792 5377 874 5433 mibi.
926 5384 1080 5450 argentum.
1091 5376 1235 5435 Pluraliter
1249 5378 1313 5436 ideo
1327 5380 1431 5453 lapides
1446 5383 1531 5452 dixit;
1546 5385 1610 5457 quia
1625 5386 1653 5441 in
1671 5388 1726 5448 boc

77 5475 135 5549 ³8⁰
156 5470 281 5546 quodud
300 5485 345 5528 me
371 5467 517 5543 pertinuit,
547 5482 643 5524 sanum
672 5464 876 5523 fundamentum
926 5464 1016 5538 gradu
1030 5465 1130 5522 diversi
1143 5475 1232 5534 erunt,
1248 5474 1275 5522 ει
1289 5470 1440 5529 secundum
1461 5471 1645 5530 diversitatem
1659 5492 1722 5532 me-

144 5624 270 5682 Paaaoc.
290 5619 380 5679 caut.
1629 5629 1645 5680 ι
