3742 5986
173 188 225 252 639
581 199 752 258 GUIGONIS
777 202 789 258 l
813 201 1017 261 canrhusth
1039 203 1186 262 lthORlS
1210 204 1349 264 PRIOlllS
1368 206 1401 264 V.
1771 208 1822 265 610

205 318 232 371 1.
251 318 352 373 Verum
368 319 432 390 quia
447 328 581 378 tantorum
595 324 722 395 precibus
737 333 764 381 et
773 325 935 394 auctoritati,
952 327 1009 384 sive
1028 327 1175 396 dilectioni,
1197 329 1326 387 resistere
1349 345 1403 385 non
1420 329 1563 397 dehemus,
1589 330 1663 402 quod
1684 330 1819 386 Dominus

169 412 285 482 dederit,
300 416 397 471 eodem
412 417 471 490 ipso
484 420 604 488 juvante,
622 422 761 490 dicamus;
776 431 832 478 eta
846 423 964 497 digniori
986 432 1073 496 parte,
1096 424 1184 481 officio
1203 425 1330 482 videlicet
1342 424 1435 481 divino
1456 432 1595 481 sumentes
1618 425 1775 493 exordium,
1791 425 1818 480 in

172 526 226 581 quo
240 527 302 568 curn
316 514 423 570 caeteris
437 517 589 587 monachis,
601 519 725 587 multum,
744 520 860 576 maxime
877 521 904 575 in
914 521 1069 577 Psalmodia
1088 521 1217 595 regulari,
1229 521 1382 578 concordes
1391 521 1564 578 inveniamur
1579 521 1628 596 [ul.
1640 521 1817 595 invenimur}

817 719 1135 817 INCIPIUNT

443 909 1037 1025 CONSUETUDINES
1080 915 1144 1024 D.
1195 913 1552 1027 GUIGONIS.

813 1097 1011 1154 CAPITULUli
1034 1098 1179 1156 PRIMUM.

865 1220 903 1276 Dr
918 1221 1006 1291 officio
1021 1220 1126 1277 diuino.

205 1341 230 1392 1.
248 1338 413 1395 hlialendis
426 1339 517 1412 itaque
534 1340 699 1396 Novembris
712 1356 799 1414 usque
815 1342 849 1397 sd
863 1351 973 1399 octavas
998 1344 1182 1412 Pentecostes,
1199 1346 1272 1402 omni
1286 1346 1340 1412 dia,
1357 1345 1476 1417 exceptis
1500 1344 1647 1401 duodecim
1670 1343 1818 1401 lectionum

172 1431 396 1500 solemnitatibus,
413 1442 468 1491 tres
481 1436 611 1491 lectiones
625 1451 686 1492 cum
702 1437 789 1493 tribus
803 1439 986 1510 responsoriis
1000 1439 1136 1510 dicimus;
1152 1441 1217 1497 illud
1232 1442 1446 1498 observantesut
1459 1440 1483 1496 si
1497 1449 1560 1496 ante
1580 1443 1704 1513 quintam
1723 1438 1819 1495 feriam

171 1529 293 1598 praedicti
315 1530 417 1586 mensis
444 1531 573 1588 Kalendae
591 1533 766 1604 contigerint,
790 1534 818 1588 in
839 1535 1003 1607 praecedenti
1013 1536 1156 1594 [lominica
1169 1537 1345 1610 responsoria
1360 1545 1387 1593 et
1401 1538 1549 1609 propbetas
1562 1535 1748 1607 incipiamus,
1774 1550 1819 1591 se·

175 1626 269 1695 quenti
283 1632 309 1681 et
323 1626 453 1698 deinceps
471 1628 540 1683 seria
554 1636 609 1684 tres
623 1629 753 1686 lectiones
767 1646 829 1686 cum
843 1632 1024 1702 responsoriis
1034 1634 1067 1689 de
1075 1636 1152 1692 libris
1167 1638 1271 1694 eisdem
1285 1639 1441 1695 recitantes.

207 1724 234 1777 2.
250 1721 297 1776 Sin
319 1731 409 1779 autem
423 1723 515 1796 quinta
529 1724 573 1780 vel
596 1732 658 1796 post
673 1725 803 1798 quintam,
820 1728 946 1799 sequenti
960 1729 1102 1788 [lominica
1117 1734 1229 1790 eosdem
1247 1736 1394 1807 prophetas
1417 1749 1480 1791 cum
1493 1733 1550 1789 suis
1566 1728 1755 1803 responsoriis
1776 1728 1818 1783 in-

175 1817 305 1872 01111111
320 1837 327 1885 ;
343 1819 447 1875 dierum
463 1820 509 1891 qui
523 1821 593 1877 inter
605 1820 745 1880 Kalendas
759 1831 785 1879 et
798 1824 968 1881 Dominicam
991 1835 1064 1893 sunt,
1088 1829 1201 1885 alterurn
1223 1845 1283 1886 curn
1304 1830 1392 1886 tribus
1414 1835 1526 1901 propter
1538 1833 1683 1899 martyres,
1705 1824 1821 1881 alterum

175 1927 236 1968 curn
251 1930 303 1970 una
317 1915 433 1973 lectione
448 1917 640 1990 transigentes.

867 2005 1065 2064 CAPITULUM
1079 2009 1115 2064 ll.

844 2128 915 2184 item
935 2129 968 2186 de
987 2131 1084 2187 eudem
1103 2148 1144 2187 rc.

209 2251 235 2302 1.
252 2248 370 2304 sabbato
384 2249 480 2321 primae
494 2251 627 2308 adventus
640 2251 789 2307 [1011111101
804 2252 951 2308 cohaerenti
966 2255 1253 2311 commemorationem
1274 2255 1309 2312 dc
1332 2269 1414 2311 cruce
1434 2251 1570 2325 usquead
1594 2246 1747 2306 secundam
1760 2254 1822 2319 pest

173 2352 282 2400 octavas
305 2346 415 2403 Pascha
435 2347 557 2416 Feriam;
574 2347 608 2404 dc
634 2355 729 2405 sancta
752 2348 915 2405 1111111111
937 2365 1023 2421 nsque
1047 2350 1082 2406 ad
1105 2349 1222 2421 primam
1237 2359 1299 2423 post
1314 2359 1426 2408 octavas
1446 2347 1606 2422 Epiphaniae
1628 2343 1704 2400 diem
1732 2343 1819 2400 inter-

176 2441 317 2498 mittimus.

206 2543 233 2598 2.
250 2541 281 2595 11
293 2538 421 2611 praedicta
437 2537 576 2594 [lominica
586 2536 669 2593 finitis
683 2536 827 2593 Ezechiele
841 2545 869 2593 11
892 2537 1035 2593 duodecim
1051 2539 1189 2612 prophetis
1203 2541 1278 2611 (narn
1304 2539 1445 2596 Danielem
1459 2538 1487 2594 in
1515 2537 1660 2595 refectorio
1689 2537 1822 2610 legimus)

174 2634 274 2690 isaiam
288 2634 442 2706 incipimus,
458 2634 594 2706 usquead
610 2632 731 2704 vigiliam
745 2631 898 2689 Natiuitatis
921 2648 954 2689 eo
968 2637 1096 2692 contenti.
1113 2638 1143 2691 ln
1166 2652 1220 2709 quo
1235 2645 1291 2693 toto
1309 2638 1394 2710 spatio
1416 2635 1557 2708 capitulis,
1574 2634 1700 2692 versibus
1715 2643 1822 2691 11011-

173 2730 294 2786 tionibus
321 2730 355 2785 ad
384 2730 530 2787 adventurn
550 2729 746 2801 pertinentibus
769 2728 880 2797 utimur,
898 2731 992 2787 Gloria
1014 2733 1046 2787 in
1065 2735 1186 2790 eucelaia
1201 2750 1288 2806 usque
1308 2734 1342 2789 ad
1361 2734 1479 2807 primam
1492 2733 1521 2790 in
1540 2731 1686 2790 Natiuitate
1709 2731 1823 2789 11111111

176 2831 306 2883 tacentes.

848 2916 1140 2983 connumeramur.
1166 2876 1170 2881 ¹

173 3059 282 3116 semper
294 3057 424 3115 quaerere,
440 3055 532 3097 amare
551 3040 585 3094 ab
600 3039 756 3095 hominibus
770 3040 868 3096 nesciri
883 3049 909 3096 et
923 3045 1010 3111 proA
1025 3044 1175 3117 cibusque
1190 3044 1224 3098 ab
1234 3044 1357 3101 Ecclesia
1372 3045 1548 3118 lugdunensi
1563 3046 1592 3101 in
1606 3055 1728 3104 nostrum
1744 3063 1824 3104 nsum

177 3131 261 3188 nihilo
279 3129 407 3202 reputari,
417 3136 444 3184 et
458 3127 590 3199 quidquid
613 3129 647 3182 ed
662 3143 754 3184 veram
769 3135 795 3183 ct
809 3127 973 3200 profundam
1024 3139 1129 3188 constat
1142 3132 1225 3188 inisse
1241 3139 1420 3205 transumpta.

173 3218 353 3275 humilitatem
376 3215 513 3281 conducit,
531 3216 651 3271 omniurn
667 3215 793 3271 virtutum
812 3216 931 3272 radicem
948 3225 975 3272 11

174 3306 257 3364 veluti
271 3304 352 3360 fontis
366 3303 460 3375 gratie
474 3303 524 3359 Dci
538 3303 672 3369 canalem,
689 3303 856 3359 in'omnibus
866 3304 973 3375 ample-

173 3394 219 3460 cti,
235 3395 287 3449 hoc
301 3391 416 3448 instituti
431 3390 601 3447 Carthasiani
616 3406 722 3447 summa
736 3400 763 3446 ct
774 3390 836 3446 linis
850 3400 901 3447 est.

173 3481 255 3537 Num.
271 3483 298 3537 1.
326 3482 425 3537 Verum
444 3481 510 3551 quic
536 3483 685 3536 tantorum
706 3479 846 3552 precibus.
861 3478 912 3535 Hic
925 3478 974 3533 ha-

176 3569 225 3625 bes
240 3568 355 3625 formam
369 3573 468 3623 sanctae
483 3566 615 3623 libertatis
625 3565 806 3638 adimplendas
818 3565 974 3622 etobstina-

174 3657 255 3713 tionis
279 3656 306 3711 in
320 3672 370 3712 suo
384 3670 492 3711 sensus
506 3654 691 3709 Carthusianis
708 3653 852 3727 fugiendae,
866 3661 892 3708 et
907 3668 974 3724 qua·

174 3743 236 3801 liter
251 3744 368 3800 charitas
383 3751 408 3799 et
432 3740 596 3811 obedientia,
618 3741 731 3798 scientia
754 3747 780 3796 et
794 3740 932 3796 humilitas
946 3740 975 3794 in

91 3823 95 3832 ’
175 3832 238 3888 11111
252 3830 380 3887 solitariae
395 3836 474 3895 statu,
499 3828 699 3898 simulpossint
713 3835 739 3883 ct
757 3827 874 3883 debeant
891 3844 906 3882 a
921 3843 974 3883 no·

176 3918 218 3974 bis
234 3916 405 3981 concordari,
423 3922 450 3970 et
465 3914 529 3971 inde
539 3914 698 3987 simplicitas
708 3915 888 3970 Caribusiana
902 3931 974 3970 corn·

177 4006 251 4078 poni,
267 4014 294 4061 ut
309 4004 375 4059 nihil
394 4018 511 4075 unquam
527 4010 663 4074 quaeratur
682 4018 776 4059 avere
796 4002 975 4059 Caribusiano

178 4111 210 4150 ex
225 4093 343 4166 propriae
357 4090 504 4148 voluntatis
514 4090 696 4162 instigatione,
716 4090 790 4163 quod
804 4105 820 4145 a
832 4090 894 4147 vitae
908 4091 974 4145 ahs·

177 4183 293 4240 conditae
318 4188 412 4238 centro
434 4179 509 4236 illurn
533 4180 670 4248 retrahat,
687 4179 737 4237 sed
759 4178 825 4234 nihil
841 4178 976 4236 obstinato

177 4271 268 4326 animo
284 4270 414 4342 fugiatur,
432 4269 540 4341 quando
553 4269 588 4323 ad
601 4268 738 4341 agendum
751 4274 797 4323 aut
808 4266 975 4340 loquendum

178 4374 211 4413 ex
235 4357 409 4428 superiorum
420 4356 522 4427 judicio
544 4356 702 4428 impellitur.
714 4355 793 4425 Quod
813 4356 900 4412 adhuc
915 4357 974 4412 evi·

179 4445 287 4500 dontius
301 4445 405 4515 patebit
419 4443 500 4510 inira,
516 4445 562 4499 udi
576 4444 610 4499 de
627 4444 781 4501 ohedientia
796 4443 974 4500 carthusiana

178 4540 284 4605 agetur.

213 4620 283 4676 lbid.
299 4621 467 4693 inquorum
482 4621 625 4675 euteria..
642 4620 775 4674 multum.
791 4618 853 4673 Non
869 4618 933 4673 dicit
946 4621 978 4674 in

179 4713 278 4777 utum,
309 4708 370 4781 quia
386 4722 480 4763 revera
503 4706 531 4760 in
559 4707 747 4777 componendo
774 4705 865 4763 divino
890 4707 980 4765 officio

178 4796 359 4853 CarthusIano
376 4794 444 4850 ritus
466 4793 575 4866 quidem
599 4794 764 4851 monasticus
784 4794 812 4849 in
833 4795 976 4852 duodecim

178 4885 303 4956 psalmis,
329 4883 416 4939 tribus
443 4881 556 4938 canticis
581 4889 608 4937 et
636 4885 668 4938 ta
693 4882 854 4940 lectionibus
875 4891 902 4940 11
917 4883 978 4938 aliis

181 4973 314 5029 similibus
324 4977 479 5041 assumptus
494 4977 545 5036 est,
562 4970 679 5027 sednon
693 4986 779 5042 pauca
795 4971 874 5027 etiam
890 4972 915 5027 ei
929 4971 977 5026 ad·

175 5062 268 5130 juncia
283 5059 389 5113 luerunt
404 5075 437 5113 ex
455 5056 551 5114 ritibus
565 5066 620 5112 tum
636 5057 766 5114 Ecclesia>
777 5059 974 5131 Lugdunensis,

179 5157 235 5203 tum
250 5145 518 5216 Gratianopolitanae,
536 5145 563 5199 in
572 5146 648 5214 cujus
661 5146 772 5202 dioecesi
787 5146 839 5201 sita
851 5155 891 5202 est
906 5147 976 5203 Car·

1059 3256 1125 3311 Cae.
1138 3258 1158 3312 l.
1175 3288 1209 3297 -
1219 3258 1391 3330 Capitulum.
1402 3258 1460 3314 Hoc
1469 3258 1593 3325 verbum,
1605 3273 1660 3330 quo
1672 3257 1702 3313 in
1717 3259 1824 3315 statutis

1024 3343 1125 3399 nostris
1151 3344 1288 3400 dictinctio
1308 3344 1485 3401 materiarum
1513 3353 1630 3412 notatur,
1652 3361 1727 3403 nunc
1750 3361 1825 3403 corn·

1023 3431 1141 3486 maniter
1155 3448 1204 3503 per
1217 3432 1330 3488 verbum
1341 3432 1615 3504 Copuiexprimitur;
1632 3432 1681 3490 sed
1695 3434 1732 3490 ad
1746 3449 1825 3491 rere-

1024 3518 1139 3574 rentiam
1158 3519 1266 3575 Petrum
1285 3521 1458 3592 antiquorum
1472 3520 1525 3577 boc
1547 3521 1661 3577 verbum
1683 3521 1713 3578 in
1728 3522 1825 3579 ordine

1024 3607 1192 3674 retinuimus,
1209 3608 1277 3665 sicut
1291 3609 1379 3663 111111
1395 3608 1509 3664 simiha:
1524 3608 1580 3664 imo
1594 3617 1620 3664 et
1634 3609 1823 3682 modosquos·

1023 3695 1085 3750 dam
1099 3695 1301 3767 pronuntiandi,
1319 3697 1365 3767 qui
1379 3695 1458 3751 etiam
1473 3696 1502 3751 in
1524 3696 1641 3768 antiquis
1655 3696 1764 3753 statutis
1778 3712 1825 3755 ex·

1023 3799 1119 3853 presse
1147 3783 1370 3855 designabantur,
1394 3783 1463 3840 adeo
1491 3799 1601 3855 semper
1627 3783 1700 3855 apud
1730 3799 1782 3842 nas
1795 3784 1825 3841 in

1023 3871 1112 3944 pretio
1125 3870 1217 3926 habita
1233 3878 1274 3928 est
1288 3870 1443 3927 stabilitatis
1462 3879 1489 3927 et
1503 3871 1668 3944 antiquitatis
1683 3887 1823 3930 veneran-

1024 3959 1067 4014 dae
1080 3958 1221 4015 tenacitas.

1059 4047 1139 4102 Num.
1152 4050 1177 4102 1.
1194 4047 1371 4102 1111111111.
1388 4047 1486 4102 Totum
1510 4047 1561 4102 hoc
1581 4046 1731 4119 capitulum
1745 4063 1826 4120 repe·

1024 4134 1092 4190 ritur
1112 4135 1303 4205 transcriptum
1330 4135 1357 4189 in
1386 4134 1473 4205 prima
1500 4142 1578 4206 parte
1603 4135 1701 4202 statut,
1727 4136 1825 4208 antiq,

1024 4239 1083 4294 cap.
1100 4227 1145 4294 2¹,
1161 4239 1188 4277 n.
1201 4226 1217 4278 8
1232 4227 1299 4289 119,
1320 4230 1346 4278 et
1362 4222 1436 4277 nulla
1450 4230 1492 4279 est
1515 4221 1668 4279 differentia
1681 4222 1736 4278 nisi
1751 4224 1826 4296 qnod

1025 4328 1057 4366 11
1073 4327 1132 4382 quae
1146 4311 1189 4367 hie
1205 4310 1340 4366 succincte
1356 4310 1826 4383 1110111111,ὼί111111110110111111,

1025 4407 1106 4469 prout
1120 4399 1187 4454 ratio
1207 4399 1411 4458 condendorum
1433 4406 1594 4455 statutorum
1624 4398 1717 4472 exigit.
1750 4400 1828 4458 Idem

1026 4502 1139 4558 prorsus
1155 4487 1300 4542 etiamnum
1315 4502 1333 4541 1
1346 4487 1425 4541 nobis
1440 4487 1609 4544 observatur.

1064 4620 1130 4675 cir».
1147 4620 1180 4674 lt.
1201 4649 1236 4660 -
1258 4619 1332 4674 ldem
1362 4618 1512 4690 Capitulum
1536 4617 1667 4689 reperitur
1689 4621 1825 4677 transcri-

1031 4717 1116 4780 ptum,
1133 4722 1197 4779 cap.
1216 4711 1243 4774 11,
1259 4723 1268 4762 ι
1282 4714 1349 4778 pert.
1366 4707 1451 4780 antiq.
1473 4707 1581 4773 Statut.,
1598 4721 1674 4762 num.
1689 4710 1717 4775 3,
1734 4710 1827 4778 5,ὓ,8

1028 4805 1054 4852 11
1069 4800 1095 4850 9.

1062 4885 1144 4940 Num.
1159 4887 1186 4942 2.
1206 4884 1341 4940 Gloriuin
1351 4883 1484 4950 excubis,
1498 4899 1585 4955 usqne
1599 4883 1669 4941 ad...
1686 4888 1825 4942 tacentes.

1026 4973 1066 5028 Ex
1082 4971 1210 5028 hocloco
1226 4978 1251 5027 et
1265 4970 1325 5025 aliis
1339 4969 1407 5024 inira
1419 4970 1546 5027 notandis
1563 4971 1673 5042 patebit,
1690 4971 1828 5028 nonbene

1026 5059 1132 5131 opinari
1146 5058 1249 5131 eosqui
1263 5065 1358 5130 putant
1368 5058 1440 5130 quod
1450 5057 1514 5114 olim
1525 5057 1552 5112 in
1562 5059 1658 5116 ordine
1667 5074 1732 5115 raro
1741 5058 1828 5114 missa

1027 5147 1158 5203 anostris
1182 5146 1381 5204 celebrabatur.
1403 5146 1513 5202 Certum
1528 5154 1570 5202 est
1586 5146 1646 5202 illos
1671 5154 1736 5203 tunc
1764 5153 1826 5201 tan·

180 5233 278 5299 chusia,
294 5240 323 5287 ut
336 5233 442 5303 probari
457 5241 546 5304 petest
560 5249 593 5288 11
613 5233 730 5304 antiquis
744 5233 897 5289 blissalibus
921 5235 976 5291 Ec·
1026 5245 1081 5292 tum
1096 5235 1222 5291 habuisse
1250 5250 1332 5290 unum
1356 5235 1450 5304 altare,
1475 5243 1504 5289 11
1532 5250 1596 5290 raro
1621 5235 1689 5303 du0;
1704 5234 1779 5307 quod
1794 5249 1828 5290 ex

179 5322 270 5380 clesie
279 5319 547 5392 Gratianopolitanae,
564 5328 590 5376 ct
600 5320 681 5376 modo
692 5321 849 5377 celebrandi
862 5323 976 5378 missam
1026 5325 1119 5381 charta
1134 5339 1193 5395 cap.
1210 5321 1348 5396 generalis
1362 5322 1425 5378 anni
1441 5323 1510 5379 tato
1524 5322 1665 5395 probatur,
1690 5321 1739 5378 uhi
1758 5321 1829 5379 dici-

180 5408 293 5466 tuncibi
306 5407 414 5474 usitato,
432 5424 492 5480 quar
514 5409 541 5463 in
560 5408 660 5464 nostris
674 5408 709 5465 ad
722 5426 843 5481 unguem
857 5411 913 5466 iere
928 5426 975 5466 re·
1026 5415 1144 5469 1111111
1163 5411 1268 5469 duobus
1287 5412 1426 5468 altaribus
1458 5411 1646 5484 suscipiendis
1665 5412 1831 5483 requiratur

183 5498 306 5554 feruntur
317 5517 324 5565 ;
335 5497 455 5569 itemque
470 5511 503 5552 ex
518 5497 654 5554 veteribus
663 5497 868 5570 antiphonariis
882 5506 908 5556 et
917 5515 975 5570 pre
1025 5516 1178 5559 censemur
1193 5503 1392 5557 conventuum.
1406 5497 1715 5570 Raritatemergoistam
1729 5512 1785 5556 non
1794 5496 1830 5556 ct
