3742 5986
101 172 154 230 '12⁹
787 174 1092 232 consumantes.
1706 181 1759 235 730

142 299 169 350 3.
184 294 338 352 Ecclesiam
353 297 480 366 custodit,
495 305 582 369 portae
596 305 706 370 praeest,
721 298 930 356 advenientibus
944 300 1100 372 respondet,
1126 299 1290 356 ferramenta
1305 300 1460 357 eommunia
1483 309 1591 369 serrat;
1608 302 1705 358 domus
1731 304 1758 359 el

107 393 246 450 unitersae
260 394 412 451 communis
426 395 604 467 supellectilis
618 412 710 454 curam
723 397 805 469 gerit.
827 398 869 452 Ex
887 397 987 469 quibus
1008 398 1145 464 omnibus,
1169 399 1191 453 si
1214 398 1317 470 aliquid
1340 398 1496 469 deperierit,
1519 407 1657 470 postratus
1678 400 1754 457 humi

106 506 184 547 reum
199 508 229 546 se
244 492 462 564 culpabilemque
477 494 611 550 clamabit.
627 497 692 551 llaec
707 495 804 552 eadem
821 503 911 551 servat
924 496 1078 568 quicunque
1092 497 1166 553 vices
1181 496 1249 566 ejus,
1275 496 1440 568 exsequitur.

143 589 171 643 i.
186 589 217 643 ln
231 588 328 644 diebus
341 589 508 646 solemnibus
522 592 565 648 vel
578 591 647 664 ipse,
664 592 707 648 vel
721 592 767 665 qui
782 592 889 665 supplet
901 591 991 649 locum
1006 594 1074 663 ejus,
1089 593 1296 650 advenientibus
1313 593 1347 649 de
1363 593 1425 649 villa
1444 592 1567 665 proxima
1587 593 1654 649 nihil
1670 594 1754 651 habet

104 684 174 741 dare
189 683 233 740 rel
247 685 432 753 commodare,
447 687 497 744 sed
511 695 615 744 matum
627 695 657 745 ut
672 688 812 756 recedant,
825 689 934 759 jubetur
946 690 1124 760 respondere,
1141 705 1175 745 ne
1189 704 1240 760 per
1254 688 1322 744 tales
1336 689 1396 745 dies
1410 696 1569 746 assuescant
1584 688 1751 762 inquietudi-

105 798 170 838 nem
182 790 209 839 et
222 783 374 841 molestiam
390 783 490 842 lacere.

779 853 978 912 CAPITULUII
993 856 1099 911 XLVII.

844 954 882 1008 Dc
917 953 1015 1008 isborc.

143 1050 230 1105 Pistor
244 1064 381 1105 annonem
395 1049 501 1121 recipit,
517 1049 611 1118 siccat,
626 1048 752 1115 custodit,
769 969 993 1119 ventilet,pmolit,
1008 1065 1093 1121 panes
1107 1050 1214 1107 conticit
1229 1058 1256 1108 et
1271 1052 1334 1108 dato
1349 1051 1483 1121 adjutorio
1498 1051 1599 1123 coquit,
1616 1058 1642 1106 et
1656 1050 1754 1123 coqui-

105 1146 187 1203 nario
201 1146 229 1203 in
244 1146 360 1218 pistrino
375 1147 471 1203 reddit.

754 1216 952 1274 CAPITULUII
965 1218 1085 1275 XLVIII.

850 1315 1005 1372 pecatore.

143 1431 224 1487 Sutor
238 1430 310 1488 coria
324 1437 408 1499 tenet,
423 1429 527 1496 incidit,
543 1430 677 1486 sotulares
691 1429 754 1486 lacit
769 1444 801 1485 ac
817 1427 913 1485 reficit.

777 1570 976 1627 CAPITULUM
995 1570 1092 1626 XLIX.

720 1670 757 1726 Dc
769 1670 921 1742 preposito
934 1668 1130 1739 agriculture.

144 1784 197 1854 Qui
221 1794 321 1858 praest
344 1786 527 1859 agricultura,
551 1785 674 1861 grangias
696 1792 723 1842 et
745 1785 839 1852 boum,
873 1791 901 1840 et
930 1789 1099 1852 cunctomm,
1132 1798 1192 1854 quae
1220 1781 1253 1836 ad
1288 1781 1362 1838 illam
1394 1780 1531 1853 pertinent
1564 1782 1757 1857 obedientiam,

108 1883 280 1958 diligentiam
293 1886 385 1943 habet.
817 1951 1017 2010 Cfflqgggqq
1032 1953 1052 2008 1,

746 2054 785 2111 Ile
803 2051 939 2122 magistro
960 2052 1120 2123 pastorum.

145 2173 174 2223 l.
195 2169 333 2223 Pastorum
347 2167 480 2239 magister
494 2173 605 2224 cunctas
619 2166 693 2223 illius
707 2167 871 2225 obedientia
883 2180 930 2221 res
953 2171 979 2220 et
1001 2162 1183 2220 Instrumenta
1209 2162 1335 2220 custodit.
1357 2163 1393 2219 Et
1414 2164 1540 2231 emendo,
1565 2173 1592 2221 et
1614 2166 1759 2225 vendendo

109 2266 144 2321 ad
159 2281 237 2321 suum
255 2265 417 2336 pertinentia
438 2264 629 2332 ministerium,
659 2281 722 2322 cum
746 2263 883 2323 extraneis
904 2260 1097 2318 commercium
1120 2260 1193 2316 lacit.
1219 2261 1259 2316 Ile
1285 2260 1369 2316 rebus
1392 2260 1452 2316 aliis
1475 2260 1610 2319 tabulandi
1635 2278 1696 2321 cum
1720 2266 1760 2323 eis

107 2361 246 2419 licentiam
256 2378 311 2417 non
327 2363 418 2419 habet.
435 2361 483 2418 Cui
497 2361 609 2435 negotio
622 2361 665 2419 vel
680 2363 781 2433 verbis,
798 2361 944 2426 sociorum,
961 2357 1014 2413 nisi
1029 2370 1110 2428 quem
1125 2354 1310 2426 advocaverit,
1336 2357 1426 2412 nullus
1440 2372 1470 2413 se
1493 2357 1679 2416 intermiscent
1702 2360 1755 2434 [nl.

108 2445 298 2534 intermiscetl.

143 2559 172 2613 a.
186 2558 247 2629 lpse
266 2572 333 2614 vcro
359 2556 524 2626 juramenta,
546 2555 697 2627 mendacis,
722 2555 833 2613 fraudes
848 2563 874 2612 et
899 2562 998 2623 cratere
1029 2568 1090 2626 quae
1114 2552 1213 2609 talibus
1243 2553 1376 2610 interesse
1408 2555 1496 2613 solent
1517 2557 1644 2630 negotiis,
1672 2558 1759 2616 vitare

108 2651 267 2722 precipitur
280 2651 362 2719 mala,
379 2651 629 2725 sempitememque
643 2651 741 2709 aalma
762 2668 817 2709 suae
840 2652 955 2708 salntem
977 2649 1171 2721 temporalibus
1193 2649 1277 2705 rebus
1299 2659 1326 2707 et
1352 2654 1504 2717 commodis
1526 2652 1674 2711 anteferre.
1698 2655 1760 2728 lpse

108 2743 190 2801 elbam
206 2753 232 2801 et
243 2745 309 2802 socii
325 2747 383 2816 ejus
397 2747 541 2819 grangiam
556 2761 656 2818 magna
667 2757 785 2819 exparte
800 2747 965 2805 custodiunt.
981 2747 1086 2803 Domus
1097 2746 1125 2802 in
1136 2763 1188 2819 qua
1197 2746 1263 2802 liunt
1277 2748 1361 2817 casei,
1376 2765 1459 2822 quam
1477 2766 1605 2808 vocamus
1619 2750 1757 2822 arcellam,

108 2841 144 2897 ad
158 2857 254 2898 eorum
268 2843 377 2914 proprie
392 2858 486 2899 curem
499 2842 649 2914 pertinens,
664 2844 733 2901 sicut
745 2845 833 2917 aliqua
849 2845 883 2901 de
898 2844 974 2901 cailla
989 2845 1124 2902 servanda
1134 2845 1300 2917 precipitur.
1316 2846 1490 2905 Generaliter
1502 2859 1593 2905 autem
1606 2850 1635 2905 in
1648 2850 1760 2907 alterius

109 2937 309 2994 cellamnullus
330 2938 382 2994 nbi
403 2939 497 3009 iussus
519 2939 678 3012 ingreditur.
700 2941 768 2996 Cum
787 2941 821 2996 ad
841 2941 1019 2998 hiemandum
1041 2941 1116 2999 foras
1148 2950 1257 3009 exeunt,
1290 2941 1423 3000 nibi1vel
1455 2932 1580 3017 accipere
1616 2948 1660 3003 vel
1692 2947 1760 3005 dare

107 3043 275 3107 preceptum
290 3035 400 3091 habent.
417 3037 536 3107 Apuero
549 3035 719 3093 mercenario
734 3037 780 3109 qui
795 3047 837 3094 est
851 3053 912 3094 cum
927 3037 968 3094 eis
982 3038 1016 3094 ad
1030 3037 1216 3094 molendinum
1224 3038 1287 3105 itur,
1303 3039 1382 3110 panis
1392 3041 1527 3111 coquitur,
1544 3041 1636 3098 riuum
1651 3043 1758 3109 emitur,

107 3144 144 3186 ne
154 3131 216 3203 ipsi,
233 3142 305 3204 quon
319 3131 504 3204 periculosum
523 3139 574 3197 est,
591 3132 626 3187 ad
642 3132 731 3199 villas,
746 3117 913 3206 inquantum
934 3133 1014 3191 vitari
1028 3142 1128 3205 potest,
1152 3134 1193 3190 ire
1217 3143 1374 3204 cogantur..
1387 3136 1476 3192 Tertia
1502 3137 1570 3193 leria
1592 3146 1620 3194 et
1640 3139 1760 3196 sabbato

108 3227 181 3290 ultra
211 3244 383 3286 communem
412 3227 527 3284 lratmm
558 3244 661 3285 morem
686 3229 778 3286 vinum
802 3231 911 3298 habent,
931 3230 972 3286 Ea
996 3245 1105 3302 quoque
1135 3229 1181 3284 die
1203 3244 1258 3301 qua
1279 3229 1369 3287 locum
1388 3240 1500 3300 mutant,
1525 3233 1587 3306 quia
1608 3234 1686 3290 cibos
1707 3235 1759 3292 sibi

107 3342 263 3404 preparare
278 3341 332 3381 nou
347 3332 471 3397 possunt,
483 3323 572 3380 riuum
589 3320 734 3397 accipiunt.
751 3326 815 3382 Haec
829 3333 920 3382 autem
933 3325 1123 3383 misericordia
1137 3333 1250 3398 propter
1273 3327 1416 3383 continuos
1437 3328 1546 3386 labores
1559 3338 1586 3386 et
1600 3331 1685 3388 multa
1698 3348 1758 3406 quse

106 3427 147 3484 ibi
159 3425 296 3499 patiuntur
309 3421 493 3488 incommoda,
510 3421 550 3479 eis
565 3420 737 3494 impenditur.

788 3518 1077 3578 COMMENTARIUS.

145 3640 227 3695 Num.
239 3638 265 3692 l.
283 3635 504 3693 Advenientibus
517 3635 551 3693 de
564 3636 632 3692 cillo
646 3635 789 3707 proximo,
806 3642 858 3691 etc.
876 3635 943 3697 ldtt
957 3634 1016 3708 agri
1031 3634 1069 3690 illi
1082 3650 1196 3691 avenam
1210 3642 1315 3690 tantum
1333 3635 1430 3703 lemni,
1458 3644 1484 3692 et
1508 3637 1657 3711 aliquando
1679 3639 1758 3697 laras

107 3734 155 3784 est
165 3725 201 3782 de
215 3740 288 3799 pago
301 3724 461 3789 Carthasim,
486 3723 555 3779 inter
575 3738 659 3795 rupes
683 3723 834 3780 Carthasim
858 3723 909 3778 sito
960 3730 987 3780 et
1000 3722 1109 3791 similia,
1125 3723 1245 3780 triticum
1259 3740 1325 3781 vero
1341 3740 1489 3797 nunquam.

109 3830 207 3871 versus
221 3811 449 3883 Gratianopolim,
474 3811 520 3883 qui
541 3810 624 3867 hodie
646 3810 756 3867 nomine
771 3810 909 3882 parochiis
995 3811 1061 3867 Car.
1076 3813 1106 3866 L.
1123 3843 1157 3854 -
1172 3813 1203 3867 ln
1218 3813 1277 3868 istis
1293 3822 1406 3885 apparet
1421 3815 1605 3872 oeconomieus
1619 3816 1718 3888 agendi
1731 3823 1759 3873 et

109 3900 261 3959 carthusiae
276 3907 398 3966 vocatur,
415 3898 449 3954 ad
464 3898 665 3956 distinctionem
679 3899 777 3955 domus
792 3899 909 3955 Cartha·
959 3916 1005 3955 res
1026 3899 1189 3971 disponendi
1221 3901 1329 3970 modus,
1355 3902 1481 3973 queruli
1504 3903 1533 3958 P.
1557 3903 1646 3976 Gulgo
1670 3904 1758 3960 etsui
1856 3954 1862 3962 .

108 3990 168 4046 sira.
201 3990 258 4045 lloc
287 3987 431 4058 capitulum
457 3985 576 4042 retertur
598 3986 625 4042 in
653 3987 771 4059 aotIquis
804 3986 909 4042 statutis
959 3987 1177 4059 prodecessores
1191 3989 1393 4056 ordinaverant,
1409 3998 1437 4045 ut
1453 4006 1511 4046 rem
1526 3989 1684 4048 familiarem
1698 4009 1761 4065 pro·

108 4085 181 4151 part.
199 4092 239 4146 ιιι,
256 4091 317 4147 cap.
334 4078 378 4144 ll,
394 4091 442 4131 nn.
459 4078 485 4142 l,
501 4078 529 4141 2,
542 4076 558 4129 l
573 4082 599 4130 et
613 4078 639 4130 b.
959 4084 1102 4133 moverent
1117 4087 1171 4133 eta
1187 4077 1383 4150 disperditione
1399 4087 1550 4147 servarent,
1574 4090 1680 4138 serrato
1696 4081 1761 4138 reli·

145 4166 212 4222 (ιιι.
227 4164 335 4219 XLVII.
346 4192 380 4203 -
393 4163 451 4219 lloc
473 4162 621 4233 capitulum
645 4163 759 4218 relatum
782 4162 868 4218 habes
882 4162 910 4217 in
958 4164 1038 4236 gioso
1052 4173 1079 4221 et
1096 4165 1207 4222 innoxio
1229 4166 1329 4239 agendi
1343 4167 1435 4232 modo,
1452 4167 1497 4239 qui
1520 4167 1565 4224 hic
1583 4168 1757 4236 describitur,

112 4253 232 4325 antiquis
246 4251 352 4307 statutis
363 4259 435 4323 part.
451 4266 492 4318 ιιι,
507 4266 568 4321 cap.
596 4254 639 4319 ta,
655 4267 683 4306 n.
699 4254 726 4306 t.
743 4251 805 4306 Istis
820 4259 910 4306 autem
959 4260 1028 4309 etex
1044 4253 1224 4324 simplicitatis
1239 4252 1370 4327 fragranti
1389 4254 1472 4312 odore
1495 4255 1601 4326 piomm
1623 4257 1758 4314 lectorum

110 4341 296 4414 singularibus
309 4338 408 4395 ollioiis
423 4354 574 4395 conversus
593 4339 782 4410 deputabatur,
799 4339 846 4411 qui
859 4355 910 4409 per
960 4339 1066 4396 animos
1082 4356 1135 4397 uon
1151 4341 1258 4398 modice
1278 4341 1412 4397 recreabit
1655 4402 1666 4415 ,

110 4446 141 4486 ae
155 4445 225 4501 opus
239 4427 404 4499 complebat,
419 4426 482 4482 dato
496 4433 587 4482 tamen
609 4426 659 4481 sibi
683 4426 827 4497 adjutorio,
848 4441 909 4482 cum
995 4428 1077 4483 Num.
1089 4432 1114 4483 I.
1128 4428 1196 4485 Cam
1206 4432 1560 4488 extraneiscommcrciam
1570 4434 1652 4505 facit.
1663 4436 1701 4491 be
1711 4451 1759 4492 rc-

111 4518 187 4575 solus
205 4533 288 4587 opera
298 4514 432 4587 perficere
446 4531 501 4570 non
515 4522 633 4586 poterat.
960 4515 1010 4571 bats
1024 4516 1090 4573 aliis
1105 4517 1264 4589 fabulandi,
1276 4525 1328 4573 ιιι.
1345 4515 1433 4587 Quam
1447 4518 1589 4590 pulchrum
1600 4530 1673 4578 esset
1688 4539 1759 4579 nuuc

147 4606 214 4661 Cae.
225 4604 345 4660 XLVIII.
356 4634 390 4644 -
401 4604 453 4658 Per
460 4603 720 4676 sotularesintellige
731 4602 849 4660 calceos.
861 4603 910 4659 llis
960 4603 1054 4660 videre
1069 4606 1137 4661 tales
1152 4613 1327 4674 mercatores,
1339 4605 1386 4678 qui
1395 4607 1475 4662 etlam
1485 4607 1513 4662 in
1528 4624 1578 4664 suo
1593 4609 1758 4668 commercio

110 4691 459 4750 verbisutebaturviralies
470 4691 791 4763 eruditissimusquiaex
803 4690 907 4764 vulgari
960 4693 1082 4750 averbis
1096 4695 1131 4750 ad
1146 4710 1203 4750 rem
1213 4709 1269 4750 non
1282 4695 1481 4765 pertinentibus
1495 4696 1675 4753 abstinebant.

109 4799 162 4837 usu
177 4780 331 4836 introducta
346 4787 433 4844 crant,
450 4787 476 4834 et
500 4777 604 4835 Gallico
629 4778 751 4835 idiomati
766 4778 908 4846 similiora,
995 4782 1076 4836 Num.
1092 4785 1119 4839 2.
1136 4785 1198 4855 lpse
1212 4798 1275 4840 vero
1285 4785 1454 4855 juramenta
1468 4786 1592 4841 etmcnd
1601 4788 1674 4852 ocio,
1690 4793 1755 4855 ete,

110 4869 165 4925 illis
180 4868 347 4939 temporibus
370 4866 477 4922 facilius
501 4865 733 4938 intelligebantur.
756 4868 813 4923 Nec
828 4883 909 4924 vere·
959 4870 1518 4942 qutatalibasintcrcrscsolentacqotibs,
1531 4873 1759 4946 etelicooquam

111 4959 191 5014 batur
206 4958 240 5012 de
253 4963 380 5027 corrupta
395 4954 524 5010 latinitate
547 4954 636 5027 argui,
653 4955 721 5011 sicut
735 4970 787 5012 nec
802 4956 835 5012 de
851 4971 944 5049 ser-B
960 4958 1067 5013 sincere
1081 4957 1109 5013 iu
1123 4958 1180 5013 suis
1194 4957 1312 5014 innoxiis
1335 4959 1507 5016 commerciis
1526 4969 1635 5016 nostros
1659 4961 1760 5018 vellent

109 5047 200 5103 monis
215 5044 350 5117 elegantia
365 5043 490 5115 cupiebat
509 5042 627 5098 laudari.
959 5062 1051 5120 agere,
1068 5053 1126 5102 ete
1145 5047 1318 5104 serculeribus
1342 5047 1443 5121 agendi
1466 5055 1492 5104 et
1515 5047 1645 5121 loquendi
1670 5051 1759 5106 modis

147 5135 223 5190 idem
273 5130 389 5189 refertur
422 5131 450 5186 in
477 5131 597 5205 antiquis
625 5131 731 5188 statutis
762 5140 833 5204 part.
865 5148 906 5204 ιιι,
961 5134 1072 5190 omnino
1086 5134 1231 5191 abstinere.

109 5237 172 5293 cap.
190 5225 232 5276 13.
995 5222 1063 5279 lbid.
1082 5223 1149 5280 Cum
1164 5224 1200 5280 od
1215 5223 1400 5281 biemandum
1409 5226 1486 5296 soror
1497 5230 1616 5291 cocunt,
1633 5226 1708 5282 citit
1716 5229 1760 5283 cel

146 5310 213 5365 Can.
237 5308 336 5363 XLIX.
352 5339 385 5347 -
410 5307 580 5381 Agricultura
603 5309 651 5365 ille
679 5310 854 5367 exercebatur
880 5309 909 5366 ia
962 5313 1099 5382 accipere,
1115 5319 1168 5368 etc.
1184 5312 1234 5369 llic
1249 5311 1511 5385 evidenterapparat
1528 5314 1666 5386 quodiam
1681 5330 1760 5385 supra

109 5398 171 5455 loco
201 5397 247 5469 qui
272 5404 385 5451 vocatur
410 5398 645 5464 Clrortroarscttc‚
667 5398 711 5453 ubi
744 5398 833 5455 adhoc
856 5406 908 5455 stat
962 5400 1101 5474 attigimus
1116 5416 1176 5472 cap.
1195 5403 1238 5456 tt.
1255 5400 1340 5456 Foras
1365 5401 1483 5472 exibant,
1500 5402 1593 5467 idest,
1610 5409 1760 5459 extrater-

109 5485 228 5559 grangia
243 5484 335 5552 boum,
346 5492 425 5556 atque
435 5484 516 5539 etiam
527 5485 554 5539 ln
565 5485 664 5540 montis
675 5486 838 5553 declivitate,
848 5503 909 5559 quae
962 5488 1050 5544 miuos
1064 5489 1149 5545 eremi
1164 5497 1191 5544 et
1202 5503 1304 5559 pecora
1318 5488 1352 5544 ad
1368 5489 1485 5545 hemam
1509 5489 1712 5562 transigendam
1726 5493 1761 5548 ad

109 5573 269 5639 scorreria
282 5588 367 5651 usque
390 5571 424 5627 ad
445 5571 632 5630 molendinum
652 5573 834 5647 protenditur.
854 5573 908 5632 Scd
962 5575 1049 5636 vicina
1063 5577 1126 5635 loca
1140 5576 1320 5634 deducebant.
1338 5578 1377 5634 ltu
1401 5576 1583 5650 prohibitione
1602 5584 1695 5636 ιιιιιιιι
1708 5579 1761 5642 ali.
