3742 5986
74 180 133 236 art
344 175 536 236 Expostulo
562 177 602 236 IN
628 174 820 235 EPISTOLAS
847 173 959 235 eluat.
985 206 1020 220 -
1043 176 1082 234 lN
1106 175 1219 234 aelst.
1250 176 1341 234 llllb
1367 175 1450 235 COR.
1671 176 1726 235 278

76 293 215 371 hiionar,
227 302 256 359 id
271 310 312 360 est
334 302 443 360 inuidia
459 301 544 376 (quud
561 302 631 358 alter
658 302 737 359 alteri
751 301 915 373 invidet),A
931 323 943 352 ι
960 302 998 369 ni,
1015 302 1136 374 idipsum
1150 303 1247 375 sapite.
1264 303 1364 359 Pacem
1385 303 1491 370 habete,
1509 309 1535 358 ει
1549 302 1622 358 Deus
1649 298 1726 372 pacis

77 390 226 449 dumento
240 391 432 464 baptizatoris;
448 407 518 448 neve
533 391 587 447 sint
603 391 732 448 intervos
746 391 879 447 animosi·
931 399 987 446 «et
1003 391 1157 448 dilectionis
1176 392 1227 448 crit
1240 391 1392 448 uobiscum.
1423 390 1543 446 Salutate
1565 389 1682 446 invicem
1697 387 1726 443 in

78 484 171 551 tutes,
186 480 260 552 quud
274 480 343 536 altar
367 480 483 536 altemm
512 481 629 553 cogebat
657 495 743 555 agere
767 495 880 536 causam
931 480 1054 535 «osculo
1069 488 1174 536 sancto.
1191 480 1313 536 Salutaut
1332 496 1381 535 vos
1408 495 1504 536 omnes
1518 478 1606 534 sancti
1633 476 1726 534 Gratia

77 582 175 625 coram
188 567 342 625 infidelibus
353 569 509 640 judicibus;
530 584 599 626 neve
614 568 677 624 ideo
692 568 746 623 sint
766 568 879 624 dissen—
934 589 944 614 u
962 567 1072 623 Domini
1103 568 1188 623 nostri
1216 569 1281 623 lesu
1306 567 1417 634 Christi,
1434 576 1461 624 at
1481 566 1600 624 charitas
1623 564 1683 631 Dei,
1700 571 1727 620 ct

77 658 194 726 nuncu
210 664 358 730 propterea
371 657 445 714 euim
466 656 603 715 discordia
631 663 691 713 erat
704 656 775 712 iuter
788 672 837 712 eus
853 663 880 712 ει
931 655 1171 712 «communicatio
1191 656 1277 713 sancti
1302 656 1419 728 Spiritus
1446 657 1481 712 sit
1508 672 1570 713 cum
1599 653 1726 712 omuibus

77 743 192 813 odium;
207 760 277 801 neve
292 744 346 801 sint
368 745 574 812 detractiones,
591 745 664 817 quod
678 744 749 801 bona
762 743 880 815 proximi
932 767 944 793 ι
961 745 1039 801 uobis
1055 746 1175 800 Amen.»

76 849 141 906 quae
156 841 219 889 aunt
232 833 411 904 detrahendo,
426 832 501 889 mdo
515 849 576 906 quae
590 847 646 889 uun
673 839 737 889 sunt
753 832 879 905 impona-

79 921 116 977 tis
129 941 137 990 ;
150 937 220 979 nere
229 921 282 978 siut
291 923 516 989 susurrationes,
528 921 555 976 id
566 929 608 977 εει
617 921 730 978 onultae
741 921 880 992 proximu·
1222 951 1382 993 mogum,

77 1026 141 1066 rura
155 1010 385 1082 depravationes;
401 1025 472 1066 neve
491 1009 545 1065 siut
560 1011 734 1080 inttottones,
751 1008 779 1065 id
789 1016 830 1065 εει
845 1023 881 1064 ne

76 1099 126 1155 bic
139 1098 188 1171 qui
201 1098 297 1156 oculus
312 1106 354 1155 est
367 1098 395 1154 ia
409 1097 549 1166 Ecclesia,
567 1105 677 1170 spernat
691 1114 752 1154 eum
769 1097 815 1170 qui
829 1113 879 1169 pes
966 1095 1091 1152 Ostendit
1099 1096 1162 1169 quid
1168 1096 1342 1168 intelligeret,
1353 1096 1447 1153 dicens
1460 1112 1466 1151 ε
1478 1111 1537 1153 non
1547 1098 1643 1171 quotes
1654 1097 1725 1154 uoto.

79 1193 132 1254 est,
149 1203 185 1244 ne
200 1186 268 1244 lone
286 1202 338 1259 pro
351 1187 403 1243 bac
424 1186 562 1243 inflatione
579 1187 632 1242 siut
645 1186 716 1243 inter
744 1202 793 1242 vos
807 1186 880 1242 sadi·
929 1186 1009 1240 Nunc
1024 1185 1143 1240 ostendit
1157 1185 1230 1257 quod
1245 1185 1373 1241 dicebat:
1390 1186 1522 1242 Inventor·
1536 1203 1553 1241 o
1567 1187 1641 1242 uobis
1655 1203 1726 1258 quao-

79 1276 184 1342 tioncs,
200 1283 230 1330 ut
244 1275 313 1331 alter
327 1274 442 1332 altarum
458 1275 620 1331 verberibus
647 1281 795 1345 praesumat
809 1273 880 1329 alili-
931 1274 987 1330 tem
1001 1289 1059 1330 non
1074 1274 1172 1329 uultis.
1189 1273 1289 1328 littera
1303 1280 1394 1329 tamen
1408 1273 1446 1328 ibi
1458 1273 1591 1346 jungitur.
1607 1274 1645 1330 Nc
1660 1290 1726 1330 cum

79 1377 160 1434 gare.
177 1362 277 1419 Cavete
289 1363 349 1420 haeo
375 1378 430 1419 uun
458 1362 512 1417 aiut
529 1363 606 1418 inter
632 1377 700 1430 vos;
722 1378 758 1418 ne
773 1364 880 1418 iterum
930 1376 1040 1427 venero,
1058 1368 1110 1417 etc.
1122 1361 1250 1417 Dicerent
1261 1360 1297 1416 illi
1316 1376 1322 1416 :
1338 1363 1378 1417 Τιι
1388 1378 1422 1417 ue
1433 1369 1562 1418 venturus
1577 1362 1632 1417 est
1646 1363 1725 1429 Ecce,

78 1465 148 1506 cum
163 1466 273 1517 uenero,
287 1450 573 1517 iterumliumtliet,id
583 1457 625 1505 εει
636 1449 737 1522 affligat
747 1466 792 1505 me
808 1451 880 1506 Deus
930 1450 968 1506 ait
983 1449 1090 1515 Paulus,
1108 1450 1204 1516 tertio,
1221 1450 1274 1506 hoo
1288 1457 1422 1520 apparatu
1446 1466 1501 1506 non
1525 1450 1586 1506 dico
1600 1449 1726 1519 veniam3

78 1539 159 1611 opud
172 1556 229 1606 voa,
245 1538 269 1594 si
296 1539 468 1596 incorrectos
494 1539 633 1594 invenero.
663 1538 779 1607 Quando
792 1538 881 1610 prima
931 1539 980 1594 aad
993 1539 1050 1608 jum
1066 1540 1149 1595 uenio
1164 1539 1200 1594 ad
1215 1555 1270 1594 uos.
1286 1538 1345 1595 Nec
1359 1554 1421 1595 cum
1435 1554 1547 1607 venero,
1562 1538 1647 1610 patiar
1661 1554 1725 1606 vos;

79 1626 143 1683 rice
172 1625 246 1683 venit
261 1642 269 1682 t
283 1643 433 1700 omnesque
461 1625 584 1682 infideles
609 1627 730 1698 reperit;
751 1626 916 1715 humilia-B
930 1627 979 1683 sed
994 1626 1092 1693 stabit,
1104 1626 1132 1682 id
1146 1634 1188 1682 est
1203 1633 1276 1682 stare
1287 1627 1434 1697 oportebit,
1447 1643 1529 1683 omne
1542 1627 1667 1697 verbum,
1678 1643 1728 1683 seu

77 1721 126 1770 tus
138 1715 249 1787 qmdem
267 1715 390 1788 estupud
406 1731 470 1781 eos,
483 1723 509 1771 et
525 1714 636 1771 afflictus
661 1715 778 1770 diuersis
792 1729 880 1770 vexa·
930 1728 1024 1771 eurum
1040 1714 1087 1787 qui
1110 1721 1248 1781 accusant,
1266 1731 1314 1769 seu
1330 1715 1374 1787 qui
1391 1713 1549 1771 defenduut.
1573 1715 1650 1772 Stare
1664 1731 1728 1773 ver·

78 1803 223 1869 tionibus;
238 1805 288 1860 sed
309 1819 383 1860 nuuc
406 1803 525 1859 deterius
546 1803 745 1872 humiliabitur,
759 1803 782 1857 si
811 1819 880 1875 quos
930 1803 994 1859 bum
1009 1803 1116 1873 dicitnr,
1134 1818 1306 1859 cumrerum
1322 1819 1383 1858 esse
1397 1804 1541 1874 probatur.
1557 1803 1725 1874 Stabitdiuo,

80 1889 181 1946 fideles
208 1891 281 1959 iecit,
298 1899 483 1964 apostatantes
507 1891 596 1947 adbuc
624 1891 766 1963 repererit.
782 1890 880 1946 Humi-
930 1893 961 1947 in
976 1907 1023 1948 ore
1038 1892 1214 1964 quorumluct
1229 1893 1328 1961 trium,
1339 1907 1391 1947 nec
1402 1891 1583 1963 quarumlibet
1596 1906 1727 1963 persona·

78 1977 129 2034 liet
152 1995 197 2035 me
211 1981 295 2050 Deus,
311 1982 461 2053 etlupeom
476 1981 602 2047 muttoa,·
616 1979 640 2034 si
654 1979 878 2047 euimtressunt,
930 1996 999 2046 rum,
1016 1979 1065 2035 sed
1082 1981 1208 2046 testium,
1228 1979 1255 2034 id
1271 1987 1312 2036 est
1326 1995 1422 2034 uorum
1443 1979 1488 2051 qui
1512 1979 1603 2036 idonei
1618 1988 1679 2035 sunt
1694 1980 1727 2036 ad

80 2066 161 2123 multi
176 2067 312 2124 ridentur.
336 2068 435 2125 Multos
449 2069 522 2136 dico,
537 2085 575 2125 ex
589 2068 632 2127 bia
647 2068 695 2141 qui
723 2071 792 2125 ante
806 2068 881 2139 prius
930 2066 1139 2123 testificandum.
1163 2068 1290 2123 Dicercnt
1306 2066 1344 2122 illi
1361 2085 1368 2122 :
1385 2068 1518 2123 llinitaris
1531 2075 1557 2124 te
1571 2076 1726 2135 venturum,

81 2155 199 2213 missam
222 2155 394 2228 Epistulam,
435 2160 647 2229 peecaverunt;
686 2161 715 2212 et
750 2156 881 2212 admoniti
931 2156 979 2212 sed
995 2172 1056 2212 cum
1072 2155 1189 2222 veneris,
1207 2156 1272 2228 quid
1300 2156 1407 2212 lacios?
1423 2156 1524 2213 Contra
1537 2157 1589 2212 hoc
1603 2156 1727 2213 Paulus:

83 2260 137 2316 per
165 2244 343 2316 Epistulam,
382 2261 440 2300 non
469 2249 588 2317 eperunt
621 2246 818 2318 paenitentiam
847 2244 881 2300 de
930 2244 1044 2300 Veniam
1058 2244 1152 2316 utique
1169 2253 1195 2300 ει
1211 2259 1265 2300 non
1281 2260 1402 2316 parcam,
1419 2247 1485 2318 quin
1504 2244 1629 2318 praedixi
1642 2245 1726 2312 uobis,

80 2332 222 2405 predictis
237 2332 328 2388 malis.
340 2332 428 2388 Etiam
440 2348 532 2404 super,
542 2332 569 2387 id
584 2341 625 2388 εει
637 2333 670 2389 de
683 2333 879 2399 immunditia,
931 2348 993 2389 cum
1008 2348 1097 2389 essem
1115 2349 1251 2405 proeaena,
1269 2349 1313 2389 me
1328 2349 1383 2389 nun
1411 2333 1578 2405 parcitumm
1601 2332 1726 2403 ulterius,

81 2437 146 2478 cum
162 2436 242 2477 omne
257 2421 349 2477 carnis
363 2427 508 2492 peccatum
523 2419 695 2475 immunditia
709 2418 763 2476 dici
774 2420 880 2491 pussit3
931 2429 957 2476 et
972 2421 1044 2477 idem
1073 2436 1145 2478 nuuc
1167 2422 1269 2477 absens
1290 2420 1413 2495 predico
1436 2437 1486 2493 per
1509 2421 1668 2494 Epistulam,
1694 2426 1729 2479 ut

81 2597 152 2654 stice
179 2604 258 2654 rucat
271 2596 479 2652 immunditiam.
494 2597 551 2653 Neu
566 2597 600 2653 de
614 2597 813 2669 fornicatione,
830 2612 882 2654 nec
931 2599 991 2652 cum
1006 2598 1133 2670 agebam.
1151 2597 1282 2667 Praedico,
1304 2597 1426 2670 inquam,
1444 2599 1489 2655 bis
1503 2600 1550 2670 qui
1567 2602 1635 2654 unta
1650 2598 1728 2669 prius

80 2686 276 2758 impudicitia,
288 2702 372 2759 mum
387 2689 546 2757 penserunt,
558 2685 585 2740 id
601 2692 642 2741 est
653 2701 733 2757 quam
747 2684 776 2740 iu
789 2692 880 2757 gestu,
931 2686 1044 2740 missam
1059 2686 1210 2757 Epistulam
1229 2689 1433 2759 peccaverunt,
1446 2702 1496 2743 uec
1511 2687 1598 2743 adbuc
1611 2685 1729 2744 correcti

80 2781 110 2830 ει
122 2773 237 2831 assiduo
246 2790 297 2830 asu
306 2774 471 2840 habueruut,
483 2773 669 2844 poenitentiam
681 2779 805 2846 egerunt.
816 2773 882 2829 For·
931 2781 1003 2842 sunt,
1021 2781 1047 2829 ει
1062 2775 1167 2830 caeteris
1183 2775 1310 2830 omnibus
1325 2775 1479 2848 quicunque
1493 2774 1521 2829 in
1534 2783 1676 2847 peccatum
1688 2773 1729 2831 la·

80 2861 247 2918 nicationem
262 2870 343 2919 uocat
357 2878 412 2919 uon
425 2862 487 2935 lege
502 2861 638 2934 conjugali
661 2869 772 2933 tangere
790 2861 883 2918 mulie·
931 2863 1042 2929 buntur,
1057 2863 1111 2920 boo
1126 2862 1220 2935 utique
1243 2862 1363 2934 praedico
1378 2864 1528 2936 quonium,
1545 2863 1572 2919 id
1600 2863 1729 2937 estquod

82 2967 156 3008 rem.
171 2951 370 3023 impudicitiam
392 2957 472 3008 vocat
490 2950 655 3022 impudicum
666 2949 797 3007 habitum.
814 2949 882 3006 Cum
930 2951 1185 3008 nueneroiterum
1196 2951 1603 3024 (sicutdispuuu)nunpnreom
1617 2951 1726 3018 iterum,

81 3055 173 3096 uxore
187 3039 261 3095 euim
274 3039 321 3112 qui
336 3055 366 3095 se
380 3039 594 3110 intemperanter
620 3039 712 3107 babet,
728 3010 916 3111 impudicusO
932 3039 1000 3095 sicut
1013 3039 1088 3111 prius
1103 3040 1223 3111 peperci,
1239 3055 1300 3096 uum
1315 3056 1349 3095 ex
1371 3040 1527 3113 ignorantia
1553 3039 1728 3111 peccavisse·

82 3136 137 3186 est.
931 3126 974 3182 tis.
998 3127 1126 3183 Dicarent
1141 3131 1237 3183 itemm
1264 3127 1303 3182 illi
1320 3126 1478 3200 :Quidquid
1501 3128 1583 3184 modo
1597 3128 1726 3199 minetur,

371 3197 484 3254 CAPUT
508 3197 584 3253 Xffl·
931 3223 1031 3281 tamen,
1048 3231 1111 3272 cum
1127 3215 1249 3285 venerit,
1263 3215 1360 3271 leviter
1373 3215 1469 3287 poterit
1483 3215 1595 3287 placari.
1620 3217 1662 3273 ad
1676 3217 1729 3274 huc

120 3325 134 3358 ι
154 3305 227 3362 Εεεε
242 3303 322 3360 tertio
336 3304 389 3360 huc
403 3307 483 3360 venio
497 3302 532 3358 ad
547 3318 605 3374 vos,
623 3310 651 3359 et
666 3325 677 3350 ι
695 3302 724 3359 in
737 3318 786 3360 ore
809 3302 882 3359 duo·
931 3304 1032 3359 Paulus
1048 3320 1055 3358 ε
1071 3301 1151 3372 Quod
1166 3318 1221 3358 non
1238 3319 1364 3374 parcam,
1383 3304 1449 3360 satis
1462 3319 1517 3360 nou
1532 3304 1662 3374 creditis;
1678 3306 1728 3361 sed

86 3417 99 3442 ι
117 3409 180 3451 rum
196 3393 241 3449 rel
254 3392 334 3448 trium
348 3391 457 3449 testium
469 3390 549 3447 stabit
562 3406 643 3448 omne
657 3391 771 3448 uerbum
787 3391 879 3463 (Deut.
931 3408 970 3448 un
984 3391 1113 3464 queritis
1128 3407 1176 3447 ros
1190 3393 1421 3465 experimentum
1436 3394 1496 3464 ejus
1513 3393 1628 3460 Christi,
1643 3393 1672 3449 id
1687 3400 1730 3450 est

87 3500 100 3535 ι
114 3496 180 3548 xrx,
196 3481 255 3554 la).
277 3501 289 3533 ι
305 3480 418 3537 Praedixi
432 3479 543 3536 enimet
557 3479 686 3552 praedico,
702 3486 731 3534 ut
759 3494 882 3551 presens
931 3487 961 3535 ut
975 3479 1037 3535 ideo
1055 3480 1190 3536 maneatis
1214 3479 1374 3549 incorrecti,
1391 3489 1421 3536 ut
1447 3481 1597 3552 potentiam
1618 3480 1729 3538 ultionis

85 3592 97 3619 ι
116 3568 209 3639 vobis,
226 3577 252 3627 ει
265 3585 338 3625 nunc
352 3568 463 3635 absens,
477 3567 520 3624 his
531 3568 650 3641 quiante
662 3574 845 3640 peccaverunt
856 3574 882 3623 ει
932 3568 1030 3625 Christi
1045 3568 1239 3640 experiamini,
1257 3570 1305 3644 qui
1318 3569 1442 3625 Christus
1459 3570 1585 3642 loquitur
1606 3571 1638 3626 in
1663 3573 1728 3628 met

86 3681 98 3708 ι
117 3657 227 3716 cantens
247 3657 384 3725 omnibus,
400 3656 526 3728 quoniam
542 3656 565 3712 si
588 3671 689 3713 uenero
703 3655 811 3726 iterum,
827 3671 882 3711 nun
931 3657 993 3712 Non
1005 3656 1078 3718 enim
1093 3657 1151 3713 baec
1161 3672 1221 3729 quae
1232 3656 1330 3728 loquor
1344 3672 1361 3713 a
1374 3672 1419 3713 me
1434 3664 1507 3725 sunt,
1522 3658 1572 3713 aed
1583 3657 1726 3714 aCbristo.

85 3760 242 3820 «parcam
267 3747 310 3801 dn
335 3745 551 3816 experimentum
572 3745 691 3817 quaeritis
710 3744 779 3814 ejus,
795 3744 840 3816 qui
854 3743 883 3798 in
932 3744 1075 3800 salubrius
1089 3752 1140 3814 est,
1158 3753 1187 3800 ut
1202 3761 1251 3802 vua
1265 3746 1409 3819 corrigatis
1431 3760 1522 3818 quam,
1546 3746 1729 3819 dedignantes

86 3849 166 3892 ·me
179 3832 301 3907 loquitur
314 3833 459 3890 Christus?
475 3831 527 3903 Qui
545 3832 574 3887 in
592 3832 670 3889 uubis
684 3848 739 3889 uun
762 3830 883 3888 infirma·
933 3832 1052 3906 corrigi,
1072 3833 1189 3891 validam
1204 3849 1315 3890 manum
1338 3833 1448 3890 Domini
1474 3834 1659 3906 experiamini.
1677 3833 1731 3901 Qut

84 3946 98 3974 ι
118 3931 175 3990 tur,
191 3922 240 3979 sed
253 3929 352 3995 puteus
366 3928 408 3978 est
420 3922 449 3977 iu
470 3920 557 3977 robis.
573 3921 644 3976 Nam
658 3921 710 3978 atsi
736 3919 882 3977 crucifixus
933 3921 1057 3977 Christus
1072 3939 1130 3980 non
1146 3923 1314 3993 infirmatur
1327 3924 1405 3979 inter
1418 3938 1474 3988 uos,
1491 3921 1519 3977 id
1532 3929 1642 3979 estnon
1656 3920 1730 3978 iufir-

85 4035 98 4061 ι
118 4018 164 4068 εει
189 4027 224 4066 ex
251 4009 418 4085 infirmitate,
443 4009 492 4066 sed
519 4008 585 4065 vivit
611 4026 645 4065 ex
687 4008 786 4065 virtute
815 4008 877 4064 Dei.
932 4024 994 4064 mus
1008 4010 1131 4081 apparuit
1158 4011 1245 4077 uubis,
1272 4026 1327 4067 nun
1342 4011 1483 4082 operando
1511 4009 1657 4078 miracula3
1682 4010 1730 4068 sed

85 4120 98 4153 ι
116 4101 192 4157 Nam
206 4105 233 4154 et
247 4114 298 4155 nus
311 4096 410 4154 infirmi
434 4114 528 4153 sumus
554 4097 581 4152 iu
610 4097 667 4166 illo,
688 4096 737 4153 sed
761 4097 883 4153 vivemus
931 4102 1089 4171 potensest
1105 4099 1137 4154 in
1151 4099 1242 4165 uobis,
1259 4099 1287 4154 id
1302 4099 1473 4171 estpotentia
1487 4099 1545 4168 ejus
1559 4098 1730 4154 manifestata

87 4213 98 4239 ι
118 4203 185 4245 cum
199 4202 233 4243 eo
256 4203 290 4243 ex
303 4186 402 4242 virtute
416 4186 466 4242 Dei
481 4187 509 4242 in
523 4186 611 4242 vobis.
626 4186 813 4257 vosmetipsos
828 4194 884 4240 ten·
933 4192 975 4241 est
996 4186 1074 4241 vobis
1094 4202 1144 4258 per
1167 4187 1297 4243 miracula
1321 4203 1381 4260 quaa
1399 4187 1521 4243 Christus
1544 4193 1673 4258 operatus
1688 4193 1731 4242 est

86 4298 100 4329 r
117 4273 210 4332 tatesi
227 4274 293 4331 catis
308 4275 336 4330 in
351 4273 422 4341 tide;
437 4272 489 4345 ipsi
503 4289 553 4330 vus
567 4274 691 4345 probate.
714 4276 755 4329 An
770 4287 825 4329 nou
837 4288 883 4329 co·
933 4289 984 4343 per
998 4289 1049 4330 nos
1065 4274 1093 4329 in
1107 4274 1198 4332 medio
1213 4275 1307 4330 vestri.
1324 4276 1394 4331 Vere
1418 4275 1542 4331 Christus
1566 4281 1661 4346 potans
1676 4281 1728 4331 εει.

87 4385 97 4418 ι
118 4363 255 4437 gnoscitis
273 4363 454 4433 vosmetipsos
475 4362 539 4434 quia
551 4362 674 4418 Christus
697 4363 776 4418 lesus
790 4361 817 4417 iu
832 4366 919 4427 vo·1)
934 4361 1004 4419 Nom
1025 4366 1053 4418 ει
1069 4363 1094 4418 si
1108 4363 1226 4432 objicitis
1240 4363 1307 4418 mihi
1322 4379 1383 4419 eum
1399 4363 1426 4418 iu
1450 4379 1532 4420 cruce
1560 4363 1727 4431 damnatum,

86 4474 98 4505 ι
118 4452 164 4508 bia
178 4449 313 4508 eattNisi
325 4450 396 4507 torte
406 4451 516 4522 reprobi
532 4449 609 4505 estis,
619 4449 802 4521 Speroautem
811 4449 883 4522 quod
933 4449 1111 4521 impotentem
1121 4450 1291 4523 apparuisse,
1304 4451 1729 4523 fateorquidemcrucifinuaest,

85 4562 97 4594 ι
117 4538 288 4612 cognoscitis
301 4539 366 4611 qula
379 4554 430 4595 uua
444 4554 500 4594 non
517 4554 612 4594 sumus
630 4538 749 4609 reprobi.
767 4537 884 4593 Oramus
918 4537 984 4593 ‘sed
999 4554 1037 4595 cn
1064 4540 1247 4610 infirmitate,
1264 4540 1347 4596 idest
1369 4541 1519 4596 secundum
1547 4539 1730 4596 infirmitatem

88 4635 216 4686 sautem
236 4627 325 4684 Deum
343 4635 372 4682 ut
385 4627 452 4682 nihil
485 4626 551 4682 mali
578 4625 704 4694 lacialis3
721 4642 775 4683 nun
789 4634 818 4681 ut
834 4641 885 4682 nos
935 4626 1107 4684 mortalitatis
1137 4636 1163 4684 ει
1186 4628 1372 4700 passibilitatis
1393 4629 1514 4700 quamin
1541 4644 1625 4686 carne
1639 4635 1730 4684 nostru

87 4740 100 4770 ι
118 4715 230 4790 probati
244 4731 400 4788 parcamus,
417 4716 467 4771 sed
481 4721 509 4770 ιιι
519 4730 569 4770 vos
583 4714 656 4787 quod
666 4714 767 4770 bonum
782 4723 833 4782 est,
845 4714 885 4770 la·
935 4716 1085 4786 assumpsit
1097 4736 1104 4784 ;
1121 4717 1171 4773 sed
1185 4717 1247 4773 licet
1261 4718 1298 4772 ita
1313 4715 1455 4773 cmcifixus
1478 4717 1521 4786 sit,
1540 4720 1636 4772 tomen
1650 4716 1730 4785 uiuit,

86 4804 207 4877 aciatis
231 4792 402 4860 Nos'autem
430 4811 459 4858 ιιι
479 4803 589 4874 reprobi
622 4803 716 4858 aimus.
740 4803 798 4858 Noa
813 4802 885 4858 enim
935 4801 963 4857 id
979 4812 1020 4859 est
1033 4805 1216 4875 potentialiter
1231 4805 1288 4876 agit
1301 4821 1338 4861 eo
1353 4806 1459 4862 uirtute
1469 4805 1527 4872 Dei,
1539 4803 1567 4859 id
1577 4811 1619 4860 est
1629 4818 1731 4860 secun-

88 4908 271 4967 .possumua
285 4891 389 4964 aliquid
399 4891 533 4948 adversus
547 4891 699 4958 veritatem,
715 4891 765 4946 sed
774 4907 825 4962 pro
839 4907 887 4948 ue-
935 4890 1000 4946 dum
1024 4892 1162 4960 deitatem,
1178 4893 1254 4962 cujus
1276 4893 1363 4949 virtus
1384 4892 1417 4947 ab
1432 4908 1465 4948 eo
1494 4907 1548 4948 nou
1564 4892 1687 4960 recessit,
1703 4899 1731 4948 ει

88 5003 102 5036 ι
120 4981 214 5038 ritate.
230 4980 389 5038 Gaudemus
411 4979 483 5036 enim
508 4979 635 5053 quoniam
649 4995 700 5035 nus
720 4978 821 5034 infirmi
837 4996 885 5035 su·
935 4978 964 5033 in
978 4996 1032 5051 quo
1052 4981 1141 5037 omnis
1156 4981 1285 5038 diviuitas
1299 4980 1475 5052 corporaliter
1484 4981 1624 5036 habitavit.

89 5092 102 5122 ι
121 5085 196 5136 mua,
210 5083 261 5125 ros
278 5074 370 5125 autem
397 5075 522 5139 putentes
536 5066 612 5124 estis.
642 5068 701 5123 lluo
725 5074 751 5122 ct
778 5083 888 5123 oramus
976 5068 1047 5125 Vere
1059 5070 1183 5126 Christus
1197 5070 1263 5126 vivit
1278 5086 1311 5125 ex
1320 5070 1418 5125 virtute
1428 5069 1478 5124 Dei
1490 5087 1497 5134 3
1509 5086 1578 5127 nom
1588 5069 1732 5142 norlonge

86 5180 101 5212 ι
120 5164 245 5216 vestram
260 5156 532 5215 consummationem.
548 5156 613 5212 ldeo
628 5155 700 5212 enim
714 5158 772 5213 baec
787 5157 887 5212 absens
936 5160 1081 5218 interiores
1096 5159 1143 5215 illo
1158 5157 1282 5214 vivemus
1297 5174 1330 5214 ex
1344 5157 1440 5214 uirtute
1453 5158 1513 5215 Dei.
1532 5158 1612 5229 Quod
1625 5158 1665 5214 sic
1684 5158 1731 5213 ait.

83 5270 97 5300 ι
119 5245 213 5304 scribo
223 5252 253 5301 ut
263 5260 447 5317 nunpraeseus
456 5244 551 5300 durius
561 5243 679 5301 201
693 5259 776 5317 mam
790 5260 888 5300 secuu-
936 5251 995 5306 Nos
1009 5247 1117 5319 quidem
1131 5247 1241 5317 infirmi
1255 5261 1353 5303 sumus
1375 5247 1408 5301 ia
1422 5247 1482 5312 ttto,
1493 5245 1521 5302 ld
1535 5255 1577 5302 est
1593 5246 1620 5300 in
1641 5243 1736 5300 simili·

86 5335 190 5390 ‹dum
216 5339 396 5404 potestatem,
422 5348 504 5405 quam
532 5331 664 5388 Dominus
687 5331 761 5387 dedit
790 5331 846 5407 {tihi
861 5330 889 5386 in
938 5337 1032 5394 tudine
1047 5335 1133 5402 illius,
1149 5342 1178 5390 ut
1202 5335 1433 5407 quemadmodum
1455 5333 1501 5391 ille
1524 5332 1676 5407 pronubis,
1693 5332 1736 5391 siu

90 5448 102 5473 ι
121 5420 348 5490 edificationem,
364 5429 390 5478 ει
405 5438 460 5478 non
475 5422 504 5476 in
517 5420 738 5478 destmctionem.
755 5422 795 5476 De
805 5428 888 5477 caete·
939 5433 966 5482 et
980 5440 1032 5480 nos
1046 5439 1097 5496 pro
1107 5439 1140 5479 εο
1154 5425 1295 5494 patiamur.
1317 5423 1363 5481 Sic
1377 5422 1486 5494 quidem
1501 5421 1601 5477 intumi
1616 5435 1734 5491 sumua;

85 5533 100 5567 ι
118 5526 164 5582 ro,
181 5510 292 5581 iratres,
316 5508 445 5587 gaudete.
462 5509 579 5569 Perfecti
593 5516 690 5568 estote.
719 5507 891 5569 Exhortami·
940 5513 988 5571 aed
998 5514 1132 5583 vivemus,
1142 5511 1170 5567 id
1193 5519 1234 5570 est
1243 5511 1429 5587 potentialiter
1437 5525 1553 5585 agemm
1567 5509 1594 5566 iu
1608 5508 1686 5566 vobis
1696 5525 1736 5569 cn
