3750 5984
122 223 190 277 tota
799 223 889 277 utta.
910 250 945 264 ·-
963 221 1026 277 LIB.
1048 221 1079 276 V.
1701 219 1769 273 to'tt

123 345 276 418 exquireret
297 351 489 402 commeatum.
519 343 682 402 valedicens
704 345 795 418 itaque
813 359 920 402 memo·
934 344 1039 406 Asntis
1055 343 1174 400 ctanxie
1189 343 1214 399 ei
1242 342 1353 408 studuit,
1379 357 1440 413 qua
1464 341 1605 406 didicerat,
1634 338 1768 406 nuntiare,

122 440 182 488 rato
195 432 323 505 principi,
339 432 452 489 recessit
466 432 501 488 ab
516 446 549 488 eo
576 433 698 489 secunda
724 432 790 488 feria
806 434 918 489 Paschae
968 447 1049 487 orans
1068 432 1223 498 instantius,
1252 439 1281 485 ut
1308 429 1435 498 officium,
1451 429 1523 500 quod
1546 428 1656 500 agebat,
1673 426 1768 482 breri-

121 521 207 592 (875).
225 521 348 593 Cumque
362 520 530 591 peruenisset
544 521 580 576 ad
603 521 694 576 villam
720 520 917 593 quamdam,in
968 521 1028 574 tatis
1052 520 1214 576 lectionibus
1229 526 1418 590 percantaret;
1444 525 1577 588 quatenus
1604 515 1766 571 discursan-

121 624 175 680 qua
203 609 335 680 hospitari
363 608 539 674 decreuerat,
555 615 580 664 et
595 624 677 680 quam
695 609 790 664 incolae
819 610 917 664 Fidelis
966 608 1033 662 tium
1047 616 1214 663 armatorum
1229 623 1327 662 rnanns
1341 606 1425 660 dubie
1439 607 1527 660 adbuc
1548 603 1599 659 sub
1622 603 1683 658 luce
1697 602 1766 659 laei-

120 697 316 769 innotescant,
333 697 475 769 ingressus
494 696 638 753 ecclesiam
661 697 760 752 missas
775 697 916 753 celebrare
967 696 1019 750 lius
1030 697 1201 765 declinando,
1217 711 1277 751 cum
1298 695 1389 760 sociis,
1406 694 1452 765 qui
1470 695 1526 762 jam
1555 699 1764 763 pracesserant,

119 785 242 855 parabat.
255 786 288 839 Et
299 798 373 854 ecce,
385 783 432 839 illo
443 783 559 839 necdum
574 785 660 840 sacris
674 785 796 840 restibus
811 785 915 849 indute,
967 783 1116 838 instantem
1132 783 1213 838 tutius
1230 789 1378 855 perageret
1398 782 1516 836 diaetam.
1545 781 1647 835 Verum
1661 778 1715 845 ille,
1736 785 1765 832 ut

119 872 219 926 turbati
236 872 270 927 ad
299 887 361 927 euru
389 879 500 928 currunt
523 872 641 926 ministri
668 872 720 938 sui,
750 873 915 940 nuntiantes,
967 873 1040 926 bunc
1056 887 1165 942 quoque
1179 871 1316 926 turbinem
1332 869 1485 940 impavidus
1500 868 1616 938 excepit,
1631 867 1672 922 sie
1686 874 1766 921 tran-

118 974 205 1030 equos
220 967 246 1015 et
267 959 369 1015 rhedas
387 959 473 1030 ipsius
488 959 521 1012 ab
536 959 606 1014 illius
629 960 683 1016 loci
696 960 854 1015 custodibus
869 976 916 1015 re·
966 959 1050 1030 quille
1075 975 1138 1014 curn
1168 959 1242 1014 omni
1263 958 1404 1028 diligentia
1430 957 1537 1012 debitos
1565 957 1624 1011 Deo
1647 955 1765 1026 binubos

119 1047 207 1115 tineri,
224 1046 359 1118 quosdam
374 1046 454 1102 etiam
470 1062 502 1103 er
519 1047 665 1120 sagmariis
687 1063 798 1103 suorum
812 1062 828 1103 a
842 1063 916 1119 prae-
967 1047 1091 1102 exsolvit.
1103 1048 1162 1103 Nec
1177 1047 1256 1118 plane
1272 1046 1307 1101 ad
1322 1044 1505 1116 insipientiam
1524 1044 1588 1098 sibi.
1603 1043 1683 1109 Nam,
1699 1043 1763 1098 dum

118 1133 236 1189 donibus
257 1134 365 1191 abduci.
967 1143 1096 1202 moratur,
1113 1135 1198 1191 adfuit
1212 1135 1335 1204 ejusdem
1349 1134 1402 1190 loci
1416 1134 1500 1188 abbas
1515 1132 1601 1205 (282),
1627 1131 1673 1203 qui
1686 1131 1763 1186 illum

153 1223 220 1278 Erat
235 1237 301 1278 vero
315 1221 342 1276 in
358 1221 486 1278 comitatu
496 1222 582 1294 ipsius
593 1222 742 1279 Gilibertus
758 1223 916 1280 lievescen-
966 1239 1051 1295 eques
1065 1223 1255 1295 praeeminet
1270 1239 1319 1294 per
1339 1222 1495 1277 semitarum
1509 1219 1672 1291 compendia
1693 1219 1764 1274 illue-

118 1308 157 1364 sis
171 1309 247 1381 (777)
262 1309 418 1381 episcopus,
448 1318 473 1366 et
496 1310 588 1367 clerici
607 1310 778 1367 diversorum
792 1311 915 1366 locorum
968 1327 1026 1366 sum
1037 1311 1149 1366 deduxit
1163 1310 1235 1365 ultra
1249 1309 1366 1366 civitatis
1382 1309 1522 1363 suburbia.
1534 1309 1575 1362 Ex
1590 1307 1632 1362 his
1642 1322 1708 1363 rero
1717 1307 1764 1379 qui

118 1397 332 1468 quamplurimi.
349 1396 401 1465 Qui
416 1412 511 1455 omncs
524 1398 689 1454 unanimiter
701 1399 914 1470 rogabanteum,
964 1399 1053 1470 ipsum
1063 1405 1271 1469 praecesserant,
1287 1398 1380 1467 plures
1400 1396 1541 1468 intercepti
1555 1402 1637 1467 etque
1661 1395 1764 1451 detenti

116 1493 270 1555 quatenus,
306 1485 492 1556 praetermissa
521 1485 556 1541 ob
591 1493 673 1542 tantae
704 1486 874 1542 necessitatis
889 1493 916 1542 et
965 1494 1028 1541 sunt
1042 1486 1133 1542 hostili
1148 1485 1285 1542 violentia.
1312 1484 1430 1556 lieliquit
1446 1491 1538 1538 autem
1553 1484 1653 1539 ibidem
1668 1483 1695 1537 in
1712 1499 1762 1538 cu-

117 1572 331 1642 perturbationis
373 1580 500 1628 eventum
541 1573 686 1628 missarum
721 1574 913 1640 celebratione,
965 1574 1052 1630 stedia
1066 1574 1189 1646 praedicti
1204 1573 1312 1628 abbatis
1327 1573 1427 1627 rhedas
1449 1573 1517 1627 duas
1536 1587 1598 1628 curn
1627 1570 1763 1642 aliquibus

117 1660 299 1732 Evangelium
314 1660 366 1715 sibi
391 1660 447 1733 legi
469 1668 612 1717 contentus
640 1661 721 1728 foret,
738 1670 764 1717 et
792 1669 820 1716 ut
836 1678 865 1718 se
889 1669 951 1750 otB
965 1663 1043 1733 equis
1058 1661 1357 1732 etvariasupellectili3
1374 1677 1436 1731 quae
1448 1658 1662 1731 omniapraeiata
1676 1658 1763 1714 comi·

117 1763 182 1802 suos
208 1747 335 1817 expedire
364 1763 379 1802 a
406 1749 486 1825 tantis
521 1749 651 1820 periculis
674 1748 834 1805 intenderet.
860 1748 913 1817 Qui
966 1751 1031 1805 tissa
1047 1751 1083 1806 nd
1097 1750 1232 1806 civitatem
1243 1750 1332 1820 ipsam
1342 1748 1467 1819 sequenti
1490 1748 1535 1804 die
1549 1748 1708 1813 adueniens,
1726 1746 1762 1801 nd

117 1835 185 1890 nibil
212 1836 335 1890 turbatus
355 1852 387 1891 en
411 1837 534 1909 hisquae
562 1837 717 1908 raptoribus
736 1838 912 1910 gerebantur,
964 1838 1054 1909 ipsum
1068 1838 1166 1893 deduci
1190 1838 1263 1902 iecit,
1293 1837 1463 1892 orationibus
1492 1836 1549 1891 suis
1579 1835 1699 1906 seipsam
1735 1842 1763 1891 et

118 1923 166 1978 sed
182 1938 234 1980 nec
248 1931 337 1980 motus
348 1940 381 1980 ex
395 1925 438 1979 his
452 1941 514 1995 qum
528 1941 543 1980 a
559 1925 701 1981 comitibus
726 1926 914 1998 suggereban-
963 1924 1048 1981 tilium
1071 1942 1150 1981 suum
1166 1925 1287 1980 studiose
1315 1924 1521 1980 commendans.
1539 1924 1601 1996 lpse
1628 1938 1695 1979 uero
1711 1923 1760 1980 Sa·

117 2020 173 2079 tur,
188 2019 217 2066 ut
232 2012 333 2067 surdus
356 2020 383 2069 et
410 2020 500 2067 mutus
523 2014 556 2068 ad
583 2014 674 2091 audita
697 2014 793 2085 coeptis
810 2021 914 2068 tantum
963 2013 1087 2086 giensem
1103 2013 1230 2068 tendebat
1244 2013 1278 2068 ad
1293 2013 1390 2068 urbem
1405 2014 1491 2083 (283).

120 2099 272 2155 insistebat.
285 2100 344 2156 Nec
359 2101 517 2172 simpliciter
530 2109 557 2158 et
570 2102 651 2172 plane
666 2117 774 2158 sacrum
798 2110 913 2158 conten·
998 2104 1264 2173 Acceperatquoque
1279 2101 1410 2157 relatione
1426 2100 1614 2170 plurimorum,
1630 2098 1757 2154 abbatem

116 2196 160 2242 tus
175 2187 294 2244 otticinm
308 2204 451 2260 peragere,
481 2189 535 2245 imo
557 2190 698 2257 sandaliis,
728 2191 829 2256 tunica,
855 2189 912 2245 dal·
963 2188 1072 2260 optimis
1083 2205 1144 2245 esse
1168 2189 1237 2262 [cod.
1267 2189 1393 2244 abbatem
1421 2189 1456 2243 de
1471 2188 1581 2259 optimis
1608 2203 1679 2255 esse,
1696 2186 1761 2260 etc]

115 2275 215 2331 matioa
229 2291 290 2332 cum
305 2277 410 2332 caeteris
424 2277 577 2349 insignibus
599 2286 689 2347 utens,
714 2287 743 2333 ut
769 2278 912 2334 universos
963 2277 1060 2332 studiis
1086 2277 1257 2349 pradictum,
1268 2276 1416 2348 probisque
1444 2276 1566 2331 moribus
1592 2275 1671 2330 valde
1699 2275 1761 2330 insi·

117 2363 209 2418 divino
222 2365 351 2434 prasidio
381 2365 480 2420 melius
517 2367 706 2432 communiret,
728 2365 912 2438 pontificalem
965 2365 1081 2438 gnitum.
1098 2365 1221 2420 Audiens
1234 2380 1343 2437 quoque
1358 2364 1431 2420 illius
1446 2363 1600 2420 coenobium
1614 2378 1670 2418 non
1693 2379 1760 2434 pro-

115 2451 144 2505 in
174 2452 289 2524 agendis
330 2452 547 2510 benedictionem
585 2454 767 2520 interserens,
800 2454 911 2510 missam
961 2453 1039 2510 cula
1061 2454 1114 2519 uia,
1140 2469 1193 2524 qua
1216 2452 1360 2523 pergebat,
1391 2452 1574 2520 constitutum,
1591 2451 1760 2523 cupiensque

115 2554 194 2594 more
209 2539 324 2594 solemni
346 2556 428 2611 quarn
442 2541 540 2597 deuote
554 2542 670 2614 peregit.
696 2541 831 2597 Omnibus
843 2558 911 2615 ergo
961 2542 1010 2596 viri
1035 2541 1086 2597 Dei
1095 2541 1219 2596 notitiam
1230 2541 1282 2595 sibi
1297 2556 1468 2611 comparare,
1480 2548 1506 2596 et
1519 2541 1577 2609 ejus
1591 2539 1759 2596 orationibus

114 2628 165 2683 rite
179 2627 331 2698 completis,
363 2629 426 2683 dum
456 2631 542 2685 sacris
569 2647 600 2685 se
628 2631 701 2686 exuit
735 2631 909 2697 indumentis,
961 2629 1082 2700 seipsum
1102 2630 1307 2694 commendare,
1332 2644 1384 2683 nec
1413 2627 1543 2699 temporis
1561 2627 1757 2699 inquietudine,

85 2737 88 2742 ·
115 2723 258 2770 accurrunt
272 2716 359 2786 ipsius
372 2716 426 2773 loci
440 2718 615 2788 magistratus
631 2718 657 2772 in
668 2718 823 2785 ecelesiam,
841 2735 909 2789 sup·
960 2733 1011 2772 nec
1025 2717 1128 2772 itineris
1144 2716 1322 2787 longitudine,
1344 2717 1431 2787 potuit
1446 2716 1566 2772 revocari
1580 2716 1645 2788 quin
1665 2715 1699 2770 ad
1714 2715 1758 2786 ip·

114 2802 222 2874 pliciter
242 2811 268 2858 et
282 2803 382 2858 obnixe
396 2805 503 2860 veniam
518 2814 653 2876 petentes,
676 2807 749 2876 quod
771 2806 905 2876 impedire
960 2805 1221 2877 suminquirendum
1236 2805 1321 2860 alacri
1340 2805 1486 2860 devotione
1512 2811 1685 2875 properaret.
1705 2803 1758 2858 Per

114 2907 180 2945 suos
196 2890 238 2946 rel
253 2892 413 2962 perturbare
429 2894 677 2964 presumpsissent.
689 2894 830 2964 Spondent
845 2909 910 2964 quo·
959 2893 1055 2948 denos
1070 2893 1161 2964 itaque
1177 2893 1288 2964 suisque
1311 2893 1438 2947 omnibus
1456 2892 1565 2964 ignotos
1588 2890 1681 2955 calles,
1695 2905 1756 2947 oum

114 2994 167 3049 que
177 2979 321 3049 obsequia,
337 2980 361 3033 si
384 2980 545 3052 dignaretur
573 2990 736 3053 pernoctare
751 2982 777 3037 in
792 2983 863 3038 loco.
879 2982 908 3037 Si
959 2981 1052 3053 paucis
1070 2997 1182 3037 suorum
1194 2981 1229 3037 sd
1239 2980 1284 3035 diu
1297 2981 1437 3051 quaesitum
1447 2980 1558 3035 demum
1568 2979 1691 3050 pervenit
1702 2995 1748 3035 mo

113 3074 203 3121 autem
220 3067 326 3123 duxerit
340 3068 452 3123 ulterius
466 3069 686 3139 procedendum,
698 3070 861 3125 conductum
877 3086 909 3125 ex
959 3068 1124 3135 naslerium;
1141 3067 1248 3139 reliqui,
1279 3067 1463 3123 servientibus
1474 3075 1501 3122 et
1515 3067 1597 3122 sociis
1624 3075 1698 3122 reete
1713 3067 1756 3121 iti-

114 3154 171 3209 suis
188 3154 223 3209 ad
237 3153 295 3210 leoa
311 3172 398 3226 usque
412 3156 511 3211 tutiora
532 3156 703 3228 pollicentur.
719 3156 795 3225 Quos
810 3157 855 3212 illc
866 3173 909 3212 sn·
962 3172 1029 3211 nere
1043 3155 1078 3210 ad
1091 3156 1188 3211 urbem
1202 3155 1361 3226 praemissis,
1388 3163 1511 3226 quaerat
1527 3155 1586 3226 ipse
1608 3153 1756 3225 hospitium

112 3242 147 3296 tis
161 3241 282 3297 hilariter
298 3242 441 3309 allocutus,
453 3252 482 3298 nt
506 3252 566 3299 erat
586 3245 718 3316 spirituali
742 3245 910 3314 jucunditate
959 3243 1111 3298 subitums.
1126 3243 1192 3297 Cum
1208 3242 1383 3314 cognovisset
1397 3258 1464 3298 vero
1478 3242 1606 3298 abbatem
1615 3249 1680 3298 tunc
1695 3257 1757 3298 esse

113 3344 145 3385 ac
160 3329 264 3385 coelesti
279 3331 397 3401 repletus
412 3332 546 3398 convivio,
559 3333 723 3389 conductum
733 3333 838 3389 illorum
855 3349 909 3390 non
958 3330 1108 3397 absentem,
1121 3330 1260 3387 celebrata
1269 3331 1355 3385 missa
1368 3330 1505 3398 discessit,
1527 3337 1615 3386 totum
1629 3328 1755 3386 videlieet

112 3433 256 3488 respuens,
274 3418 403 3474 continuo
417 3420 501 3476 abeis
517 3421 641 3477 recessit.
659 3422 773 3493 ipsaque
788 3422 831 3477 die
847 3438 909 3477 eum
959 3418 1116 3490 expendens
1127 3418 1279 3475 deuotionis
1293 3418 1345 3489 pire
1363 3426 1531 3491 unguentum
1545 3417 1573 3472 in
1587 3418 1648 3488 ipso
1672 3418 1755 3486 justo

111 3505 241 3562 univesso
268 3507 396 3562 comitatu
422 3507 457 3562 ad
487 3508 680 3565 monasterium
706 3509 798 3566 Sancti
835 3510 908 3566 Petri
958 3523 1020 3562 rum
1034 3507 1123 3578 eapite
1137 3513 1164 3562 ct
1188 3507 1305 3562 Domino
1334 3515 1429 3561 nostre
1454 3507 1519 3561 Jesu
1546 3506 1664 3572 Christo,
1681 3506 1754 3577 qued

112 3595 188 3663 (278)
216 3594 243 3649 in
259 3594 391 3651 suburbio
419 3596 592 3652 constitutum
616 3597 814 3654 cenomanensi
843 3614 907 3669 per·
957 3593 1119 3666 participare
1132 3594 1292 3650 decreverat
1307 3609 1368 3650 cum
1393 3594 1502 3663 abbate,
1528 3592 1653 3649 membro
1667 3592 1753 3664 ipsius

111 3682 195 3737 uenit.
958 3691 984 3738 et
999 3697 1079 3738 servo
1093 3680 1165 3738 fideli
1182 3682 1327 3738 admodum
1349 3690 1376 3737 et
1389 3683 1517 3737 honesto.

143 3770 272 3841 Sequenti
299 3770 426 3840 diluculo,
443 3773 506 3827 dum
527 3774 684 3830 matutinale
713 3776 770 3831 Deo
794 3775 908 3832 exsolvit
993 3771 1128 3827 Jamvero
1141 3779 1203 3841 post
1217 3770 1480 3839 haec,0mnisnblato
1493 3768 1754 3840 cujuscunquediffi·

94 3855 236 3925 cllidum,
253 3866 280 3914 et
293 3859 391 3932 longas
414 3875 490 3916 more
505 3860 584 3917 sollte
600 3863 708 3918 recitari
731 3862 791 3918 tacit
815 3864 907 3920 lectio·
957 3857 1064 3914 cultatis
1078 3857 1229 3922 obstaculo,
1248 3858 1379 3913 Ecclesia
1402 3873 1459 3913 suae
1483 3858 1587 3930 gremio
1608 3857 1750 3929 excipitur,

109 3956 170 4006 nes,
186 3942 314 3997 tumultus
328 3942 427 4015 ingens
449 3945 616 4000 amoenibus
631 3945 748 4002 civitatis
758 3947 902 4018 increpuit.
956 3963 1050 4018 pacem
1079 3954 1231 4018 exoptatam
1259 3944 1321 4001 tiliis
1347 3955 1500 4017 reportans,
1523 3946 1609 4002 multo
1638 3946 1749 4018 quidem

109 4027 208 4083 Milites
219 4044 404 4100 namquecum
423 4046 504 4087 manu
514 4041 617 4088 armata
627 4034 723 4089 directi
738 4050 754 4088 a
769 4034 908 4090 comitissa
956 4035 1065 4103 sudore,
1089 4035 1185 4090 sedet
1207 4034 1350 4105 multiplici
1377 4035 1481 4090 bonore
1504 4042 1621 4106 partam,
1645 4041 1672 4091 et
1696 4042 1752 4091 tote

109 4115 253 4172 Britanniae
269 4119 353 4188 (879),
370 4126 396 4173 et
411 4119 470 4187 ejus
485 4118 541 4175 filio
556 4121 673 4177 drtburo
688 4122 763 4192 (888)
778 4122 906 4176 insultum
955 4123 1040 4194 ipsius
1063 4123 1126 4178 ritae
1140 4122 1227 4193 spatio
1241 4123 1408 4177 duraturam.
1425 4121 1613 4179 Occurrebant
1634 4138 1700 4178 vero
1713 4122 1753 4176 illi

108 4202 245 4271 iecerunt,
263 4212 291 4258 ut
305 4206 438 4262 ioannem
456 4209 680 4279 praenominatum
698 4218 837 4280 caperent.
855 4209 906 4277 Qui
956 4210 1076 4281 undique
1090 4211 1172 4264 modo
1191 4226 1224 4265 ex
1240 4209 1358 4278 civitate,
1376 4217 1402 4265 et
1421 4209 1447 4263 in
1464 4210 1582 4272 civitate,
1596 4217 1624 4265 et
1636 4209 1664 4263 in
1678 4210 1752 4265 dioe-

108 4291 308 4363 noctequidem
332 4293 377 4348 illa
391 4294 455 4350 illue
484 4296 643 4362 aduenerat,
659 4297 708 4351 sed
726 4297 905 4367 praesentiens
956 4297 1013 4353 cesi
1027 4313 1075 4352 sua
1090 4297 1178 4352 turbae
1195 4297 1341 4352 laetantium
1353 4304 1380 4352 et
1389 4296 1609 4368 applaudentium
1622 4305 1751 4371 tanquam

107 4377 222 4433 insidias
237 4379 289 4434 sibi
317 4389 439 4450 paratas,
469 4390 531 4438 ante
563 4382 632 4439 lucis
662 4392 750 4439 ortum
780 4384 903 4440 clanculo
920 4384 1020 4444 Dduci
1034 4384 1133 4440 eximio
1148 4384 1300 4440 sublimiter
1314 4385 1501 4456 triumphanti.
1517 4385 1629 4441 Plurimi
1643 4403 1752 4460 quoque

107 4466 205 4520 urbem
227 4469 425 4536 pertransierat
440 4472 524 4539 (nst).
543 4473 606 4527 llaec
619 4479 648 4526 ut
662 4472 777 4542 primum
792 4473 904 4541 agnovit
953 4473 1003 4530 viri
1019 4473 1047 4528 in
1064 4472 1271 4540 Nortbmanuia,
1287 4473 1314 4526 in
1330 4472 1429 4545 anglia
1442 4490 1509 4530 uero
1524 4491 1556 4529 ex
1570 4475 1671 4546 populo
1698 4492 1752 4532 no-

108 4553 240 4609 Girardus
260 4555 369 4626 quidam
383 4573 416 4613 ex
444 4558 552 4614 clericis
574 4560 704 4631 episcopi,
735 4560 904 4617 turbulenter
953 4561 1071 4618 manicae
1084 4561 1160 4616 urbis
1183 4561 1273 4616 situm.
1294 4585 1304 4608 n

141 4730 211 4796 (875)
226 4733 250 4783 ld
263 4736 310 4790 est.
327 4734 357 4784 tu
375 4736 479 4798 Aprilis.
528 4760 533 4767 ,
987 4735 1057 4800 (tte)
1069 4737 1210 4787 Constantia
1225 4736 1332 4797 nomine,
1346 4737 1395 4786 tilia
1407 4739 1498 4788 conani
1520 4738 1589 4788 ducis
1608 4739 1749 4800 Britannia,

143 4815 214 4879 (270)
228 4817 295 4867 Nunc
312 4819 348 4868 ga
367 4819 467 4882 plage,
488 4821 564 4870 lagno
584 4821 677 4884 mem,
695 4823 781 4873 cimas
793 4826 831 4873 ἐς(
848 4834 903 4873 cum
953 4802 1058 4853 etridua
1070 4802 1180 4878 Gautridi
1199 4802 1241 4879 dlii
1255 4803 1353 4854 tiennei
1366 4805 1396 4865 ll,
1410 4805 1474 4868 regis
1486 4805 1589 4866 tnglte,
1607 4817 1660 4867 quta
1672 4805 1748 4855 duca·

106 4882 268 4943 arcedonem
282 4884 333 4934 lere
346 4885 489 4937 milliaribus
501 4887 596 4937 distans
611 4890 752 4949 andegavo.
952 4873 1004 4919 ²⁰⁰¹
1016 4869 1134 4919 ⁰³¹¹s¹ffl⁰
1148 4869 1260 4921 ⁰⁰⁰¹¹¹¹¹¹·

141 4963 213 5029 (stt)
228 4967 294 5016 lllias
305 4969 503 5020 bovecestrensis
519 4971 572 5021 sive
585 4971 702 5023 lindensis
721 4973 857 5036 episcopus.
870 4975 904 5023 be
987 4950 1060 5016 (²⁸⁰)
1073 4952 1221 5003 C⁰⁰⁸¹³¹¹t¹ae
1234 4957 1260 5003 ⁰²
1271 4954 1379 5004 Gfflffldi
1400 4955 1458 5015 ‘¹¹⁵⁰‘
1481 4963 1539 5004 ‘⁰¹¹⁰
1560 4952 1685 5005 “⁰⁰d005m
1708 4968 1751 5007 Μ’

106 5043 154 5094 quo
166 5031 191 5080 in
204 5033 292 5082 donat.
306 5034 415 5084 tvtnton.
430 5040 496 5099 part.
513 5050 530 5098 t,
544 5037 636 5098 anglia
649 5041 738 5102 ἕποιτο,
753 5052 777 5101 p.
789 5039 850 5101 502,
869 5040 904 5089 ‘ta
953 5029 1040 5068 ΠΜ
1052 5019 1216 5069 ³⁶⁰¹⁰⁵⁰⁰¹¹t⁰·

105 5097 222 5172 canitur
234 5099 264 5148 au
280 5112 321 5148 an.
335 5103 419 5151 tras:
438 5103 599 5153 «ottalanus
611 5105 641 5154 ue
658 5106 786 5156 otanwtua
806 5105 905 5157 nonen·
987 5099 1060 5167 (sat)
1074 5104 1291 5160 Geuomtueusem.
1305 5106 1331 5152 n
1340 5103 1516 5166 nortamanni
1532 5111 1691 5169 renerent:
1711 5107 1752 5157 nur

107 5174 142 5213 sn
153 5164 281 5228 episeopus
293 5165 371 5216 taetus
390 5172 436 5218 est,
452 5188 462 5210 2
477 5169 517 5229 Et,
535 5181 594 5231 pag.
611 5171 680 5220 ste:
709 5186 719 5217 ι
742 5174 811 5222 anno
830 5171 903 5233 titt,
952 5170 1264 5232 loannes,testeTrtrrtto,
1277 5168 1488 5231 trigintaduorum
1502 5184 1621 5224 annorum
1639 5175 1753 5237 princeps

105 5229 210 5279 durante
222 5230 302 5281 adbuc
314 5232 453 5296 interdicto,
472 5234 532 5285 obiit
543 5236 666 5287 Gilbertus
677 5237 797 5288 Rodensis
810 5238 904 5301 episco·
953 5236 978 5285 in
991 5241 1076 5286 octava
1089 5238 1199 5293 Pasebre,
1212 5237 1251 5286 dle
1264 5236 1296 5284 ts
1308 5235 1397 5296 lpntis
1408 5237 1463 5285 unni
1477 5238 1752 5300 tt99,ducatusllortb·

106 5307 161 5358 pus,
176 5296 215 5357 qul
228 5297 262 5346 50
271 5298 341 5347 annis
353 5300 517 5363 episcopatum
537 5303 623 5352 tenuit.
638 5319 648 5349 ι
955 5302 1060 5351 manniri
1074 5303 1154 5364 glutto
1167 5304 1260 5352 cinctus
1275 5301 1330 5350 tuit.

140 5376 208 5443 (tta)
221 5381 256 5430 be
267 5381 366 5432 Cultura
377 5381 480 5445 dictum,
492 5384 522 5435 dc
534 5398 582 5448 quo
594 5387 747 5438 blabillonius
759 5392 778 5438 t.
793 5389 801 5437 l
815 5389 903 5440 Annal.
989 5385 1056 5449 (282)
1069 5387 1096 5437 s.
1110 5388 1175 5438 l‘etri
1187 5387 1327 5437 decultum
1339 5385 1382 5435 bei
1396 5385 1481 5438 abbas.

105 5456 131 5507 p.
146 5445 189 5494 tet
208 5460 214 5489 ι
230 5447 323 5509 «lluuc,
336 5447 415 5513 inquit
426 5451 456 5502 de
467 5451 654 5503 bertichramno
662 5454 775 5517 loquens,
786 5455 905 5520 originem
990 5465 1060 5525 (888)
1074 5464 1150 5529 Vulgo
1162 5466 1231 5528 seez,
1244 5465 1269 5514 in
1287 5462 1357 5523 cujus
1369 5465 1485 5520 suburbio
1504 5470 1641 5521 cenobium
1657 5469 1703 5521 sub
1721 5471 1755 5520 ti·

105 5509 178 5561 debet
199 5512 279 5590 nobile
289 5515 324 5590 Ι8.
345 5516 422 5594 Petri,
444 5516 506 5578 quod
523 5517 552 5567 de
574 5519 681 5596 cultura·
694 5521 736 5597 bei
759 5522 904 5586 appellatur,
956 5531 1005 5581 ento
1016 5532 1044 5581 s.
1057 5532 1167 5595 Martini,
1180 5533 1249 5593 enjus
1264 5532 1288 5580 ct
1300 5530 1384 5594 abbas,
1399 5534 1425 5581 ut
1439 5535 1544 5597 videtur,
1564 5537 1694 5600 plurimum
1714 5537 1754 5588 bic

106 5581 278 5632 manutenent
289 5592 313 5632 tn
324 5581 438 5634 suburbio
448 5584 617 5637 cenomanice
629 5586 696 5638 urbis
708 5590 792 5638 sutum.
807 5609 817 5631 ι
956 5598 1154 5649 commendatur.
