<?xml version="1.0" encoding="UTF-8"?>
<!DOCTYPE html PUBLIC "-//W3C//DTD XHTML 1.0 Transitional//EN"
    "http://www.w3.org/TR/xhtml1/DTD/xhtml1-transitional.dtd">
<html xmlns="http://www.w3.org/1999/xhtml" xml:lang="en" lang="en">
 <head>
  <title>
</title>
<meta http-equiv="Content-Type" content="text/html;charset=utf-8" />
  <meta name='ocr-system' content='tesseract 3.04.00' />
  <meta name='ocr-capabilities' content='ocr_page ocr_carea ocr_par ocr_line ocrx_word'/>
</head>
<body>
  <div class='ocr_page' id='page_1' title='image "./patrologiaecurs20unkngoog/patrologiaecurs20unkngoog_0442.png"; bbox 0 0 3750 5984; ppageno 0'>
   <div class='ocr_carea' id='block_1_1' title="bbox 65 180 1709 240">
    <p class='ocr_par' dir='ltr' id='par_1_1' title="bbox 65 180 1709 240">
     <span class='ocr_line' id='line_1_1' title="bbox 65 180 1709 240; baseline 0.002 -6"><span class='ocrx_word' id='word_1_1' title='bbox 65 180 116 235; x_wconf 78' lang='lat' dir='ltr'>sto</span> <span class='ocrx_word' id='word_1_2' title='bbox 628 181 730 238; x_wconf 82' lang='lat' dir='ltr'>LIBER</span> <span class='ocrx_word' id='word_1_3' title='bbox 747 181 794 237; x_wconf 82' lang='lat' dir='ltr'>DE</span> <span class='ocrx_word' id='word_1_4' title='bbox 814 181 1004 240; x_wconf 75' lang='lat' dir='ltr'>uxnncnto</span> <span class='ocrx_word' id='word_1_5' title='bbox 1023 183 1150 239; x_wconf 81' lang='lat' dir='ltr'>CELLAE.</span> <span class='ocrx_word' id='word_1_6' title='bbox 1658 183 1709 238; x_wconf 81' lang='lat' dir='ltr'>stt</span> 
     </span>
    </p>
   </div>
   <div class='ocr_carea' id='block_1_2' title="bbox 66 301 1714 2133">
    <p class='ocr_par' dir='ltr' id='par_1_2' title="bbox 66 301 1714 2133">
     <span class='ocr_line' id='line_1_2' title="bbox 68 301 1710 378; baseline 0.002 -21"><span class='ocrx_word' id='word_1_7' title='bbox 68 301 149 358; x_wconf 89' lang='lat' dir='ltr'>uculo</span> <span class='ocrx_word' id='word_1_8' title='bbox 163 301 272 373; x_wconf 85' lang='lat' dir='ltr'>aspicis,</span> <span class='ocrx_word' id='word_1_9' title='bbox 287 310 313 358; x_wconf 89' lang='lat' dir='ltr'>et</span> <span class='ocrx_word' id='word_1_10' title='bbox 328 320 390 359; x_wconf 91' lang='lat' dir='ltr'>eum</span> <span class='ocrx_word' id='word_1_11' title='bbox 405 305 525 374; x_wconf 87' lang='lat' dir='ltr'>perfecta</span> <span class='ocrx_word' id='word_1_12' title='bbox 539 304 614 360; x_wconf 91' lang='lat' dir='ltr'>illum</span> <span class='ocrx_word' id='word_1_13' title='bbox 629 305 728 361; x_wconf 89' lang='lat' dir='ltr'>mentis</span> <span class='ocrx_word' id='word_1_14' title='bbox 743 306 865 361; x_wconf 85' lang='lat' dir='ltr'>benero-</span> <span class='ocrx_word' id='word_1_15' title='bbox 879 306 982 367; x_wconf 80' lang='lat' dir='ltr'>Adam</span> <span class='ocrx_word' id='word_1_16' title='bbox 998 314 1048 373; x_wconf 89' lang='lat' dir='ltr'>est,</span> <span class='ocrx_word' id='word_1_17' title='bbox 1064 306 1127 378; x_wconf 87' lang='lat' dir='ltr'>quia</span> <span class='ocrx_word' id='word_1_18' title='bbox 1143 322 1197 361; x_wconf 89' lang='lat' dir='ltr'>non</span> <span class='ocrx_word' id='word_1_19' title='bbox 1212 306 1301 360; x_wconf 90' lang='lat' dir='ltr'>minus</span> <span class='ocrx_word' id='word_1_20' title='bbox 1320 306 1406 361; x_wconf 91' lang='lat' dir='ltr'>debes</span> <span class='ocrx_word' id='word_1_21' title='bbox 1429 305 1592 360; x_wconf 82' lang='lat' dir='ltr'>discordiam</span> <span class='ocrx_word' id='word_1_22' title='bbox 1609 306 1710 377; x_wconf 86' lang='lat' dir='ltr'>pellere</span> 
     </span>
     <span class='ocr_line' id='line_1_3' title="bbox 66 389 1710 465; baseline 0.003 -22"><span class='ocrx_word' id='word_1_23' title='bbox 66 389 150 444; x_wconf 88' lang='lat' dir='ltr'>lentis</span> <span class='ocrx_word' id='word_1_24' title='bbox 165 397 192 445; x_wconf 90' lang='lat' dir='ltr'>et</span> <span class='ocrx_word' id='word_1_25' title='bbox 207 390 349 446; x_wconf 76' lang='lat' dir='ltr'>dulcedine</span> <span class='ocrx_word' id='word_1_26' title='bbox 364 391 521 464; x_wconf 84' lang='lat' dir='ltr'>alloqueris,</span> <span class='ocrx_word' id='word_1_27' title='bbox 538 393 692 465; x_wconf 86' lang='lat' dir='ltr'>nullamque</span> <span class='ocrx_word' id='word_1_28' title='bbox 707 409 866 464; x_wconf 82' lang='lat' dir='ltr'>eorumquae</span> <span class='ocrx_word' id='word_1_29' title='bbox 917 395 952 449; x_wconf 82' lang='lat' dir='ltr'>ab</span> <span class='ocrx_word' id='word_1_30' title='bbox 968 395 1057 449; x_wconf 84' lang='lat' dir='ltr'>animo</span> <span class='ocrx_word' id='word_1_31' title='bbox 1071 394 1163 449; x_wconf 83' lang='lat' dir='ltr'>fratris</span> <span class='ocrx_word' id='word_1_32' title='bbox 1177 395 1224 459; x_wconf 91' lang='lat' dir='ltr'>tui,</span> <span class='ocrx_word' id='word_1_33' title='bbox 1252 395 1298 465; x_wconf 92' lang='lat' dir='ltr'>qui</span> <span class='ocrx_word' id='word_1_34' title='bbox 1319 395 1452 449; x_wconf 86' lang='lat' dir='ltr'>adversus</span> <span class='ocrx_word' id='word_1_35' title='bbox 1476 401 1502 448; x_wconf 93' lang='lat' dir='ltr'>te</span> <span class='ocrx_word' id='word_1_36' title='bbox 1526 394 1606 448; x_wconf 89' lang='lat' dir='ltr'>habet</span> <span class='ocrx_word' id='word_1_37' title='bbox 1629 410 1710 465; x_wconf 90' lang='lat' dir='ltr'>quem</span> 
     </span>
     <span class='ocr_line' id='line_1_4' title="bbox 67 476 1710 552; baseline 0.004 -22"><span class='ocrx_word' id='word_1_38' title='bbox 67 476 116 531; x_wconf 92' lang='lat' dir='ltr'>tibi</span> <span class='ocrx_word' id='word_1_39' title='bbox 130 476 203 531; x_wconf 84' lang='lat' dir='ltr'>illata</span> <span class='ocrx_word' id='word_1_40' title='bbox 218 486 280 532; x_wconf 91' lang='lat' dir='ltr'>sunt</span> <span class='ocrx_word' id='word_1_41' title='bbox 295 493 417 534; x_wconf 85' lang='lat' dir='ltr'>amaram</span> <span class='ocrx_word' id='word_1_42' title='bbox 433 480 476 534; x_wconf 84' lang='lat' dir='ltr'>vel</span> <span class='ocrx_word' id='word_1_43' title='bbox 490 481 518 534; x_wconf 94' lang='lat' dir='ltr'>in</span> <span class='ocrx_word' id='word_1_44' title='bbox 537 481 680 550; x_wconf 84' lang='lat' dir='ltr'>praesentia</span> <span class='ocrx_word' id='word_1_45' title='bbox 695 481 764 551; x_wconf 88' lang='lat' dir='ltr'>ejus,</span> <span class='ocrx_word' id='word_1_46' title='bbox 781 480 866 535; x_wconf 89' lang='lat' dir='ltr'>velia</span> <span class='ocrx_word' id='word_1_47' title='bbox 916 481 1018 547; x_wconf 78' lang='lat' dir='ltr'>laesisti,</span> <span class='ocrx_word' id='word_1_48' title='bbox 1036 498 1117 552; x_wconf 86' lang='lat' dir='ltr'>quarn</span> <span class='ocrx_word' id='word_1_49' title='bbox 1137 497 1197 536; x_wconf 89' lang='lat' dir='ltr'>eam</span> <span class='ocrx_word' id='word_1_50' title='bbox 1212 481 1327 551; x_wconf 83' lang='lat' dir='ltr'>depellis</span> <span class='ocrx_word' id='word_1_51' title='bbox 1350 497 1367 536; x_wconf 91' lang='lat' dir='ltr'>a</span> <span class='ocrx_word' id='word_1_52' title='bbox 1390 489 1445 546; x_wconf 90' lang='lat' dir='ltr'>tuo,</span> <span class='ocrx_word' id='word_1_53' title='bbox 1465 481 1511 552; x_wconf 92' lang='lat' dir='ltr'>qui</span> <span class='ocrx_word' id='word_1_54' title='bbox 1525 496 1587 536; x_wconf 93' lang='lat' dir='ltr'>eum</span> <span class='ocrx_word' id='word_1_55' title='bbox 1606 481 1710 549; x_wconf 83' lang='lat' dir='ltr'>laesisti,</span> 
     </span>
     <span class='ocr_line' id='line_1_5' title="bbox 67 564 1709 642; baseline 0.002 -22"><span class='ocrx_word' id='word_1_56' title='bbox 67 564 201 631; x_wconf 86' lang='lat' dir='ltr'>absentia,</span> <span class='ocrx_word' id='word_1_57' title='bbox 218 565 258 620; x_wconf 91' lang='lat' dir='ltr'>illi</span> <span class='ocrx_word' id='word_1_58' title='bbox 273 566 319 636; x_wconf 89' lang='lat' dir='ltr'>qui</span> <span class='ocrx_word' id='word_1_59' title='bbox 338 567 386 621; x_wconf 92' lang='lat' dir='ltr'>tibi</span> <span class='ocrx_word' id='word_1_60' title='bbox 402 568 500 634; x_wconf 93' lang='lat' dir='ltr'>intulit,</span> <span class='ocrx_word' id='word_1_61' title='bbox 517 576 563 623; x_wconf 88' lang='lat' dir='ltr'>aut</span> <span class='ocrx_word' id='word_1_62' title='bbox 577 568 726 639; x_wconf 87' lang='lat' dir='ltr'>loquenda,</span> <span class='ocrx_word' id='word_1_63' title='bbox 742 585 791 624; x_wconf 90' lang='lat' dir='ltr'>seu</span> <span class='ocrx_word' id='word_1_64' title='bbox 812 568 865 623; x_wconf 87' lang='lat' dir='ltr'>alio</span> <span class='ocrx_word' id='word_1_65' title='bbox 917 571 1063 641; x_wconf 80' lang='lat' dir='ltr'>Relinque,</span> <span class='ocrx_word' id='word_1_66' title='bbox 1080 571 1126 635; x_wconf 86' lang='lat' dir='ltr'>eit,</span> <span class='ocrx_word' id='word_1_67' title='bbox 1138 571 1242 625; x_wconf 89' lang='lat' dir='ltr'>etuode</span> <span class='ocrx_word' id='word_1_68' title='bbox 1256 572 1337 642; x_wconf 82' lang='lat' dir='ltr'>prius</span> <span class='ocrx_word' id='word_1_69' title='bbox 1351 571 1532 626; x_wconf 81' lang='lat' dir='ltr'>reconciliari</span> <span class='ocrx_word' id='word_1_70' title='bbox 1546 571 1635 640; x_wconf 73' lang='lat' dir='ltr'>tratri</span> <span class='ocrx_word' id='word_1_71' title='bbox 1650 574 1709 626; x_wconf 87' lang='lat' dir='ltr'>tuo.</span> 
     </span>
     <span class='ocr_line' id='line_1_6' title="bbox 67 654 1714 729; baseline 0.003 -23"><span class='ocrx_word' id='word_1_72' title='bbox 67 668 230 724; x_wconf 90' lang='lat' dir='ltr'>quocunque</span> <span class='ocrx_word' id='word_1_73' title='bbox 257 654 339 709; x_wconf 91' lang='lat' dir='ltr'>modo</span> <span class='ocrx_word' id='word_1_74' title='bbox 360 656 526 711; x_wconf 79' lang='lat' dir='ltr'>mentionem</span> <span class='ocrx_word' id='word_1_75' title='bbox 554 656 630 725; x_wconf 88' lang='lat' dir='ltr'>iacis,</span> <span class='ocrx_word' id='word_1_76' title='bbox 656 657 763 712; x_wconf 85' lang='lat' dir='ltr'>videtur</span> <span class='ocrx_word' id='word_1_77' title='bbox 787 655 866 711; x_wconf 90' lang='lat' dir='ltr'>nobis</span> <span class='ocrx_word' id='word_1_78' title='bbox 916 657 987 727; x_wconf 83' lang='lat' dir='ltr'>Quid</span> <span class='ocrx_word' id='word_1_79' title='bbox 1002 667 1044 713; x_wconf 90' lang='lat' dir='ltr'>est</span> <span class='ocrx_word' id='word_1_80' title='bbox 1057 675 1156 713; x_wconf 89' lang='lat' dir='ltr'>munus</span> <span class='ocrx_word' id='word_1_81' title='bbox 1172 659 1331 729; x_wconf 89' lang='lat' dir='ltr'>relinquere,</span> <span class='ocrx_word' id='word_1_82' title='bbox 1348 666 1375 712; x_wconf 91' lang='lat' dir='ltr'>et</span> <span class='ocrx_word' id='word_1_83' title='bbox 1388 665 1417 711; x_wconf 92' lang='lat' dir='ltr'>ut</span> <span class='ocrx_word' id='word_1_84' title='bbox 1431 665 1457 711; x_wconf 92' lang='lat' dir='ltr'>te</span> <span class='ocrx_word' id='word_1_85' title='bbox 1472 657 1548 711; x_wconf 85' lang='lat' dir='ltr'>iratri</span> <span class='ocrx_word' id='word_1_86' title='bbox 1559 665 1604 711; x_wconf 93' lang='lat' dir='ltr'>tuo</span> <span class='ocrx_word' id='word_1_87' title='bbox 1619 672 1714 712; x_wconf 92' lang='lat' dir='ltr'>recon-</span> 
     </span>
     <span class='ocr_line' id='line_1_7' title="bbox 68 740 1709 815; baseline 0.003 -21"><span class='ocrx_word' id='word_1_88' title='bbox 68 741 141 811; x_wconf 92' lang='lat' dir='ltr'>quod</span> <span class='ocrx_word' id='word_1_89' title='bbox 156 748 220 796; x_wconf 90' lang='lat' dir='ltr'>tune</span> <span class='ocrx_word' id='word_1_90' title='bbox 234 740 370 796; x_wconf 76' lang='lat' dir='ltr'>dimisisti.</span> <span class='ocrx_word' id='word_1_91' title='bbox 387 743 458 798; x_wconf 87' lang='lat' dir='ltr'>Nam</span> <span class='ocrx_word' id='word_1_92' title='bbox 482 751 544 799; x_wconf 91' lang='lat' dir='ltr'>tunc</span> <span class='ocrx_word' id='word_1_93' title='bbox 569 744 681 798; x_wconf 82' lang='lat' dir='ltr'>dimittis</span> <span class='ocrx_word' id='word_1_94' title='bbox 702 759 758 799; x_wconf 92' lang='lat' dir='ltr'>non</span> <span class='ocrx_word' id='word_1_95' title='bbox 780 744 865 800; x_wconf 86' lang='lat' dir='ltr'>verbo</span> <span class='ocrx_word' id='word_1_96' title='bbox 916 746 992 802; x_wconf 82' lang='lat' dir='ltr'>cilies</span> <span class='ocrx_word' id='word_1_97' title='bbox 1006 747 1056 815; x_wconf 89' lang='lat' dir='ltr'>ire,</span> <span class='ocrx_word' id='word_1_98' title='bbox 1072 746 1125 800; x_wconf 92' lang='lat' dir='ltr'>nisi</span> <span class='ocrx_word' id='word_1_99' title='bbox 1140 746 1274 800; x_wconf 92' lang='lat' dir='ltr'>humiliter</span> <span class='ocrx_word' id='word_1_100' title='bbox 1283 745 1390 800; x_wconf 89' lang='lat' dir='ltr'>interim</span> <span class='ocrx_word' id='word_1_101' title='bbox 1403 744 1438 798; x_wconf 95' lang='lat' dir='ltr'>ab</span> <span class='ocrx_word' id='word_1_102' title='bbox 1449 744 1569 799; x_wconf 88' lang='lat' dir='ltr'>oratione</span> <span class='ocrx_word' id='word_1_103' title='bbox 1589 760 1709 812; x_wconf 88' lang='lat' dir='ltr'>cessare,</span> 
     </span>
     <span class='ocr_line' id='line_1_8' title="bbox 67 827 1709 905; baseline 0.001 -21"><span class='ocrx_word' id='word_1_104' title='bbox 67 835 94 884; x_wconf 91' lang='lat' dir='ltr'>et</span> <span class='ocrx_word' id='word_1_105' title='bbox 108 827 212 902; x_wconf 80' lang='lat' dir='ltr'>lingua,</span> <span class='ocrx_word' id='word_1_106' title='bbox 229 829 278 884; x_wconf 90' lang='lat' dir='ltr'>ssd</span> <span class='ocrx_word' id='word_1_107' title='bbox 292 845 376 901; x_wconf 91' lang='lat' dir='ltr'>opere</span> <span class='ocrx_word' id='word_1_108' title='bbox 391 839 417 886; x_wconf 89' lang='lat' dir='ltr'>et</span> <span class='ocrx_word' id='word_1_109' title='bbox 427 831 547 901; x_wconf 87' lang='lat' dir='ltr'>veritate,</span> <span class='ocrx_word' id='word_1_110' title='bbox 572 832 689 903; x_wconf 90' lang='lat' dir='ltr'>implens</span> <span class='ocrx_word' id='word_1_111' title='bbox 709 832 773 886; x_wconf 90' lang='lat' dir='ltr'>illud</span> <span class='ocrx_word' id='word_1_112' title='bbox 794 832 865 902; x_wconf 90' lang='lat' dir='ltr'>quod</span> <span class='ocrx_word' id='word_1_113' title='bbox 916 849 1057 905; x_wconf 93' lang='lat' dir='ltr'>quousque</span> <span class='ocrx_word' id='word_1_114' title='bbox 1066 832 1143 888; x_wconf 83' lang='lat' dir='ltr'>fratri</span> <span class='ocrx_word' id='word_1_115' title='bbox 1158 840 1203 888; x_wconf 92' lang='lat' dir='ltr'>tuo</span> <span class='ocrx_word' id='word_1_116' title='bbox 1211 832 1295 888; x_wconf 84' lang='lat' dir='ltr'>fueris</span> <span class='ocrx_word' id='word_1_117' title='bbox 1310 831 1568 888; x_wconf 77' lang='lat' dir='ltr'>reconciliatusiEt</span> <span class='ocrx_word' id='word_1_118' title='bbox 1578 831 1602 885; x_wconf 93' lang='lat' dir='ltr'>si</span> <span class='ocrx_word' id='word_1_119' title='bbox 1611 832 1646 886; x_wconf 92' lang='lat' dir='ltr'>ita</span> <span class='ocrx_word' id='word_1_120' title='bbox 1658 840 1709 898; x_wconf 87' lang='lat' dir='ltr'>est,</span> 
     </span>
     <span class='ocr_line' id='line_1_9' title="bbox 71 917 1712 993; baseline 0.002 -22"><span class='ocrx_word' id='word_1_121' title='bbox 71 917 203 973; x_wconf 87' lang='lat' dir='ltr'>Dominus</span> <span class='ocrx_word' id='word_1_122' title='bbox 216 917 280 972; x_wconf 85' lang='lat' dir='ltr'>dicit</span> <span class='ocrx_word' id='word_1_123' title='bbox 298 935 305 971; x_wconf 91' lang='lat'><strong>:</strong></span> <span class='ocrx_word' id='word_1_124' title='bbox 320 919 350 974; x_wconf 85' lang='lat' dir='ltr'>st</span> <span class='ocrx_word' id='word_1_125' title='bbox 364 935 422 975; x_wconf 81' lang='lat' dir='ltr'>nou</span> <span class='ocrx_word' id='word_1_126' title='bbox 432 921 601 976; x_wconf 83' lang='lat' dir='ltr'>remiseritis</span> <span class='ocrx_word' id='word_1_127' title='bbox 609 921 866 993; x_wconf 71' lang='lat' dir='ltr'>uuusquisqucfro-</span> <span class='ocrx_word' id='word_1_128' title='bbox 916 934 965 975; x_wconf 93' lang='lat' dir='ltr'>cur</span> <span class='ocrx_word' id='word_1_129' title='bbox 978 921 1086 975; x_wconf 87' lang='lat' dir='ltr'>interim</span> <span class='ocrx_word' id='word_1_130' title='bbox 1101 927 1142 975; x_wconf 90' lang='lat' dir='ltr'>est</span> <span class='ocrx_word' id='word_1_131' title='bbox 1156 919 1189 975; x_wconf 85' lang='lat' dir='ltr'>ab</span> <span class='ocrx_word' id='word_1_132' title='bbox 1204 919 1327 974; x_wconf 89' lang='lat' dir='ltr'>oratione</span> <span class='ocrx_word' id='word_1_133' title='bbox 1336 918 1509 985; x_wconf 82' lang='lat' dir='ltr'>cessandum,</span> <span class='ocrx_word' id='word_1_134' title='bbox 1521 917 1572 972; x_wconf 92' lang='lat' dir='ltr'>nisi</span> <span class='ocrx_word' id='word_1_135' title='bbox 1583 918 1647 989; x_wconf 87' lang='lat' dir='ltr'>quis</span> <span class='ocrx_word' id='word_1_136' title='bbox 1660 933 1712 975; x_wconf 88' lang='lat' dir='ltr'>nec</span> 
     </span>
     <span class='ocr_line' id='line_1_10' title="bbox 69 1004 1710 1079; baseline 0.002 -21"><span class='ocrx_word' id='word_1_137' title='bbox 69 1004 108 1059; x_wconf 88' lang='lat' dir='ltr'>tri</span> <span class='ocrx_word' id='word_1_138' title='bbox 119 1020 168 1060; x_wconf 90' lang='lat' dir='ltr'>suo</span> <span class='ocrx_word' id='word_1_139' title='bbox 183 1005 216 1062; x_wconf 87' lang='lat' dir='ltr'>dc</span> <span class='ocrx_word' id='word_1_140' title='bbox 230 1006 359 1062; x_wconf 77' lang='lat' dir='ltr'>cordibus</span> <span class='ocrx_word' id='word_1_141' title='bbox 375 1009 475 1064; x_wconf 87' lang='lat' dir='ltr'>vestris</span> <span class='ocrx_word' id='word_1_142' title='bbox 490 1008 601 1078; x_wconf 86' lang='lat' dir='ltr'>(linttb.</span> <span class='ocrx_word' id='word_1_143' title='bbox 616 1023 698 1074; x_wconf 82' lang='lat' dir='ltr'>xviri,</span> <span class='ocrx_word' id='word_1_144' title='bbox 719 1008 775 1079; x_wconf 82' lang='lat'>35).</span> <span class='ocrx_word' id='word_1_145' title='bbox 789 1008 866 1063; x_wconf 92' lang='lat' dir='ltr'>Scias</span> <span class='ocrx_word' id='word_1_146' title='bbox 916 1008 974 1063; x_wconf 87' lang='lat' dir='ltr'>Deo</span> <span class='ocrx_word' id='word_1_147' title='bbox 988 1017 1139 1079; x_wconf 85' lang='lat' dir='ltr'>acceptam,</span> <span class='ocrx_word' id='word_1_148' title='bbox 1156 1023 1206 1062; x_wconf 90' lang='lat' dir='ltr'>nec</span> <span class='ocrx_word' id='word_1_149' title='bbox 1230 1007 1277 1062; x_wconf 91' lang='lat' dir='ltr'>tibi</span> <span class='ocrx_word' id='word_1_150' title='bbox 1300 1007 1469 1062; x_wconf 90' lang='lat' dir='ltr'>iruetuosarn</span> <span class='ocrx_word' id='word_1_151' title='bbox 1493 1005 1592 1061; x_wconf 83' lang='lat' dir='ltr'>oiierre</span> <span class='ocrx_word' id='word_1_152' title='bbox 1605 1006 1710 1062; x_wconf 87' lang='lat' dir='ltr'>oratio-</span> 
     </span>
     <span class='ocr_line' id='line_1_11' title="bbox 68 1088 1710 1167; baseline 0.002 -21"><span class='ocrx_word' id='word_1_153' title='bbox 68 1091 173 1167; x_wconf 81' lang='lat' dir='ltr'>absque</span> <span class='ocrx_word' id='word_1_154' title='bbox 192 1093 267 1149; x_wconf 92' lang='lat' dir='ltr'>omni</span> <span class='ocrx_word' id='word_1_155' title='bbox 284 1093 368 1149; x_wconf 91' lang='lat' dir='ltr'>dubio</span> <span class='ocrx_word' id='word_1_156' title='bbox 384 1095 447 1165; x_wconf 91' lang='lat' dir='ltr'>quia</span> <span class='ocrx_word' id='word_1_157' title='bbox 461 1110 542 1150; x_wconf 92' lang='lat' dir='ltr'>omne</span> <span class='ocrx_word' id='word_1_158' title='bbox 560 1095 633 1166; x_wconf 90' lang='lat' dir='ltr'>quod</span> <span class='ocrx_word' id='word_1_159' title='bbox 648 1095 785 1151; x_wconf 90' lang='lat' dir='ltr'>sincerum</span> <span class='ocrx_word' id='word_1_160' title='bbox 810 1110 866 1149; x_wconf 89' lang='lat' dir='ltr'>non</span> <span class='ocrx_word' id='word_1_161' title='bbox 916 1112 979 1151; x_wconf 91' lang='lat' dir='ltr'>nem</span> <span class='ocrx_word' id='word_1_162' title='bbox 992 1088 1173 1167; x_wconf 87' lang='lat' dir='ltr'>poteris,&#39;nisi</span> <span class='ocrx_word' id='word_1_163' title='bbox 1195 1095 1269 1166; x_wconf 92' lang='lat' dir='ltr'>prius</span> <span class='ocrx_word' id='word_1_164' title='bbox 1283 1094 1357 1150; x_wconf 88' lang='lat' dir='ltr'>iratri</span> <span class='ocrx_word' id='word_1_165' title='bbox 1376 1102 1423 1150; x_wconf 93' lang='lat' dir='ltr'>tuo</span> <span class='ocrx_word' id='word_1_166' title='bbox 1441 1094 1633 1150; x_wconf 90' lang='lat' dir='ltr'>reconciliatus</span> <span class='ocrx_word' id='word_1_167' title='bbox 1647 1093 1710 1150; x_wconf 86' lang='lat' dir='ltr'>iue-</span> 
     </span>
     <span class='ocr_line' id='line_1_12' title="bbox 68 1180 1711 1255; baseline 0.002 -19"><span class='ocrx_word' id='word_1_168' title='bbox 68 1187 120 1245; x_wconf 87' lang='lat' dir='ltr'>est,</span> <span class='ocrx_word' id='word_1_169' title='bbox 135 1180 175 1236; x_wconf 91' lang='lat' dir='ltr'>sic</span> <span class='ocrx_word' id='word_1_170' title='bbox 189 1181 247 1236; x_wconf 89' lang='lat' dir='ltr'>Deo</span> <span class='ocrx_word' id='word_1_171' title='bbox 266 1197 321 1237; x_wconf 92' lang='lat' dir='ltr'>uon</span> <span class='ocrx_word' id='word_1_172' title='bbox 342 1190 431 1253; x_wconf 89' lang='lat' dir='ltr'>potest</span> <span class='ocrx_word' id='word_1_173' title='bbox 450 1183 570 1254; x_wconf 88' lang='lat' dir='ltr'>placere,</span> <span class='ocrx_word' id='word_1_174' title='bbox 587 1183 657 1239; x_wconf 90' lang='lat' dir='ltr'>sicut</span> <span class='ocrx_word' id='word_1_175' title='bbox 670 1199 722 1239; x_wconf 86' lang='lat' dir='ltr'>nec</span> <span class='ocrx_word' id='word_1_176' title='bbox 736 1199 799 1238; x_wconf 91' lang='lat' dir='ltr'>eum</span> <span class='ocrx_word' id='word_1_177' title='bbox 814 1199 866 1254; x_wconf 91' lang='lat' dir='ltr'>po·</span> <span class='ocrx_word' id='word_1_178' title='bbox 916 1184 955 1238; x_wconf 90' lang='lat' dir='ltr'>ris</span> <span class='ocrx_word' id='word_1_179' title='bbox 967 1189 979 1239; x_wconf 82' lang='lat' dir='ltr'>t</span> <span class='ocrx_word' id='word_1_180' title='bbox 992 1185 1026 1239; x_wconf 80' lang='lat' dir='ltr'>lit</span> <span class='ocrx_word' id='word_1_181' title='bbox 1042 1184 1151 1255; x_wconf 90' lang='lat' dir='ltr'>quidem</span> <span class='ocrx_word' id='word_1_182' title='bbox 1166 1185 1218 1239; x_wconf 90' lang='lat' dir='ltr'>hoc</span> <span class='ocrx_word' id='word_1_183' title='bbox 1232 1183 1324 1238; x_wconf 90' lang='lat' dir='ltr'>iacere</span> <span class='ocrx_word' id='word_1_184' title='bbox 1346 1190 1425 1253; x_wconf 90' lang='lat' dir='ltr'>potes</span> <span class='ocrx_word' id='word_1_185' title='bbox 1448 1189 1475 1237; x_wconf 92' lang='lat' dir='ltr'>et</span> <span class='ocrx_word' id='word_1_186' title='bbox 1489 1181 1582 1248; x_wconf 86' lang='lat' dir='ltr'>debes,</span> <span class='ocrx_word' id='word_1_187' title='bbox 1601 1182 1625 1236; x_wconf 90' lang='lat' dir='ltr'>si</span> <span class='ocrx_word' id='word_1_188' title='bbox 1638 1198 1711 1253; x_wconf 80' lang='lat' dir='ltr'>prae·</span> 
     </span>
     <span class='ocr_line' id='line_1_13' title="bbox 68 1267 1711 1342; baseline 0.002 -20"><span class='ocrx_word' id='word_1_189' title='bbox 68 1274 121 1322; x_wconf 89' lang='lat' dir='ltr'>test</span> <span class='ocrx_word' id='word_1_190' title='bbox 134 1267 230 1324; x_wconf 85' lang='lat' dir='ltr'>latere.</span> <span class='ocrx_word' id='word_1_191' title='bbox 246 1269 274 1325; x_wconf 91' lang='lat' dir='ltr'>Si</span> <span class='ocrx_word' id='word_1_192' title='bbox 290 1270 400 1341; x_wconf 91' lang='lat' dir='ltr'>quidem</span> <span class='ocrx_word' id='word_1_193' title='bbox 417 1270 499 1341; x_wconf 91' lang='lat' dir='ltr'>plena</span> <span class='ocrx_word' id='word_1_194' title='bbox 521 1271 582 1325; x_wconf 88' lang='lat' dir='ltr'>talis</span> <span class='ocrx_word' id='word_1_195' title='bbox 605 1270 715 1338; x_wconf 90' lang='lat' dir='ltr'>oblivio,</span> <span class='ocrx_word' id='word_1_196' title='bbox 742 1271 802 1342; x_wconf 90' lang='lat' dir='ltr'>ipsa</span> <span class='ocrx_word' id='word_1_197' title='bbox 825 1278 867 1325; x_wconf 89' lang='lat' dir='ltr'>est</span> <span class='ocrx_word' id='word_1_198' title='bbox 917 1288 980 1327; x_wconf 89' lang='lat' dir='ltr'>sens</span> <span class='ocrx_word' id='word_1_199' title='bbox 1001 1272 1080 1327; x_wconf 87' lang='lat' dir='ltr'>luerit</span> <span class='ocrx_word' id='word_1_200' title='bbox 1102 1271 1186 1326; x_wconf 87' lang='lat' dir='ltr'>irater</span> <span class='ocrx_word' id='word_1_201' title='bbox 1200 1279 1270 1336; x_wconf 90' lang='lat' dir='ltr'>tuns,</span> <span class='ocrx_word' id='word_1_202' title='bbox 1288 1286 1369 1342; x_wconf 91' lang='lat' dir='ltr'>quem</span> <span class='ocrx_word' id='word_1_203' title='bbox 1381 1270 1535 1325; x_wconf 88' lang='lat' dir='ltr'>recorderis</span> <span class='ocrx_word' id='word_1_204' title='bbox 1550 1270 1613 1341; x_wconf 89' lang='lat' dir='ltr'>quia</span> <span class='ocrx_word' id='word_1_205' title='bbox 1628 1271 1711 1325; x_wconf 88' lang='lat' dir='ltr'>habet</span> 
     </span>
     <span class='ocr_line' id='line_1_14' title="bbox 68 1355 1711 1428; baseline 0.002 -19"><span class='ocrx_word' id='word_1_206' title='bbox 68 1355 149 1427; x_wconf 90' lang='lat' dir='ltr'>plena</span> <span class='ocrx_word' id='word_1_207' title='bbox 164 1356 300 1412; x_wconf 88' lang='lat' dir='ltr'>remissio.</span> <span class='ocrx_word' id='word_1_208' title='bbox 316 1358 385 1412; x_wconf 85' lang='lat' dir='ltr'>Nem</span> <span class='ocrx_word' id='word_1_209' title='bbox 396 1357 424 1412; x_wconf 92' lang='lat' dir='ltr'>in</span> <span class='ocrx_word' id='word_1_210' title='bbox 433 1357 505 1428; x_wconf 82' lang='lat' dir='ltr'>Lege</span> <span class='ocrx_word' id='word_1_211' title='bbox 516 1358 646 1428; x_wconf 91' lang='lat' dir='ltr'>scriptum</span> <span class='ocrx_word' id='word_1_212' title='bbox 660 1366 701 1413; x_wconf 91' lang='lat' dir='ltr'>est</span> <span class='ocrx_word' id='word_1_213' title='bbox 718 1372 724 1411; x_wconf 94' lang='lat'>:</span> <span class='ocrx_word' id='word_1_214' title='bbox 741 1359 795 1414; x_wconf 86' lang='lat' dir='ltr'>Nec</span> <span class='ocrx_word' id='word_1_215' title='bbox 805 1374 866 1413; x_wconf 86' lang='lat' dir='ltr'>ute·</span> <span class='ocrx_word' id='word_1_216' title='bbox 915 1360 1018 1428; x_wconf 88' lang='lat' dir='ltr'>aliquid</span> <span class='ocrx_word' id='word_1_217' title='bbox 1029 1359 1161 1414; x_wconf 85' lang='lat' dir='ltr'>adversus</span> <span class='ocrx_word' id='word_1_218' title='bbox 1175 1367 1210 1414; x_wconf 89' lang='lat' dir='ltr'>te.</span> <span class='ocrx_word' id='word_1_219' title='bbox 1228 1359 1256 1414; x_wconf 90' lang='lat' dir='ltr'>Si</span> <span class='ocrx_word' id='word_1_220' title='bbox 1269 1365 1357 1412; x_wconf 87' lang='lat' dir='ltr'>autem</span> <span class='ocrx_word' id='word_1_221' title='bbox 1373 1366 1426 1411; x_wconf 85' lang='lat' dir='ltr'>tam</span> <span class='ocrx_word' id='word_1_222' title='bbox 1439 1357 1520 1428; x_wconf 83' lang='lat' dir='ltr'>longe</span> <span class='ocrx_word' id='word_1_223' title='bbox 1535 1373 1551 1411; x_wconf 92' lang='lat' dir='ltr'>a</span> <span class='ocrx_word' id='word_1_224' title='bbox 1569 1366 1595 1413; x_wconf 90' lang='lat' dir='ltr'>te</span> <span class='ocrx_word' id='word_1_225' title='bbox 1610 1359 1711 1413; x_wconf 82' lang='lat' dir='ltr'>absens</span> 
     </span>
     <span class='ocr_line' id='line_1_15' title="bbox 68 1444 1710 1515; baseline 0.003 -19"><span class='ocrx_word' id='word_1_226' title='bbox 68 1444 732 1515; x_wconf 83' lang='lat' dir='ltr'>morerisinjurioeciniumtuorum(Lcuit.xrx,</span> <span class='ocrx_word' id='word_1_227' title='bbox 746 1449 799 1515; x_wconf 82' lang='lat'>18).</span> <span class='ocrx_word' id='word_1_228' title='bbox 812 1445 867 1500; x_wconf 90' lang='lat' dir='ltr'>Sed</span> <span class='ocrx_word' id='word_1_229' title='bbox 916 1448 943 1502; x_wconf 93' lang='lat' dir='ltr'>in</span> <span class='ocrx_word' id='word_1_230' title='bbox 967 1449 1086 1503; x_wconf 84' lang='lat' dir='ltr'>hactus</span> <span class='ocrx_word' id='word_1_231' title='bbox 1109 1446 1296 1503; x_wconf 73' lang='lat' dir='ltr'>recordatione</span> <span class='ocrx_word' id='word_1_232' title='bbox 1324 1445 1413 1514; x_wconf 88' lang='lat' dir='ltr'>luerit,</span> <span class='ocrx_word' id='word_1_233' title='bbox 1442 1445 1575 1501; x_wconf 84' lang='lat' dir='ltr'>utstatim</span> <span class='ocrx_word' id='word_1_234' title='bbox 1599 1446 1632 1500; x_wconf 87' lang='lat' dir='ltr'>ad</span> <span class='ocrx_word' id='word_1_235' title='bbox 1648 1462 1710 1501; x_wconf 90' lang='lat' dir='ltr'>aum</span> 
     </span>
     <span class='ocr_line' id='line_1_16' title="bbox 69 1532 1712 1608; baseline 0.002 -22"><span class='ocrx_word' id='word_1_236' title='bbox 69 1539 96 1586; x_wconf 86' lang='lat' dir='ltr'>et</span> <span class='ocrx_word' id='word_1_237' title='bbox 110 1538 215 1587; x_wconf 91' lang='lat' dir='ltr'>mortuo</span> <span class='ocrx_word' id='word_1_238' title='bbox 231 1541 257 1587; x_wconf 93' lang='lat' dir='ltr'>et</span> <span class='ocrx_word' id='word_1_239' title='bbox 272 1532 377 1603; x_wconf 90' lang='lat' dir='ltr'>sepulto</span> <span class='ocrx_word' id='word_1_240' title='bbox 394 1541 470 1604; x_wconf 87' lang='lat' dir='ltr'>patre</span> <span class='ocrx_word' id='word_1_241' title='bbox 494 1549 588 1588; x_wconf 89' lang='lat' dir='ltr'>corum</span> <span class='ocrx_word' id='word_1_242' title='bbox 608 1534 690 1589; x_wconf 83' lang='lat' dir='ltr'>Jacob</span> <span class='ocrx_word' id='word_1_243' title='bbox 706 1533 804 1588; x_wconf 87' lang='lat' dir='ltr'>iratres</span> <span class='ocrx_word' id='word_1_244' title='bbox 817 1534 866 1588; x_wconf 89' lang='lat' dir='ltr'>Jo—</span> <span class='ocrx_word' id='word_1_245' title='bbox 916 1552 1014 1608; x_wconf 81' lang='lat' dir='ltr'>gressu</span> <span class='ocrx_word' id='word_1_246' title='bbox 1027 1535 1162 1606; x_wconf 88' lang='lat' dir='ltr'>corporali</span> <span class='ocrx_word' id='word_1_247' title='bbox 1176 1534 1331 1606; x_wconf 83' lang='lat' dir='ltr'>pertingere</span> <span class='ocrx_word' id='word_1_248' title='bbox 1344 1548 1399 1588; x_wconf 90' lang='lat' dir='ltr'>non</span> <span class='ocrx_word' id='word_1_249' title='bbox 1413 1533 1512 1604; x_wconf 87' lang='lat' dir='ltr'>possis,</span> <span class='ocrx_word' id='word_1_250' title='bbox 1527 1532 1569 1588; x_wconf 89' lang='lat' dir='ltr'>iac</span> <span class='ocrx_word' id='word_1_251' title='bbox 1583 1534 1610 1588; x_wconf 91' lang='lat' dir='ltr'>in</span> <span class='ocrx_word' id='word_1_252' title='bbox 1627 1535 1712 1590; x_wconf 91' lang='lat' dir='ltr'>corde</span> 
     </span>
     <span class='ocr_line' id='line_1_17' title="bbox 69 1620 1707 1711; baseline 0.002 -38"><span class='ocrx_word' id='word_1_253' title='bbox 69 1620 137 1691; x_wconf 84' lang='lat' dir='ltr'>seplr</span> <span class='ocrx_word' id='word_1_254' title='bbox 148 1620 377 1675; x_wconf 83' lang='lat' dir='ltr'>mandaveruntci</span> <span class='ocrx_word' id='word_1_255' title='bbox 390 1639 396 1675; x_wconf 95' lang='lat'>:</span> <span class='ocrx_word' id='word_1_256' title='bbox 410 1623 573 1677; x_wconf 85' lang='lat' dir='ltr'>Potertnus</span> <span class='ocrx_word' id='word_1_257' title='bbox 582 1623 901 1711; x_wconf 77' lang='lat' dir='ltr'>precepituobisurt·B</span> <span class='ocrx_word' id='word_1_258' title='bbox 916 1631 973 1689; x_wconf 92' lang='lat' dir='ltr'>tuo,</span> <span class='ocrx_word' id='word_1_259' title='bbox 990 1638 1083 1679; x_wconf 89' lang='lat' dir='ltr'>coram</span> <span class='ocrx_word' id='word_1_260' title='bbox 1105 1638 1138 1678; x_wconf 94' lang='lat' dir='ltr'>eo</span> <span class='ocrx_word' id='word_1_261' title='bbox 1166 1623 1212 1694; x_wconf 92' lang='lat' dir='ltr'>qui</span> <span class='ocrx_word' id='word_1_262' title='bbox 1235 1622 1357 1691; x_wconf 88' lang='lat' dir='ltr'>ejusdem</span> <span class='ocrx_word' id='word_1_263' title='bbox 1381 1621 1472 1676; x_wconf 89' lang='lat' dir='ltr'>cordis</span> <span class='ocrx_word' id='word_1_264' title='bbox 1498 1620 1636 1692; x_wconf 89' lang='lat' dir='ltr'>inspector</span> <span class='ocrx_word' id='word_1_265' title='bbox 1657 1631 1707 1688; x_wconf 88' lang='lat' dir='ltr'>est,</span> 
     </span>
     <span class='ocr_line' id='line_1_18' title="bbox 71 1708 1712 1782; baseline 0.001 -19"><span class='ocrx_word' id='word_1_266' title='bbox 71 1711 362 1780; x_wconf 79' lang='lat' dir='ltr'>tequnmmoreretur,</span> <span class='ocrx_word' id='word_1_267' title='bbox 377 1713 411 1765; x_wconf 88' lang='lat' dir='ltr'>ut</span> <span class='ocrx_word' id='word_1_268' title='bbox 426 1708 484 1764; x_wconf 83' lang='lat' dir='ltr'>boec</span> <span class='ocrx_word' id='word_1_269' title='bbox 498 1711 549 1764; x_wconf 85' lang='lat' dir='ltr'>tibi</span> <span class='ocrx_word' id='word_1_270' title='bbox 563 1711 740 1766; x_wconf 85' lang='lat' dir='ltr'>uerbisiltr&#39;us</span> <span class='ocrx_word' id='word_1_271' title='bbox 755 1711 864 1766; x_wconf 87' lang='lat' dir='ltr'>dicere·</span> <span class='ocrx_word' id='word_1_272' title='bbox 916 1711 990 1766; x_wconf 88' lang='lat' dir='ltr'>iratri</span> <span class='ocrx_word' id='word_1_273' title='bbox 1004 1719 1050 1766; x_wconf 93' lang='lat' dir='ltr'>tuo</span> <span class='ocrx_word' id='word_1_274' title='bbox 1063 1711 1137 1781; x_wconf 84' lang='lat' dir='ltr'>(ticet</span> <span class='ocrx_word' id='word_1_275' title='bbox 1150 1710 1231 1782; x_wconf 86' lang='lat' dir='ltr'>longe</span> <span class='ocrx_word' id='word_1_276' title='bbox 1255 1712 1289 1764; x_wconf 89' lang='lat' dir='ltr'>sit</span> <span class='ocrx_word' id='word_1_277' title='bbox 1312 1709 1424 1780; x_wconf 84' lang='lat' dir='ltr'>absens)</span> <span class='ocrx_word' id='word_1_278' title='bbox 1438 1709 1511 1780; x_wconf 93' lang='lat' dir='ltr'>quod</span> <span class='ocrx_word' id='word_1_279' title='bbox 1534 1708 1558 1763; x_wconf 90' lang='lat' dir='ltr'>ei</span> <span class='ocrx_word' id='word_1_280' title='bbox 1574 1724 1656 1780; x_wconf 91' lang='lat' dir='ltr'>opere</span> <span class='ocrx_word' id='word_1_281' title='bbox 1671 1709 1684 1764; x_wconf 91' lang='lat' dir='ltr'>i</span> <span class='ocrx_word' id='word_1_282' title='bbox 1699 1738 1712 1750; x_wconf 91' lang='lat'><strong>·</strong></span> 
     </span>
     <span class='ocr_line' id='line_1_19' title="bbox 69 1796 1713 1870; baseline 0.001 -20"><span class='ocrx_word' id='word_1_283' title='bbox 69 1811 133 1852; x_wconf 87' lang='lat' dir='ltr'>mus</span> <span class='ocrx_word' id='word_1_284' title='bbox 158 1816 167 1851; x_wconf 76' lang='grc' dir='ltr'><strong><em>ε</em></strong></span> <span class='ocrx_word' id='word_1_285' title='bbox 192 1797 305 1853; x_wconf 79' lang='lat' dir='ltr'>Obsecro</span> <span class='ocrx_word' id='word_1_286' title='bbox 331 1801 364 1852; x_wconf 90' lang='lat' dir='ltr'>ut</span> <span class='ocrx_word' id='word_1_287' title='bbox 390 1797 565 1853; x_wconf 86' lang='lat' dir='ltr'>obliuiscaris</span> <span class='ocrx_word' id='word_1_288' title='bbox 592 1799 705 1854; x_wconf 86' lang='lat' dir='ltr'>sceteris</span> <span class='ocrx_word' id='word_1_289' title='bbox 739 1801 866 1870; x_wconf 73' lang='lat' dir='ltr'>fratrum</span> <span class='ocrx_word' id='word_1_290' title='bbox 916 1814 978 1855; x_wconf 89' lang='lat' dir='ltr'>cere</span> <span class='ocrx_word' id='word_1_291' title='bbox 992 1798 1118 1863; x_wconf 88' lang='lat' dir='ltr'>deberes,</span> <span class='ocrx_word' id='word_1_292' title='bbox 1135 1799 1158 1852; x_wconf 91' lang='lat' dir='ltr'>si</span> <span class='ocrx_word' id='word_1_293' title='bbox 1173 1798 1281 1853; x_wconf 89' lang='lat' dir='ltr'>adesset</span> <span class='ocrx_word' id='word_1_294' title='bbox 1293 1813 1425 1868; x_wconf 88' lang='lat' dir='ltr'>praesens.</span> <span class='ocrx_word' id='word_1_295' title='bbox 1443 1797 1475 1851; x_wconf 81' lang='lat' dir='ltr'>tn</span> <span class='ocrx_word' id='word_1_296' title='bbox 1492 1797 1543 1851; x_wconf 88' lang='lat' dir='ltr'>boc</span> <span class='ocrx_word' id='word_1_297' title='bbox 1558 1797 1665 1852; x_wconf 88' lang='lat' dir='ltr'>interim</span> <span class='ocrx_word' id='word_1_298' title='bbox 1675 1796 1713 1852; x_wconf 87' lang='lat' dir='ltr'>ia·</span> 
     </span>
     <span class='ocr_line' id='line_1_20' title="bbox 72 1885 1712 1958; baseline 0 -19"><span class='ocrx_word' id='word_1_299' title='bbox 72 1888 194 1949; x_wconf 84' lang='lat' dir='ltr'>tuorum,</span> <span class='ocrx_word' id='word_1_300' title='bbox 211 1888 240 1939; x_wconf 87' lang='lat' dir='ltr'>et</span> <span class='ocrx_word' id='word_1_301' title='bbox 255 1886 375 1956; x_wconf 84' lang='lat' dir='ltr'>peccati,</span> <span class='ocrx_word' id='word_1_302' title='bbox 391 1889 475 1957; x_wconf 90' lang='lat' dir='ltr'>etque</span> <span class='ocrx_word' id='word_1_303' title='bbox 489 1886 610 1940; x_wconf 81' lang='lat' dir='ltr'>malitiae</span> <span class='ocrx_word' id='word_1_304' title='bbox 627 1902 712 1958; x_wconf 86' lang='lat' dir='ltr'>quom</span> <span class='ocrx_word' id='word_1_305' title='bbox 728 1902 866 1941; x_wconf 80' lang='lat' dir='ltr'>euereuc-</span> <span class='ocrx_word' id='word_1_306' title='bbox 917 1888 991 1954; x_wconf 85' lang='lat' dir='ltr'>cias,</span> <span class='ocrx_word' id='word_1_307' title='bbox 1017 1902 1159 1957; x_wconf 89' lang='lat' dir='ltr'>quousque</span> <span class='ocrx_word' id='word_1_308' title='bbox 1181 1885 1292 1940; x_wconf 81' lang='lat' dir='ltr'>fratrem</span> <span class='ocrx_word' id='word_1_309' title='bbox 1319 1893 1395 1940; x_wconf 92' lang='lat' dir='ltr'>tuum</span> <span class='ocrx_word' id='word_1_310' title='bbox 1418 1885 1520 1939; x_wconf 85' lang='lat' dir='ltr'>babere</span> <span class='ocrx_word' id='word_1_311' title='bbox 1548 1893 1712 1956; x_wconf 78' lang='lat' dir='ltr'>praesentem</span> 
     </span>
     <span class='ocr_line' id='line_1_21' title="bbox 69 1973 1713 2047; baseline 0.002 -21"><span class='ocrx_word' id='word_1_312' title='bbox 69 1979 140 2026; x_wconf 84' lang='lat' dir='ltr'>runt</span> <span class='ocrx_word' id='word_1_313' title='bbox 152 1974 182 2026; x_wconf 84' lang='lat' dir='ltr'>t&#39;rt</span> <span class='ocrx_word' id='word_1_314' title='bbox 195 1975 222 2027; x_wconf 86' lang='lat' dir='ltr'>te</span> <span class='ocrx_word' id='word_1_315' title='bbox 235 1973 314 2042; x_wconf 84' lang='lat' dir='ltr'>(Gen.</span> <span class='ocrx_word' id='word_1_316' title='bbox 330 1974 425 2042; x_wconf 64' lang='lat' dir='ltr'>nil).</span> <span class='ocrx_word' id='word_1_317' title='bbox 441 1973 477 2028; x_wconf 88' lang='lat' dir='ltr'>Ut</span> <span class='ocrx_word' id='word_1_318' title='bbox 492 1980 582 2027; x_wconf 90' lang='lat' dir='ltr'>eutem</span> <span class='ocrx_word' id='word_1_319' title='bbox 598 1973 716 2028; x_wconf 88' lang='lat' dir='ltr'>sciamus</span> <span class='ocrx_word' id='word_1_320' title='bbox 731 1973 794 2044; x_wconf 91' lang='lat' dir='ltr'>quia</span> <span class='ocrx_word' id='word_1_321' title='bbox 808 1973 867 2028; x_wconf 85' lang='lat' dir='ltr'>talis</span> <span class='ocrx_word' id='word_1_322' title='bbox 918 1992 1012 2047; x_wconf 86' lang='lat' dir='ltr'>queas,</span> <span class='ocrx_word' id='word_1_323' title='bbox 1025 1983 1053 2029; x_wconf 94' lang='lat' dir='ltr'>ut</span> <span class='ocrx_word' id='word_1_324' title='bbox 1064 1975 1089 2028; x_wconf 91' lang='lat' dir='ltr'>ei</span> <span class='ocrx_word' id='word_1_325' title='bbox 1103 1973 1192 2030; x_wconf 89' lang='lat' dir='ltr'>iacias</span> <span class='ocrx_word' id='word_1_326' title='bbox 1203 1973 1400 2044; x_wconf 84' lang='lat' dir='ltr'>tuucpraesenti</span> <span class='ocrx_word' id='word_1_327' title='bbox 1409 1973 1436 2026; x_wconf 90' lang='lat' dir='ltr'>in</span> <span class='ocrx_word' id='word_1_328' title='bbox 1446 1980 1548 2043; x_wconf 88' lang='lat' dir='ltr'>aperto,</span> <span class='ocrx_word' id='word_1_329' title='bbox 1560 1974 1632 2044; x_wconf 91' lang='lat' dir='ltr'>quod</span> <span class='ocrx_word' id='word_1_330' title='bbox 1642 1988 1713 2030; x_wconf 86' lang='lat' dir='ltr'>nune</span> 
     </span>
     <span class='ocr_line' id='line_1_22' title="bbox 69 2059 1712 2133; baseline 0.002 -19"><span class='ocrx_word' id='word_1_331' title='bbox 69 2059 171 2114; x_wconf 89' lang='lat' dir='ltr'>oblivio</span> <span class='ocrx_word' id='word_1_332' title='bbox 182 2059 304 2116; x_wconf 84' lang='lat' dir='ltr'>dimissio</span> <span class='ocrx_word' id='word_1_333' title='bbox 318 2061 361 2127; x_wconf 90' lang='lat' dir='ltr'>sit,</span> <span class='ocrx_word' id='word_1_334' title='bbox 372 2060 534 2116; x_wconf 83' lang='lat' dir='ltr'>addiderunt</span> <span class='ocrx_word' id='word_1_335' title='bbox 550 2078 557 2114; x_wconf 92' lang='lat'><strong>:</strong></span> <span class='ocrx_word' id='word_1_336' title='bbox 574 2062 628 2116; x_wconf 86' lang='lat' dir='ltr'>Nes</span> <span class='ocrx_word' id='word_1_337' title='bbox 639 2077 743 2133; x_wconf 88' lang='lat' dir='ltr'>quoque</span> <span class='ocrx_word' id='word_1_338' title='bbox 753 2077 868 2116; x_wconf 85' lang='lat' dir='ltr'>orumus</span> <span class='ocrx_word' id='word_1_339' title='bbox 918 2063 943 2118; x_wconf 92' lang='lat' dir='ltr'>ei</span> <span class='ocrx_word' id='word_1_340' title='bbox 958 2078 1049 2119; x_wconf 87' lang='lat' dir='ltr'>coram</span> <span class='ocrx_word' id='word_1_341' title='bbox 1063 2063 1121 2117; x_wconf 89' lang='lat' dir='ltr'>Deo</span> <span class='ocrx_word' id='word_1_342' title='bbox 1136 2061 1220 2116; x_wconf 91' lang='lat' dir='ltr'>iacias</span> <span class='ocrx_word' id='word_1_343' title='bbox 1230 2061 1336 2117; x_wconf 88' lang='lat' dir='ltr'>absenti</span> <span class='ocrx_word' id='word_1_344' title='bbox 1345 2061 1373 2114; x_wconf 93' lang='lat' dir='ltr'>in</span> <span class='ocrx_word' id='word_1_345' title='bbox 1387 2061 1507 2116; x_wconf 92' lang='lat' dir='ltr'>occulto.</span> <span class='ocrx_word' id='word_1_346' title='bbox 1521 2061 1712 2132; x_wconf 81' lang='lat' dir='ltr'>litquomodo,</span> 
     </span>
    </p>
   </div>
   <div class='ocr_carea' id='block_1_3' title="bbox 70 2147 1808 2221">
    <p class='ocr_par' dir='ltr' id='par_1_3' title="bbox 70 2147 1808 2221">
     <span class='ocr_line' id='line_1_23' title="bbox 70 2147 1808 2221; baseline 0.002 -18"><span class='ocrx_word' id='word_1_347' title='bbox 70 2151 104 2203; x_wconf 89' lang='lat' dir='ltr'>ut</span> <span class='ocrx_word' id='word_1_348' title='bbox 118 2149 227 2219; x_wconf 80' lang='lat' dir='ltr'>fomute</span> <span class='ocrx_word' id='word_1_349' title='bbox 235 2149 284 2203; x_wconf 88' lang='lat' dir='ltr'>Dei</span> <span class='ocrx_word' id='word_1_350' title='bbox 299 2149 433 2220; x_wconf 79' lang='lat' dir='ltr'>patrituo</span> <span class='ocrx_word' id='word_1_351' title='bbox 443 2148 574 2204; x_wconf 86' lang='lat' dir='ltr'>dimittes</span> <span class='ocrx_word' id='word_1_352' title='bbox 588 2149 771 2221; x_wconf 84' lang='lat' dir='ltr'>iniquitatem</span> <span class='ocrx_word' id='word_1_353' title='bbox 783 2149 866 2203; x_wconf 87' lang='lat' dir='ltr'>boue.</span> <span class='ocrx_word' id='word_1_354' title='bbox 917 2151 967 2219; x_wconf 87' lang='lat' dir='ltr'>ais,</span> <span class='ocrx_word' id='word_1_355' title='bbox 983 2151 1029 2206; x_wconf 88' lang='lat' dir='ltr'>liet</span> <span class='ocrx_word' id='word_1_356' title='bbox 1043 2150 1114 2204; x_wconf 91' lang='lat' dir='ltr'>istud</span> <span class='ocrx_word' id='word_1_357' title='bbox 1124 2150 1137 2203; x_wconf 77' lang='lat' dir='ltr'>i</span> <span class='ocrx_word' id='word_1_358' title='bbox 1149 2150 1231 2214; x_wconf 85' lang='lat' dir='ltr'>Ecce,</span> <span class='ocrx_word' id='word_1_359' title='bbox 1248 2150 1360 2204; x_wconf 85' lang='lat' dir='ltr'>adverte</span> <span class='ocrx_word' id='word_1_360' title='bbox 1375 2164 1429 2219; x_wconf 93' lang='lat' dir='ltr'>quo</span> <span class='ocrx_word' id='word_1_361' title='bbox 1444 2149 1526 2204; x_wconf 90' lang='lat' dir='ltr'>modo</span> <span class='ocrx_word' id='word_1_362' title='bbox 1540 2147 1585 2204; x_wconf 84' lang='lat' dir='ltr'>fiet</span> <span class='ocrx_word' id='word_1_363' title='bbox 1598 2150 1713 2205; x_wconf 85' lang='lat' dir='ltr'>:liunus</span> <span class='ocrx_word' id='word_1_364' title='bbox 1806 2163 1808 2172; x_wconf 92' lang='grc'><strong><em>·</em></strong></span> 
     </span>
    </p>
   </div>
   <div class='ocr_carea' id='block_1_4' title="bbox 68 2235 1751 5466">
    <p class='ocr_par' dir='ltr' id='par_1_4' title="bbox 68 2235 1751 5466">
     <span class='ocr_line' id='line_1_24' title="bbox 72 2235 1714 2317; baseline 0.003 -28"><span class='ocrx_word' id='word_1_365' title='bbox 72 2235 154 2303; x_wconf 87' lang='grc' dir='ltr'>Εοοο,</span> <span class='ocrx_word' id='word_1_366' title='bbox 171 2235 235 2306; x_wconf 85' lang='lat' dir='ltr'>quia</span> <span class='ocrx_word' id='word_1_367' title='bbox 248 2236 321 2307; x_wconf 89' lang='lat' dir='ltr'>quod</span> <span class='ocrx_word' id='word_1_368' title='bbox 335 2236 735 2307; x_wconf 86' lang='lat' dir='ltr'>priusvocabantoblivionem,</span> <span class='ocrx_word' id='word_1_369' title='bbox 747 2237 802 2306; x_wconf 87' lang='lat' dir='ltr'>jam</span> <span class='ocrx_word' id='word_1_370' title='bbox 817 2252 868 2291; x_wconf 86' lang='lat' dir='ltr'>vo·</span> <span class='ocrx_word' id='word_1_371' title='bbox 919 2247 1004 2305; x_wconf 87' lang='lat' dir='ltr'>tuum,</span> <span class='ocrx_word' id='word_1_372' title='bbox 1020 2239 1073 2317; x_wconf 83' lang='lat' dir='ltr'>lroc</span> <span class='ocrx_word' id='word_1_373' title='bbox 1086 2245 1137 2303; x_wconf 89' lang='lat' dir='ltr'>est,</span> <span class='ocrx_word' id='word_1_374' title='bbox 1155 2237 1346 2292; x_wconf 86' lang='lat' dir='ltr'>orationistuae</span> <span class='ocrx_word' id='word_1_375' title='bbox 1360 2236 1531 2292; x_wconf 87' lang='lat' dir='ltr'>devotionem</span> <span class='ocrx_word' id='word_1_376' title='bbox 1546 2235 1646 2293; x_wconf 86' lang='lat' dir='ltr'>oiserre</span> <span class='ocrx_word' id='word_1_377' title='bbox 1656 2239 1714 2294; x_wconf 91' lang='lat' dir='ltr'>Deo</span> 
     </span>
     <span class='ocr_line' id='line_1_25' title="bbox 69 2322 1716 2399; baseline 0.001 -21"><span class='ocrx_word' id='word_1_378' title='bbox 69 2330 131 2378; x_wconf 86' lang='lat' dir='ltr'>cant</span> <span class='ocrx_word' id='word_1_379' title='bbox 145 2322 340 2379; x_wconf 89' lang='lat' dir='ltr'>dimissionem.</span> <span class='ocrx_word' id='word_1_380' title='bbox 366 2323 445 2392; x_wconf 88' lang='lat' dir='ltr'>Quod</span> <span class='ocrx_word' id='word_1_381' title='bbox 461 2325 483 2378; x_wconf 93' lang='lat' dir='ltr'>si</span> <span class='ocrx_word' id='word_1_382' title='bbox 507 2324 575 2379; x_wconf 90' lang='lat' dir='ltr'>iorte</span> <span class='ocrx_word' id='word_1_383' title='bbox 598 2324 793 2392; x_wconf 88' lang='lat' dir='ltr'>reminisceris,</span> <span class='ocrx_word' id='word_1_384' title='bbox 819 2324 869 2378; x_wconf 91' lang='lat' dir='ltr'>sed</span> <span class='ocrx_word' id='word_1_385' title='bbox 918 2342 1087 2399; x_wconf 88' lang='lat' dir='ltr'>proponens,</span> <span class='ocrx_word' id='word_1_386' title='bbox 1105 2334 1131 2381; x_wconf 92' lang='lat' dir='ltr'>et</span> <span class='ocrx_word' id='word_1_387' title='bbox 1144 2327 1213 2380; x_wconf 89' lang='lat' dir='ltr'>hora</span> <span class='ocrx_word' id='word_1_388' title='bbox 1225 2325 1281 2392; x_wconf 89' lang='lat' dir='ltr'>illa,</span> <span class='ocrx_word' id='word_1_389' title='bbox 1300 2325 1365 2396; x_wconf 91' lang='lat' dir='ltr'>quia</span> <span class='ocrx_word' id='word_1_390' title='bbox 1379 2323 1463 2379; x_wconf 87' lang='lat' dir='ltr'>irater</span> <span class='ocrx_word' id='word_1_391' title='bbox 1485 2333 1545 2379; x_wconf 90' lang='lat' dir='ltr'>tuus</span> <span class='ocrx_word' id='word_1_392' title='bbox 1560 2325 1643 2380; x_wconf 87' lang='lat' dir='ltr'>habet</span> <span class='ocrx_word' id='word_1_393' title='bbox 1662 2326 1716 2380; x_wconf 88' lang='lat' dir='ltr'>ali·</span> 
     </span>
     <span class='ocr_line' id='line_1_26' title="bbox 68 2410 1713 2487; baseline 0.002 -23"><span class='ocrx_word' id='word_1_394' title='bbox 68 2410 144 2466; x_wconf 91' lang='lat' dir='ltr'>nullo</span> <span class='ocrx_word' id='word_1_395' title='bbox 158 2427 270 2482; x_wconf 89' lang='lat' dir='ltr'>prorsus</span> <span class='ocrx_word' id='word_1_396' title='bbox 283 2411 378 2467; x_wconf 89' lang='lat' dir='ltr'>dolore</span> <span class='ocrx_word' id='word_1_397' title='bbox 398 2411 530 2482; x_wconf 82' lang='lat' dir='ltr'>tangeris,</span> <span class='ocrx_word' id='word_1_398' title='bbox 547 2412 663 2467; x_wconf 92' lang='lat' dir='ltr'>dicimus</span> <span class='ocrx_word' id='word_1_399' title='bbox 683 2411 732 2465; x_wconf 94' lang='lat' dir='ltr'>tibi</span> <span class='ocrx_word' id='word_1_400' title='bbox 752 2411 813 2483; x_wconf 88' lang='lat' dir='ltr'>quia</span> <span class='ocrx_word' id='word_1_401' title='bbox 831 2410 869 2466; x_wconf 89' lang='lat' dir='ltr'>di·</span> <span class='ocrx_word' id='word_1_402' title='bbox 918 2415 1124 2487; x_wconf 84' lang='lat' dir='ltr'>quidadrersns</span> <span class='ocrx_word' id='word_1_403' title='bbox 1140 2421 1175 2478; x_wconf 88' lang='lat' dir='ltr'>te,</span> <span class='ocrx_word' id='word_1_404' title='bbox 1191 2413 1381 2479; x_wconf 83' lang='lat' dir='ltr'>reminiscens,</span> <span class='ocrx_word' id='word_1_405' title='bbox 1404 2413 1554 2467; x_wconf 88' lang='lat' dir='ltr'>orationem</span> <span class='ocrx_word' id='word_1_406' title='bbox 1575 2420 1650 2468; x_wconf 90' lang='lat' dir='ltr'>tuam</span> <span class='ocrx_word' id='word_1_407' title='bbox 1669 2413 1713 2468; x_wconf 91' lang='lat' dir='ltr'>in-</span> 
     </span>
     <span class='ocr_line' id='line_1_27' title="bbox 68 2498 1715 2572; baseline 0.002 -20"><span class='ocrx_word' id='word_1_408' title='bbox 68 2498 162 2553; x_wconf 90' lang='lat' dir='ltr'>mittis.</span> <span class='ocrx_word' id='word_1_409' title='bbox 183 2500 254 2558; x_wconf 87' lang='lat' dir='ltr'>Nam</span> <span class='ocrx_word' id='word_1_410' title='bbox 277 2501 439 2571; x_wconf 91' lang='lat' dir='ltr'>pierumque</span> <span class='ocrx_word' id='word_1_411' title='bbox 454 2500 570 2554; x_wconf 92' lang='lat' dir='ltr'>tristium</span> <span class='ocrx_word' id='word_1_412' title='bbox 586 2499 640 2555; x_wconf 84' lang='lat' dir='ltr'>laeti</span> <span class='ocrx_word' id='word_1_413' title='bbox 656 2500 867 2562; x_wconf 86' lang='lat' dir='ltr'>reminiscimur,</span> <span class='ocrx_word' id='word_1_414' title='bbox 919 2503 999 2557; x_wconf 91' lang='lat' dir='ltr'>terim</span> <span class='ocrx_word' id='word_1_415' title='bbox 1012 2500 1111 2557; x_wconf 84' lang='lat' dir='ltr'>offerre</span> <span class='ocrx_word' id='word_1_416' title='bbox 1125 2499 1244 2569; x_wconf 85' lang='lat' dir='ltr'>differas,</span> <span class='ocrx_word' id='word_1_417' title='bbox 1261 2516 1404 2571; x_wconf 87' lang='lat' dir='ltr'>quousque</span> <span class='ocrx_word' id='word_1_418' title='bbox 1418 2501 1491 2572; x_wconf 92' lang='lat' dir='ltr'>quod</span> <span class='ocrx_word' id='word_1_419' title='bbox 1504 2501 1619 2555; x_wconf 89' lang='lat' dir='ltr'>dicimus</span> <span class='ocrx_word' id='word_1_420' title='bbox 1633 2502 1715 2556; x_wconf 91' lang='lat' dir='ltr'>modo</span> 
     </span>
     <span class='ocr_line' id='line_1_28' title="bbox 70 2586 1717 2660; baseline 0.001 -18"><span class='ocrx_word' id='word_1_421' title='bbox 70 2593 97 2642; x_wconf 91' lang='lat' dir='ltr'>et</span> <span class='ocrx_word' id='word_1_422' title='bbox 109 2587 166 2654; x_wconf 88' lang='lat' dir='ltr'>jam</span> <span class='ocrx_word' id='word_1_423' title='bbox 190 2587 311 2657; x_wconf 83' lang='lat' dir='ltr'>perfecte</span> <span class='ocrx_word' id='word_1_424' title='bbox 335 2587 403 2655; x_wconf 85' lang='lat' dir='ltr'>sani,</span> <span class='ocrx_word' id='word_1_425' title='bbox 428 2603 517 2660; x_wconf 84' lang='lat' dir='ltr'>aegros</span> <span class='ocrx_word' id='word_1_426' title='bbox 540 2603 591 2642; x_wconf 89' lang='lat' dir='ltr'>nos</span> <span class='ocrx_word' id='word_1_427' title='bbox 615 2587 759 2658; x_wconf 87' lang='lat' dir='ltr'>aliqnando</span> <span class='ocrx_word' id='word_1_428' title='bbox 785 2586 869 2642; x_wconf 89' lang='lat' dir='ltr'>luisse</span> <span class='ocrx_word' id='word_1_429' title='bbox 920 2590 968 2644; x_wconf 93' lang='lat' dir='ltr'>tibi</span> <span class='ocrx_word' id='word_1_430' title='bbox 982 2590 1077 2646; x_wconf 88' lang='lat' dir='ltr'>iacias.</span> <span class='ocrx_word' id='word_1_431' title='bbox 1094 2590 1169 2644; x_wconf 88' lang='lat' dir='ltr'>Vade</span> <span class='ocrx_word' id='word_1_432' title='bbox 1184 2589 1211 2642; x_wconf 91' lang='lat' dir='ltr'>iu</span> <span class='ocrx_word' id='word_1_433' title='bbox 1226 2589 1287 2658; x_wconf 90' lang='lat' dir='ltr'>ipso</span> <span class='ocrx_word' id='word_1_434' title='bbox 1302 2588 1385 2643; x_wconf 89' lang='lat' dir='ltr'>corde</span> <span class='ocrx_word' id='word_1_435' title='bbox 1400 2596 1446 2643; x_wconf 91' lang='lat' dir='ltr'>tuo</span> <span class='ocrx_word' id='word_1_436' title='bbox 1460 2588 1493 2642; x_wconf 90' lang='lat' dir='ltr'>ad</span> <span class='ocrx_word' id='word_1_437' title='bbox 1508 2588 1620 2644; x_wconf 82' lang='lat' dir='ltr'>fratrem</span> <span class='ocrx_word' id='word_1_438' title='bbox 1631 2597 1717 2656; x_wconf 93' lang='lat' dir='ltr'>tuum,</span> 
     </span>
     <span class='ocr_line' id='line_1_29' title="bbox 69 2675 1718 2749; baseline 0 -19"><span class='ocrx_word' id='word_1_439' title='bbox 69 2675 175 2746; x_wconf 90' lang='lat' dir='ltr'>absque</span> <span class='ocrx_word' id='word_1_440' title='bbox 188 2675 282 2730; x_wconf 88' lang='lat' dir='ltr'>dolore</span> <span class='ocrx_word' id='word_1_441' title='bbox 297 2675 387 2746; x_wconf 85' lang='lat' dir='ltr'>aliquo</span> <span class='ocrx_word' id='word_1_442' title='bbox 402 2676 576 2731; x_wconf 89' lang='lat' dir='ltr'>recordamur</span> <span class='ocrx_word' id='word_1_443' title='bbox 592 2693 598 2731; x_wconf 92' lang='lat'>:</span> <span class='ocrx_word' id='word_1_444' title='bbox 616 2683 641 2730; x_wconf 88' lang='lat' dir='ltr'>et</span> <span class='ocrx_word' id='word_1_445' title='bbox 656 2675 683 2728; x_wconf 92' lang='lat' dir='ltr'>in</span> <span class='ocrx_word' id='word_1_446' title='bbox 699 2684 798 2742; x_wconf 91' lang='lat' dir='ltr'>mente,</span> <span class='ocrx_word' id='word_1_447' title='bbox 810 2675 869 2730; x_wconf 93' lang='lat' dir='ltr'>sine</span> <span class='ocrx_word' id='word_1_448' title='bbox 920 2678 983 2734; x_wconf 89' lang='lat' dir='ltr'>licet</span> <span class='ocrx_word' id='word_1_449' title='bbox 998 2677 1081 2749; x_wconf 85' lang='lat' dir='ltr'>longe</span> <span class='ocrx_word' id='word_1_450' title='bbox 1094 2693 1109 2730; x_wconf 86' lang='lat' dir='ltr'>a</span> <span class='ocrx_word' id='word_1_451' title='bbox 1124 2685 1150 2732; x_wconf 88' lang='lat' dir='ltr'>te</span> <span class='ocrx_word' id='word_1_452' title='bbox 1168 2676 1347 2747; x_wconf 87' lang='lat' dir='ltr'>corporaliter</span> <span class='ocrx_word' id='word_1_453' title='bbox 1362 2676 1487 2747; x_wconf 91' lang='lat' dir='ltr'>positum,</span> <span class='ocrx_word' id='word_1_454' title='bbox 1511 2684 1538 2731; x_wconf 91' lang='lat' dir='ltr'>et</span> <span class='ocrx_word' id='word_1_455' title='bbox 1558 2676 1587 2731; x_wconf 94' lang='lat' dir='ltr'>in</span> <span class='ocrx_word' id='word_1_456' title='bbox 1610 2677 1718 2731; x_wconf 84' lang='lat' dir='ltr'>liumili-</span> 
     </span>
     <span class='ocr_line' id='line_1_30' title="bbox 70 2761 1715 2836; baseline 0.001 -18"><span class='ocrx_word' id='word_1_457' title='bbox 70 2761 145 2818; x_wconf 92' lang='lat' dir='ltr'>omni</span> <span class='ocrx_word' id='word_1_458' title='bbox 160 2778 269 2834; x_wconf 91' lang='lat' dir='ltr'>quoque</span> <span class='ocrx_word' id='word_1_459' title='bbox 294 2763 411 2834; x_wconf 78' lang='lat' dir='ltr'>caligine</span> <span class='ocrx_word' id='word_1_460' title='bbox 426 2762 497 2817; x_wconf 92' lang='lat' dir='ltr'>illius</span> <span class='ocrx_word' id='word_1_461' title='bbox 512 2763 628 2835; x_wconf 91' lang='lat' dir='ltr'>priores·</span> <span class='ocrx_word' id='word_1_462' title='bbox 639 2780 699 2834; x_wconf 85' lang='lat' dir='ltr'>quae</span> <span class='ocrx_word' id='word_1_463' title='bbox 711 2764 768 2832; x_wconf 82' lang='lat' dir='ltr'>jam</span> <span class='ocrx_word' id='word_1_464' title='bbox 781 2780 869 2835; x_wconf 84' lang='lat' dir='ltr'>quan·</span> <span class='ocrx_word' id='word_1_465' title='bbox 921 2774 974 2820; x_wconf 86' lang='lat' dir='ltr'>tate</span> <span class='ocrx_word' id='word_1_466' title='bbox 989 2764 1134 2836; x_wconf 76' lang='lat' dir='ltr'>presence,</span> <span class='ocrx_word' id='word_1_467' title='bbox 1156 2764 1358 2835; x_wconf 88' lang='lat' dir='ltr'>inpoenitentia</span> <span class='ocrx_word' id='word_1_468' title='bbox 1379 2779 1454 2830; x_wconf 85' lang='lat' dir='ltr'>vera,</span> <span class='ocrx_word' id='word_1_469' title='bbox 1476 2772 1502 2818; x_wconf 92' lang='lat' dir='ltr'>te</span> <span class='ocrx_word' id='word_1_470' title='bbox 1525 2764 1550 2818; x_wconf 92' lang='lat' dir='ltr'>ei</span> <span class='ocrx_word' id='word_1_471' title='bbox 1570 2765 1598 2817; x_wconf 94' lang='lat' dir='ltr'>in</span> <span class='ocrx_word' id='word_1_472' title='bbox 1615 2772 1715 2832; x_wconf 84' lang='lat' dir='ltr'>mente,</span> 
     </span>
     <span class='ocr_line' id='line_1_31' title="bbox 71 2850 1719 2925; baseline 0.001 -19"><span class='ocrx_word' id='word_1_473' title='bbox 71 2858 127 2906; x_wconf 92' lang='lat' dir='ltr'>tum</span> <span class='ocrx_word' id='word_1_474' title='bbox 141 2850 175 2905; x_wconf 85' lang='lat' dir='ltr'>ad</span> <span class='ocrx_word' id='word_1_475' title='bbox 190 2867 220 2905; x_wconf 93' lang='lat' dir='ltr'>se</span> <span class='ocrx_word' id='word_1_476' title='bbox 235 2851 409 2920; x_wconf 87' lang='lat' dir='ltr'>transierunt,</span> <span class='ocrx_word' id='word_1_477' title='bbox 421 2851 549 2906; x_wconf 82' lang='lat' dir='ltr'>tenebras</span> <span class='ocrx_word' id='word_1_478' title='bbox 563 2851 711 2906; x_wconf 91' lang='lat' dir='ltr'>intuemur.</span> <span class='ocrx_word' id='word_1_479' title='bbox 730 2852 764 2907; x_wconf 90' lang='lat' dir='ltr'>Ut</span> <span class='ocrx_word' id='word_1_480' title='bbox 779 2859 870 2906; x_wconf 91' lang='lat' dir='ltr'>autem</span> <span class='ocrx_word' id='word_1_481' title='bbox 921 2860 990 2909; x_wconf 90' lang='lat' dir='ltr'>teste</span> <span class='ocrx_word' id='word_1_482' title='bbox 1008 2854 1066 2908; x_wconf 90' lang='lat' dir='ltr'>Deo</span> <span class='ocrx_word' id='word_1_483' title='bbox 1086 2853 1133 2925; x_wconf 92' lang='lat' dir='ltr'>qui</span> <span class='ocrx_word' id='word_1_484' title='bbox 1146 2868 1268 2923; x_wconf 85' lang='lat' dir='ltr'>praesens</span> <span class='ocrx_word' id='word_1_485' title='bbox 1288 2861 1337 2917; x_wconf 91' lang='lat' dir='ltr'>est,</span> <span class='ocrx_word' id='word_1_486' title='bbox 1363 2859 1516 2921; x_wconf 88' lang='lat' dir='ltr'>prosterne,</span> <span class='ocrx_word' id='word_1_487' title='bbox 1542 2859 1568 2907; x_wconf 92' lang='lat' dir='ltr'>et</span> <span class='ocrx_word' id='word_1_488' title='bbox 1585 2852 1620 2907; x_wconf 87' lang='lat' dir='ltr'>ad</span> <span class='ocrx_word' id='word_1_489' title='bbox 1634 2853 1719 2923; x_wconf 89' lang='lat' dir='ltr'>pedes</span> 
     </span>
     <span class='ocr_line' id='line_1_32' title="bbox 71 2935 1717 3010; baseline 0.004 -20"><span class='ocrx_word' id='word_1_490' title='bbox 71 2935 154 2992; x_wconf 89' lang='lat' dir='ltr'>finem</span> <span class='ocrx_word' id='word_1_491' title='bbox 169 2939 227 3006; x_wconf 86' lang='lat' dir='ltr'>jam</span> <span class='ocrx_word' id='word_1_492' title='bbox 241 2938 412 3008; x_wconf 88' lang='lat' dir='ltr'>imponamus</span> <span class='ocrx_word' id='word_1_493' title='bbox 426 2938 479 3004; x_wconf 89' lang='lat' dir='ltr'>his,</span> <span class='ocrx_word' id='word_1_494' title='bbox 500 2946 563 2993; x_wconf 90' lang='lat' dir='ltr'>tunc</span> <span class='ocrx_word' id='word_1_495' title='bbox 577 2939 655 2994; x_wconf 90' lang='lat' dir='ltr'>nobis</span> <span class='ocrx_word' id='word_1_496' title='bbox 670 2939 776 2993; x_wconf 89' lang='lat' dir='ltr'>videtur</span> <span class='ocrx_word' id='word_1_497' title='bbox 795 2939 869 3010; x_wconf 91' lang='lat' dir='ltr'>quod</span> <span class='ocrx_word' id='word_1_498' title='bbox 922 2942 980 3010; x_wconf 84' lang='lat' dir='ltr'>ejus</span> <span class='ocrx_word' id='word_1_499' title='bbox 1003 2941 1139 2996; x_wconf 89' lang='lat' dir='ltr'>humiliter</span> <span class='ocrx_word' id='word_1_500' title='bbox 1158 2941 1261 3008; x_wconf 85' lang='lat' dir='ltr'>jacens,</span> <span class='ocrx_word' id='word_1_501' title='bbox 1283 2947 1310 2994; x_wconf 90' lang='lat' dir='ltr'>et</span> <span class='ocrx_word' id='word_1_502' title='bbox 1323 2948 1349 2994; x_wconf 91' lang='lat' dir='ltr'>te</span> <span class='ocrx_word' id='word_1_503' title='bbox 1376 2939 1476 2994; x_wconf 87' lang='lat' dir='ltr'>acriter</span> <span class='ocrx_word' id='word_1_504' title='bbox 1497 2940 1717 3010; x_wconf 88' lang='lat' dir='ltr'>reprehendens,</span> 
     </span>
     <span class='ocr_line' id='line_1_33' title="bbox 72 3025 1717 3097; baseline 0.002 -18"><span class='ocrx_word' id='word_1_505' title='bbox 72 3025 195 3092; x_wconf 91' lang='lat' dir='ltr'>dimittis,</span> <span class='ocrx_word' id='word_1_506' title='bbox 212 3026 321 3097; x_wconf 89' lang='lat' dir='ltr'>quando</span> <span class='ocrx_word' id='word_1_507' title='bbox 330 3026 508 3082; x_wconf 89' lang='lat' dir='ltr'>reminiscens</span> <span class='ocrx_word' id='word_1_508' title='bbox 519 3026 583 3081; x_wconf 90' lang='lat' dir='ltr'>talia</span> <span class='ocrx_word' id='word_1_509' title='bbox 597 3035 623 3082; x_wconf 89' lang='lat' dir='ltr'>te</span> <span class='ocrx_word' id='word_1_510' title='bbox 637 3026 793 3097; x_wconf 87' lang='lat' dir='ltr'>pertulisse,</span> <span class='ocrx_word' id='word_1_511' title='bbox 805 3042 869 3097; x_wconf 80' lang='lat' dir='ltr'>gau·</span> <span class='ocrx_word' id='word_1_512' title='bbox 920 3029 1026 3084; x_wconf 88' lang='lat' dir='ltr'>veniam</span> <span class='ocrx_word' id='word_1_513' title='bbox 1041 3028 1075 3083; x_wconf 86' lang='lat' dir='ltr'>ab</span> <span class='ocrx_word' id='word_1_514' title='bbox 1090 3044 1122 3083; x_wconf 91' lang='lat' dir='ltr'>eo</span> <span class='ocrx_word' id='word_1_515' title='bbox 1137 3027 1287 3083; x_wconf 91' lang='lat' dir='ltr'>cumomni</span> <span class='ocrx_word' id='word_1_516' title='bbox 1303 3026 1429 3081; x_wconf 90' lang='lat' dir='ltr'>instantia</span> <span class='ocrx_word' id='word_1_517' title='bbox 1452 3035 1524 3097; x_wconf 89' lang='lat' dir='ltr'>pete,</span> <span class='ocrx_word' id='word_1_518' title='bbox 1549 3028 1717 3083; x_wconf 86' lang='lat' dir='ltr'>emendatio·</span> 
     </span>
     <span class='ocr_line' id='line_1_34' title="bbox 71 3113 1715 3186; baseline 0.001 -18"><span class='ocrx_word' id='word_1_519' title='bbox 71 3113 122 3168; x_wconf 90' lang='lat' dir='ltr'>des</span> <span class='ocrx_word' id='word_1_520' title='bbox 136 3121 163 3169; x_wconf 87' lang='lat' dir='ltr'>ct</span> <span class='ocrx_word' id='word_1_521' title='bbox 177 3113 295 3181; x_wconf 82' lang='lat' dir='ltr'>laetaris3</span> <span class='ocrx_word' id='word_1_522' title='bbox 312 3114 388 3169; x_wconf 90' lang='lat' dir='ltr'>illum</span> <span class='ocrx_word' id='word_1_523' title='bbox 408 3115 436 3168; x_wconf 94' lang='lat' dir='ltr'>in</span> <span class='ocrx_word' id='word_1_524' title='bbox 449 3115 502 3169; x_wconf 93' lang='lat' dir='ltr'>hoc</span> <span class='ocrx_word' id='word_1_525' title='bbox 516 3114 635 3180; x_wconf 90' lang='lat' dir='ltr'>imitans,</span> <span class='ocrx_word' id='word_1_526' title='bbox 653 3114 699 3184; x_wconf 90' lang='lat' dir='ltr'>qui</span> <span class='ocrx_word' id='word_1_527' title='bbox 714 3130 744 3168; x_wconf 91' lang='lat' dir='ltr'>se</span> <span class='ocrx_word' id='word_1_528' title='bbox 758 3114 823 3170; x_wconf 91' lang='lat' dir='ltr'>dicit</span> <span class='ocrx_word' id='word_1_529' title='bbox 837 3114 870 3168; x_wconf 93' lang='lat' dir='ltr'>li·</span> <span class='ocrx_word' id='word_1_530' title='bbox 920 3133 983 3171; x_wconf 90' lang='lat' dir='ltr'>nem</span> <span class='ocrx_word' id='word_1_531' title='bbox 998 3117 1023 3170; x_wconf 91' lang='lat' dir='ltr'>ei</span> <span class='ocrx_word' id='word_1_532' title='bbox 1044 3116 1079 3171; x_wconf 91' lang='lat' dir='ltr'>de</span> <span class='ocrx_word' id='word_1_533' title='bbox 1094 3124 1194 3172; x_wconf 80' lang='lat' dir='ltr'>cataro</span> <span class='ocrx_word' id='word_1_534' title='bbox 1213 3114 1350 3186; x_wconf 89' lang='lat' dir='ltr'>promitte,</span> <span class='ocrx_word' id='word_1_535' title='bbox 1366 3116 1447 3170; x_wconf 90' lang='lat' dir='ltr'>etsie</span> <span class='ocrx_word' id='word_1_536' title='bbox 1462 3114 1539 3170; x_wconf 89' lang='lat' dir='ltr'>iratri</span> <span class='ocrx_word' id='word_1_537' title='bbox 1553 3124 1599 3170; x_wconf 90' lang='lat' dir='ltr'>tuo</span> <span class='ocrx_word' id='word_1_538' title='bbox 1615 3131 1715 3171; x_wconf 87' lang='lat' dir='ltr'>recon-</span> 
     </span>
     <span class='ocr_line' id='line_1_35' title="bbox 72 3201 1715 3275; baseline 0.003 -19"><span class='ocrx_word' id='word_1_539' title='bbox 72 3202 168 3257; x_wconf 90' lang='lat' dir='ltr'>benter</span> <span class='ocrx_word' id='word_1_540' title='bbox 182 3202 294 3274; x_wconf 82' lang='lat' dir='ltr'>gloriari</span> <span class='ocrx_word' id='word_1_541' title='bbox 309 3201 337 3256; x_wconf 94' lang='lat' dir='ltr'>in</span> <span class='ocrx_word' id='word_1_542' title='bbox 351 3201 551 3256; x_wconf 88' lang='lat' dir='ltr'>infirmitatibus</span> <span class='ocrx_word' id='word_1_543' title='bbox 574 3202 630 3256; x_wconf 90' lang='lat' dir='ltr'>suis</span> <span class='ocrx_word' id='word_1_544' title='bbox 646 3209 675 3257; x_wconf 91' lang='lat' dir='ltr'>ut</span> <span class='ocrx_word' id='word_1_545' title='bbox 691 3202 822 3257; x_wconf 88' lang='lat' dir='ltr'>inhabitet</span> <span class='ocrx_word' id='word_1_546' title='bbox 842 3202 870 3257; x_wconf 90' lang='lat' dir='ltr'>in</span> <span class='ocrx_word' id='word_1_547' title='bbox 920 3205 1036 3275; x_wconf 90' lang='lat' dir='ltr'>ciliatus,</span> <span class='ocrx_word' id='word_1_548' title='bbox 1052 3205 1088 3259; x_wconf 93' lang='lat' dir='ltr'>ad</span> <span class='ocrx_word' id='word_1_549' title='bbox 1102 3202 1272 3258; x_wconf 84' lang='lat' dir='ltr'>offerendum</span> <span class='ocrx_word' id='word_1_550' title='bbox 1286 3219 1385 3257; x_wconf 90' lang='lat' dir='ltr'>munus</span> <span class='ocrx_word' id='word_1_551' title='bbox 1408 3210 1483 3258; x_wconf 91' lang='lat' dir='ltr'>tuum</span> <span class='ocrx_word' id='word_1_552' title='bbox 1506 3204 1632 3259; x_wconf 88' lang='lat' dir='ltr'>accedas.</span> <span class='ocrx_word' id='word_1_553' title='bbox 1657 3205 1715 3261; x_wconf 82' lang='lat' dir='ltr'>llos</span> 
     </span>
     <span class='ocr_line' id='line_1_36' title="bbox 71 3289 1718 3363; baseline 0.001 -18"><span class='ocrx_word' id='word_1_554' title='bbox 71 3305 105 3345; x_wconf 90' lang='lat' dir='ltr'>eo</span> <span class='ocrx_word' id='word_1_555' title='bbox 116 3290 203 3345; x_wconf 79' lang='lat' dir='ltr'>virtus</span> <span class='ocrx_word' id='word_1_556' title='bbox 217 3289 314 3344; x_wconf 86' lang='lat' dir='ltr'>Christi</span> <span class='ocrx_word' id='word_1_557' title='bbox 331 3304 337 3343; x_wconf 92' lang='lat'><strong>:</strong></span> <span class='ocrx_word' id='word_1_558' title='bbox 355 3290 401 3362; x_wconf 89' lang='lat' dir='ltr'>qui</span> <span class='ocrx_word' id='word_1_559' title='bbox 416 3290 498 3345; x_wconf 89' lang='lat' dir='ltr'>etiam</span> <span class='ocrx_word' id='word_1_560' title='bbox 512 3289 655 3363; x_wconf 81' lang='lat' dir='ltr'>adjungit:</span> <span class='ocrx_word' id='word_1_561' title='bbox 672 3292 790 3362; x_wconf 84' lang='lat' dir='ltr'>Propter</span> <span class='ocrx_word' id='word_1_562' title='bbox 799 3290 870 3362; x_wconf 86' lang='lat' dir='ltr'>quod</span> <span class='ocrx_word' id='word_1_563' title='bbox 920 3293 1030 3348; x_wconf 89' lang='lat' dir='ltr'>videtur</span> <span class='ocrx_word' id='word_1_564' title='bbox 1044 3290 1158 3346; x_wconf 90' lang='lat' dir='ltr'>innuere</span> <span class='ocrx_word' id='word_1_565' title='bbox 1173 3291 1287 3346; x_wconf 89' lang='lat' dir='ltr'>verbum</span> <span class='ocrx_word' id='word_1_566' title='bbox 1298 3291 1379 3356; x_wconf 91' lang='lat' dir='ltr'>istud,</span> <span class='ocrx_word' id='word_1_567' title='bbox 1397 3291 1470 3362; x_wconf 92' lang='lat' dir='ltr'>quod</span> <span class='ocrx_word' id='word_1_568' title='bbox 1484 3298 1526 3346; x_wconf 87' lang='lat' dir='ltr'>est</span> <span class='ocrx_word' id='word_1_569' title='bbox 1541 3295 1623 3348; x_wconf 86' lang='lat' dir='ltr'>tuuc.</span> <span class='ocrx_word' id='word_1_570' title='bbox 1646 3291 1718 3347; x_wconf 86' lang='lat' dir='ltr'>Nam</span> 
     </span>
     <span class='ocr_line' id='line_1_37' title="bbox 68 3378 1719 3452; baseline 0.002 -19"><span class='ocrx_word' id='word_1_571' title='bbox 68 3379 247 3450; x_wconf 85' lang='lat' dir='ltr'>pteeeomibi</span> <span class='ocrx_word' id='word_1_572' title='bbox 261 3378 293 3432; x_wconf 86' lang='lat' dir='ltr'>in</span> <span class='ocrx_word' id='word_1_573' title='bbox 309 3378 524 3446; x_wconf 79' lang='lat' dir='ltr'>infirmitatibus</span> <span class='ocrx_word' id='word_1_574' title='bbox 535 3379 615 3448; x_wconf 75' lang='lat' dir='ltr'>neeis,</span> <span class='ocrx_word' id='word_1_575' title='bbox 627 3379 659 3432; x_wconf 80' lang='lat' dir='ltr'>ira</span> <span class='ocrx_word' id='word_1_576' title='bbox 674 3379 867 3446; x_wconf 82' lang='lat' dir='ltr'>coutumeliis,</span> <span class='ocrx_word' id='word_1_577' title='bbox 921 3381 986 3452; x_wconf 91' lang='lat' dir='ltr'>quid</span> <span class='ocrx_word' id='word_1_578' title='bbox 1008 3388 1050 3435; x_wconf 88' lang='lat' dir='ltr'>est</span> <span class='ocrx_word' id='word_1_579' title='bbox 1064 3379 1166 3448; x_wconf 87' lang='lat' dir='ltr'>dicere,</span> <span class='ocrx_word' id='word_1_580' title='bbox 1184 3384 1253 3434; x_wconf 86' lang='lat' dir='ltr'>tunc</span> <span class='ocrx_word' id='word_1_581' title='bbox 1277 3379 1385 3450; x_wconf 72' lang='lat' dir='ltr'>offeres,</span> <span class='ocrx_word' id='word_1_582' title='bbox 1410 3379 1462 3433; x_wconf 91' lang='lat' dir='ltr'>nisi</span> <span class='ocrx_word' id='word_1_583' title='bbox 1483 3380 1649 3451; x_wconf 85' lang='lat' dir='ltr'>priusquam</span> <span class='ocrx_word' id='word_1_584' title='bbox 1669 3380 1719 3436; x_wconf 83' lang='lat' dir='ltr'>troc</span> 
     </span>
     <span class='ocr_line' id='line_1_38' title="bbox 71 3464 1720 3540; baseline 0.002 -20"><span class='ocrx_word' id='word_1_585' title='bbox 71 3468 103 3520; x_wconf 84' lang='lat' dir='ltr'>iu</span> <span class='ocrx_word' id='word_1_586' title='bbox 116 3464 341 3533; x_wconf 81' lang='lat' dir='ltr'>necessitatibus,</span> <span class='ocrx_word' id='word_1_587' title='bbox 357 3465 389 3519; x_wconf 87' lang='lat' dir='ltr'>iu</span> <span class='ocrx_word' id='word_1_588' title='bbox 406 3466 655 3536; x_wconf 81' lang='lat' dir='ltr'>persecutionibus,</span> <span class='ocrx_word' id='word_1_589' title='bbox 672 3467 704 3521; x_wconf 82' lang='lat' dir='ltr'>irs</span> <span class='ocrx_word' id='word_1_590' title='bbox 719 3466 867 3537; x_wconf 82' lang='lat' dir='ltr'>anqustiis,</span> <span class='ocrx_word' id='word_1_591' title='bbox 919 3471 1021 3540; x_wconf 71' lang='lat' dir='ltr'>tacius,</span> <span class='ocrx_word' id='word_1_592' title='bbox 1034 3467 1136 3538; x_wconf 70' lang='lat' dir='ltr'>efferre</span> <span class='ocrx_word' id='word_1_593' title='bbox 1150 3484 1208 3522; x_wconf 83' lang='lat' dir='ltr'>uon</span> <span class='ocrx_word' id='word_1_594' title='bbox 1223 3468 1322 3534; x_wconf 88' lang='lat' dir='ltr'>debes;</span> <span class='ocrx_word' id='word_1_595' title='bbox 1343 3467 1406 3537; x_wconf 83' lang='lat' dir='ltr'>quia</span> <span class='ocrx_word' id='word_1_596' title='bbox 1421 3483 1519 3521; x_wconf 92' lang='lat' dir='ltr'>munus</span> <span class='ocrx_word' id='word_1_597' title='bbox 1533 3467 1652 3522; x_wconf 93' lang='lat' dir='ltr'>oblatum</span> <span class='ocrx_word' id='word_1_598' title='bbox 1668 3482 1720 3524; x_wconf 86' lang='lat' dir='ltr'>nec</span> 
     </span>
     <span class='ocr_line' id='line_1_39' title="bbox 71 3552 1717 3627; baseline 0.001 -19"><span class='ocrx_word' id='word_1_599' title='bbox 71 3568 123 3624; x_wconf 87' lang='lat' dir='ltr'>pro</span> <span class='ocrx_word' id='word_1_600' title='bbox 139 3552 247 3610; x_wconf 83' lang='lat' dir='ltr'>Christo</span> <span class='ocrx_word' id='word_1_601' title='bbox 262 3553 372 3623; x_wconf 76' lang='lat' dir='ltr'>(licor.</span> <span class='ocrx_word' id='word_1_602' title='bbox 388 3569 435 3618; x_wconf 87' lang='lat' dir='ltr'>xn,</span> <span class='ocrx_word' id='word_1_603' title='bbox 453 3554 507 3624; x_wconf 85' lang='lat' dir='ltr'>lb).</span> <span class='ocrx_word' id='word_1_604' title='bbox 523 3553 551 3608; x_wconf 94' lang='lat' dir='ltr'>Si</span> <span class='ocrx_word' id='word_1_605' title='bbox 565 3559 654 3608; x_wconf 86' lang='lat' dir='ltr'>autem</span> <span class='ocrx_word' id='word_1_606' title='bbox 668 3561 750 3608; x_wconf 86' lang='lat' dir='ltr'>tantae</span> <span class='ocrx_word' id='word_1_607' title='bbox 764 3552 869 3624; x_wconf 88' lang='lat' dir='ltr'>perfec·</span> <span class='ocrx_word' id='word_1_608' title='bbox 920 3558 978 3611; x_wconf 89' lang='lat' dir='ltr'>Deo</span> <span class='ocrx_word' id='word_1_609' title='bbox 991 3556 1121 3627; x_wconf 88' lang='lat' dir='ltr'>placeret,</span> <span class='ocrx_word' id='word_1_610' title='bbox 1141 3570 1192 3610; x_wconf 90' lang='lat' dir='ltr'>nec</span> <span class='ocrx_word' id='word_1_611' title='bbox 1210 3555 1258 3609; x_wconf 90' lang='lat' dir='ltr'>tibi</span> <span class='ocrx_word' id='word_1_612' title='bbox 1272 3555 1425 3625; x_wconf 89' lang='lat' dir='ltr'>prodesset,</span> <span class='ocrx_word' id='word_1_613' title='bbox 1453 3555 1476 3608; x_wconf 90' lang='lat' dir='ltr'>si</span> <span class='ocrx_word' id='word_1_614' title='bbox 1498 3554 1575 3610; x_wconf 83' lang='lat' dir='ltr'>aliter</span> <span class='ocrx_word' id='word_1_615' title='bbox 1602 3555 1717 3611; x_wconf 88' lang='lat' dir='ltr'>laceres.</span> 
     </span>
     <span class='ocr_line' id='line_1_40' title="bbox 73 3640 1719 3713; baseline 0.001 -18"><span class='ocrx_word' id='word_1_616' title='bbox 73 3641 153 3696; x_wconf 93' lang='lat' dir='ltr'>tionis</span> <span class='ocrx_word' id='word_1_617' title='bbox 168 3640 288 3695; x_wconf 90' lang='lat' dir='ltr'>nondum</span> <span class='ocrx_word' id='word_1_618' title='bbox 304 3656 343 3708; x_wconf 88' lang='lat' dir='ltr'>es,</span> <span class='ocrx_word' id='word_1_619' title='bbox 360 3648 389 3695; x_wconf 94' lang='lat' dir='ltr'>ut</span> <span class='ocrx_word' id='word_1_620' title='bbox 404 3641 522 3713; x_wconf 82' lang='lat' dir='ltr'>gaudere</span> <span class='ocrx_word' id='word_1_621' title='bbox 537 3649 563 3696; x_wconf 90' lang='lat' dir='ltr'>et</span> <span class='ocrx_word' id='word_1_622' title='bbox 577 3640 660 3696; x_wconf 86' lang='lat' dir='ltr'>laetari</span> <span class='ocrx_word' id='word_1_623' title='bbox 685 3641 785 3712; x_wconf 90' lang='lat' dir='ltr'>possis,</span> <span class='ocrx_word' id='word_1_624' title='bbox 808 3656 870 3696; x_wconf 87' lang='lat' dir='ltr'>cum</span> <span class='ocrx_word' id='word_1_625' title='bbox 921 3643 975 3700; x_wconf 90' lang='lat' dir='ltr'>Sed</span> <span class='ocrx_word' id='word_1_626' title='bbox 990 3652 1031 3698; x_wconf 92' lang='lat' dir='ltr'>est</span> <span class='ocrx_word' id='word_1_627' title='bbox 1045 3644 1073 3697; x_wconf 90' lang='lat' dir='ltr'>in</span> <span class='ocrx_word' id='word_1_628' title='bbox 1086 3645 1138 3698; x_wconf 89' lang='lat' dir='ltr'>boc</span> <span class='ocrx_word' id='word_1_629' title='bbox 1149 3643 1256 3697; x_wconf 86' lang='lat' dir='ltr'>Domini</span> <span class='ocrx_word' id='word_1_630' title='bbox 1269 3651 1514 3713; x_wconf 83' lang='lat' dir='ltr'>praeceptomagna</span> <span class='ocrx_word' id='word_1_631' title='bbox 1527 3642 1652 3696; x_wconf 87' lang='lat' dir='ltr'>habenda</span> <span class='ocrx_word' id='word_1_632' title='bbox 1666 3642 1719 3697; x_wconf 87' lang='lat' dir='ltr'>dis·</span> 
     </span>
     <span class='ocr_line' id='line_1_41' title="bbox 73 3727 1718 3802; baseline 0.001 -19"><span class='ocrx_word' id='word_1_633' title='bbox 73 3727 168 3783; x_wconf 91' lang='lat' dir='ltr'>talium</span> <span class='ocrx_word' id='word_1_634' title='bbox 181 3728 343 3793; x_wconf 84' lang='lat' dir='ltr'>recordaris,</span> <span class='ocrx_word' id='word_1_635' title='bbox 360 3728 409 3783; x_wconf 91' lang='lat' dir='ltr'>sed</span> <span class='ocrx_word' id='word_1_636' title='bbox 424 3744 456 3783; x_wconf 89' lang='lat' dir='ltr'>ea</span> <span class='ocrx_word' id='word_1_637' title='bbox 470 3737 562 3783; x_wconf 86' lang='lat' dir='ltr'>tamen</span> <span class='ocrx_word' id='word_1_638' title='bbox 576 3729 604 3782; x_wconf 93' lang='lat' dir='ltr'>in</span> <span class='ocrx_word' id='word_1_639' title='bbox 615 3729 666 3784; x_wconf 89' lang='lat' dir='ltr'>hac</span> <span class='ocrx_word' id='word_1_640' title='bbox 680 3729 869 3785; x_wconf 89' lang='lat' dir='ltr'>recordatione</span> <span class='ocrx_word' id='word_1_641' title='bbox 921 3732 1015 3795; x_wconf 89' lang='lat' dir='ltr'>cretio,</span> <span class='ocrx_word' id='word_1_642' title='bbox 1033 3739 1074 3785; x_wconf 91' lang='lat' dir='ltr'>est</span> <span class='ocrx_word' id='word_1_643' title='bbox 1089 3730 1215 3801; x_wconf 87' lang='lat' dir='ltr'>etaliqua</span> <span class='ocrx_word' id='word_1_644' title='bbox 1224 3729 1252 3784; x_wconf 92' lang='lat' dir='ltr'>in</span> <span class='ocrx_word' id='word_1_645' title='bbox 1268 3745 1301 3785; x_wconf 91' lang='lat' dir='ltr'>eo</span> <span class='ocrx_word' id='word_1_646' title='bbox 1314 3729 1492 3802; x_wconf 82' lang='lat' dir='ltr'>intelligenda</span> <span class='ocrx_word' id='word_1_647' title='bbox 1506 3730 1641 3801; x_wconf 85' lang='lat' dir='ltr'>exceptio.</span> <span class='ocrx_word' id='word_1_648' title='bbox 1656 3730 1718 3785; x_wconf 92' lang='lat' dir='ltr'>Non</span> 
     </span>
     <span class='ocr_line' id='line_1_42' title="bbox 73 3815 1718 3889; baseline 0.001 -18"><span class='ocrx_word' id='word_1_649' title='bbox 73 3825 120 3872; x_wconf 88' lang='lat' dir='ltr'>tua</span> <span class='ocrx_word' id='word_1_650' title='bbox 132 3815 191 3870; x_wconf 89' lang='lat' dir='ltr'>sine</span> <span class='ocrx_word' id='word_1_651' title='bbox 204 3816 294 3886; x_wconf 86' lang='lat' dir='ltr'>aliqua</span> <span class='ocrx_word' id='word_1_652' title='bbox 308 3816 379 3870; x_wconf 92' lang='lat' dir='ltr'>intra</span> <span class='ocrx_word' id='word_1_653' title='bbox 394 3824 420 3870; x_wconf 93' lang='lat' dir='ltr'>te</span> <span class='ocrx_word' id='word_1_654' title='bbox 439 3817 620 3872; x_wconf 90' lang='lat' dir='ltr'>commotione</span> <span class='ocrx_word' id='word_1_655' title='bbox 640 3816 780 3873; x_wconf 88' lang='lat' dir='ltr'>revolvis:</span> <span class='ocrx_word' id='word_1_656' title='bbox 797 3825 823 3872; x_wconf 95' lang='lat' dir='ltr'>et</span> <span class='ocrx_word' id='word_1_657' title='bbox 838 3832 870 3872; x_wconf 86' lang='lat' dir='ltr'>ea</span> <span class='ocrx_word' id='word_1_658' title='bbox 920 3819 992 3874; x_wconf 91' lang='lat' dir='ltr'>enim</span> <span class='ocrx_word' id='word_1_659' title='bbox 1008 3818 1135 3889; x_wconf 90' lang='lat' dir='ltr'>compelli</span> <span class='ocrx_word' id='word_1_660' title='bbox 1160 3819 1292 3873; x_wconf 87' lang='lat' dir='ltr'>debemus</span> <span class='ocrx_word' id='word_1_661' title='bbox 1313 3827 1341 3871; x_wconf 91' lang='lat' dir='ltr'>ut</span> <span class='ocrx_word' id='word_1_662' title='bbox 1361 3817 1570 3884; x_wconf 69' lang='lat' dir='ltr'>metacismus,</span> <span class='ocrx_word' id='word_1_663' title='bbox 1595 3817 1718 3888; x_wconf 88' lang='lat' dir='ltr'>quoties-</span> 
     </span>
     <span class='ocr_line' id='line_1_43' title="bbox 71 3903 1718 3978; baseline 0.002 -21"><span class='ocrx_word' id='word_1_664' title='bbox 71 3919 121 3975; x_wconf 91' lang='lat' dir='ltr'>pro</span> <span class='ocrx_word' id='word_1_665' title='bbox 137 3903 221 3958; x_wconf 91' lang='lat' dir='ltr'>nihilo</span> <span class='ocrx_word' id='word_1_666' title='bbox 235 3904 344 3973; x_wconf 88' lang='lat' dir='ltr'>penitus</span> <span class='ocrx_word' id='word_1_667' title='bbox 362 3904 479 3970; x_wconf 87' lang='lat' dir='ltr'>habens,</span> <span class='ocrx_word' id='word_1_668' title='bbox 493 3920 558 3959; x_wconf 89' lang='lat' dir='ltr'>eum</span> <span class='ocrx_word' id='word_1_669' title='bbox 570 3905 616 3976; x_wconf 94' lang='lat' dir='ltr'>qui</span> <span class='ocrx_word' id='word_1_670' title='bbox 632 3905 678 3959; x_wconf 92' lang='lat' dir='ltr'>tibi</span> <span class='ocrx_word' id='word_1_671' title='bbox 693 3904 801 3962; x_wconf 83' lang='lat' dir='ltr'>adversi</span> <span class='ocrx_word' id='word_1_672' title='bbox 816 3905 869 3959; x_wconf 91' lang='lat' dir='ltr'>ali·</span> <span class='ocrx_word' id='word_1_673' title='bbox 920 3924 1026 3978; x_wconf 88' lang='lat' dir='ltr'>cunque</span> <span class='ocrx_word' id='word_1_674' title='bbox 1043 3907 1223 3962; x_wconf 86' lang='lat' dir='ltr'>recordamur</span> <span class='ocrx_word' id='word_1_675' title='bbox 1237 3906 1309 3977; x_wconf 90' lang='lat' dir='ltr'>quod</span> <span class='ocrx_word' id='word_1_676' title='bbox 1334 3905 1417 3961; x_wconf 87' lang='lat' dir='ltr'>irater</span> <span class='ocrx_word' id='word_1_677' title='bbox 1435 3914 1529 3960; x_wconf 90' lang='lat' dir='ltr'>noster</span> <span class='ocrx_word' id='word_1_678' title='bbox 1558 3919 1718 3977; x_wconf 87' lang='lat' dir='ltr'>quocunque</span> 
     </span>
     <span class='ocr_line' id='line_1_44' title="bbox 73 3991 1718 4066; baseline 0.001 -21"><span class='ocrx_word' id='word_1_679' title='bbox 73 3991 138 4064; x_wconf 91' lang='lat' dir='ltr'>quid</span> <span class='ocrx_word' id='word_1_680' title='bbox 153 3991 240 4045; x_wconf 90' lang='lat' dir='ltr'>intulit</span> <span class='ocrx_word' id='word_1_681' title='bbox 255 4008 309 4047; x_wconf 91' lang='lat' dir='ltr'>nun</span> <span class='ocrx_word' id='word_1_682' title='bbox 331 3991 421 4045; x_wconf 91' lang='lat' dir='ltr'>minus</span> <span class='ocrx_word' id='word_1_683' title='bbox 444 3991 536 4063; x_wconf 78' lang='lat' dir='ltr'>diligis</span> <span class='ocrx_word' id='word_1_684' title='bbox 558 4008 640 4063; x_wconf 87' lang='lat' dir='ltr'>quam</span> <span class='ocrx_word' id='word_1_685' title='bbox 664 4000 726 4048; x_wconf 86' lang='lat' dir='ltr'>ante</span> <span class='ocrx_word' id='word_1_686' title='bbox 741 3992 867 4059; x_wconf 87' lang='lat' dir='ltr'>dilexisti,</span> <span class='ocrx_word' id='word_1_687' title='bbox 920 3996 1003 4051; x_wconf 92' lang='lat' dir='ltr'>modo</span> <span class='ocrx_word' id='word_1_688' title='bbox 1017 4003 1091 4066; x_wconf 89' lang='lat' dir='ltr'>putat</span> <span class='ocrx_word' id='word_1_689' title='bbox 1102 4011 1132 4049; x_wconf 89' lang='lat' dir='ltr'>se</span> <span class='ocrx_word' id='word_1_690' title='bbox 1146 3995 1249 4049; x_wconf 87' lang='lat' dir='ltr'>habere</span> <span class='ocrx_word' id='word_1_691' title='bbox 1264 3994 1367 4065; x_wconf 86' lang='lat' dir='ltr'>aliquid</span> <span class='ocrx_word' id='word_1_692' title='bbox 1378 3995 1511 4049; x_wconf 83' lang='lat' dir='ltr'>adversus</span> <span class='ocrx_word' id='word_1_693' title='bbox 1526 4009 1585 4048; x_wconf 91' lang='lat' dir='ltr'>nos.</span> <span class='ocrx_word' id='word_1_694' title='bbox 1602 3992 1630 4048; x_wconf 90' lang='lat' dir='ltr'>Si</span> <span class='ocrx_word' id='word_1_695' title='bbox 1645 3993 1718 4064; x_wconf 88' lang='lat' dir='ltr'>(ver-</span> 
     </span>
     <span class='ocr_line' id='line_1_45' title="bbox 73 4078 1713 4152; baseline -0.001 -16"><span class='ocrx_word' id='word_1_696' title='bbox 73 4080 117 4136; x_wconf 84' lang='lat' dir='ltr'>vel</span> <span class='ocrx_word' id='word_1_697' title='bbox 131 4078 262 4151; x_wconf 82' lang='lat' dir='ltr'>diligeres</span> <span class='ocrx_word' id='word_1_698' title='bbox 283 4079 306 4132; x_wconf 90' lang='lat' dir='ltr'>si</span> <span class='ocrx_word' id='word_1_699' title='bbox 328 4095 464 4150; x_wconf 88' lang='lat' dir='ltr'>nunquam</span> <span class='ocrx_word' id='word_1_700' title='bbox 484 4080 628 4149; x_wconf 89' lang='lat' dir='ltr'>intulisset,</span> <span class='ocrx_word' id='word_1_701' title='bbox 644 4090 717 4135; x_wconf 92' lang='lat' dir='ltr'>certe</span> <span class='ocrx_word' id='word_1_702' title='bbox 732 4080 868 4136; x_wconf 89' lang='lat' dir='ltr'>dimisisti.</span> <span class='ocrx_word' id='word_1_703' title='bbox 920 4084 948 4139; x_wconf 94' lang='lat' dir='ltr'>bi</span> <span class='ocrx_word' id='word_1_704' title='bbox 962 4087 1054 4152; x_wconf 69' lang='lat' dir='ltr'>causa)</span> <span class='ocrx_word' id='word_1_705' title='bbox 1069 4083 1180 4137; x_wconf 86' lang='lat' dir='ltr'>iratrem</span> <span class='ocrx_word' id='word_1_706' title='bbox 1197 4090 1271 4136; x_wconf 92' lang='lat' dir='ltr'>tunm</span> <span class='ocrx_word' id='word_1_707' title='bbox 1282 4097 1331 4151; x_wconf 93' lang='lat' dir='ltr'>pro</span> <span class='ocrx_word' id='word_1_708' title='bbox 1349 4082 1436 4136; x_wconf 88' lang='lat' dir='ltr'>saluto</span> <span class='ocrx_word' id='word_1_709' title='bbox 1456 4081 1554 4136; x_wconf 78' lang='lat' dir='ltr'>animas</span> <span class='ocrx_word' id='word_1_710' title='bbox 1565 4097 1630 4149; x_wconf 85' lang='lat' dir='ltr'>suae,</span> <span class='ocrx_word' id='word_1_711' title='bbox 1647 4089 1713 4136; x_wconf 89' lang='lat' dir='ltr'>tem·</span> 
     </span>
     <span class='ocr_line' id='line_1_46' title="bbox 72 4165 1717 4243; baseline 0 -21"><span class='ocrx_word' id='word_1_712' title='bbox 72 4167 160 4239; x_wconf 81' lang='lat' dir='ltr'>igitur</span> <span class='ocrx_word' id='word_1_713' title='bbox 175 4174 237 4222; x_wconf 92' lang='lat' dir='ltr'>tunc</span> <span class='ocrx_word' id='word_1_714' title='bbox 249 4165 389 4222; x_wconf 91' lang='lat' dir='ltr'>irnctuose</span> <span class='ocrx_word' id='word_1_715' title='bbox 414 4168 524 4223; x_wconf 88' lang='lat' dir='ltr'>accedis</span> <span class='ocrx_word' id='word_1_716' title='bbox 543 4169 578 4222; x_wconf 90' lang='lat' dir='ltr'>ad</span> <span class='ocrx_word' id='word_1_717' title='bbox 593 4169 737 4234; x_wconf 85' lang='lat' dir='ltr'>orandum,</span> <span class='ocrx_word' id='word_1_718' title='bbox 754 4184 815 4224; x_wconf 91' lang='lat' dir='ltr'>cum</span> <span class='ocrx_word' id='word_1_719' title='bbox 831 4170 870 4223; x_wconf 89' lang='lat' dir='ltr'>sic</span> <span class='ocrx_word' id='word_1_720' title='bbox 921 4187 987 4243; x_wconf 91' lang='lat' dir='ltr'>pore</span> <span class='ocrx_word' id='word_1_721' title='bbox 1003 4178 1029 4226; x_wconf 91' lang='lat' dir='ltr'>et</span> <span class='ocrx_word' id='word_1_722' title='bbox 1043 4170 1104 4226; x_wconf 91' lang='lat' dir='ltr'>loco</span> <span class='ocrx_word' id='word_1_723' title='bbox 1119 4169 1243 4239; x_wconf 86' lang='lat' dir='ltr'>corripis.</span> <span class='ocrx_word' id='word_1_724' title='bbox 1261 4169 1288 4224; x_wconf 92' lang='lat' dir='ltr'>Si</span> <span class='ocrx_word' id='word_1_725' title='bbox 1303 4169 1544 4240; x_wconf 85' lang='lat' dir='ltr'>proclamationem</span> <span class='ocrx_word' id='word_1_726' title='bbox 1560 4184 1642 4239; x_wconf 91' lang='lat' dir='ltr'>snper</span> <span class='ocrx_word' id='word_1_727' title='bbox 1656 4183 1717 4222; x_wconf 88' lang='lat' dir='ltr'>eum</span> 
     </span>
     <span class='ocr_line' id='line_1_47' title="bbox 74 4254 1720 4328; baseline -0.001 -18"><span class='ocrx_word' id='word_1_728' title='bbox 74 4254 229 4319; x_wconf 89' lang='lat' dir='ltr'>remittens,</span> <span class='ocrx_word' id='word_1_729' title='bbox 258 4255 430 4310; x_wconf 89' lang='lat' dir='ltr'>Dominicum</span> <span class='ocrx_word' id='word_1_730' title='bbox 449 4255 582 4327; x_wconf 85' lang='lat' dir='ltr'>adimples</span> <span class='ocrx_word' id='word_1_731' title='bbox 606 4265 782 4326; x_wconf 86' lang='lat' dir='ltr'>praeceptum.</span> <span class='ocrx_word' id='word_1_732' title='bbox 815 4257 870 4311; x_wconf 89' lang='lat' dir='ltr'>Sed</span> <span class='ocrx_word' id='word_1_733' title='bbox 918 4260 1021 4328; x_wconf 86' lang='lat' dir='ltr'>justam</span> <span class='ocrx_word' id='word_1_734' title='bbox 1036 4257 1191 4313; x_wconf 80' lang='lat' dir='ltr'>citaritative</span> <span class='ocrx_word' id='word_1_735' title='bbox 1212 4256 1238 4309; x_wconf 94' lang='lat' dir='ltr'>in</span> <span class='ocrx_word' id='word_1_736' title='bbox 1254 4255 1373 4325; x_wconf 88' lang='lat' dir='ltr'>capitulo</span> <span class='ocrx_word' id='word_1_737' title='bbox 1390 4256 1465 4322; x_wconf 78' lang='lat' dir='ltr'>iaciS,</span> <span class='ocrx_word' id='word_1_738' title='bbox 1482 4263 1509 4310; x_wconf 87' lang='lat' dir='ltr'>et</span> <span class='ocrx_word' id='word_1_739' title='bbox 1523 4271 1556 4311; x_wconf 90' lang='lat' dir='ltr'>eo</span> <span class='ocrx_word' id='word_1_740' title='bbox 1566 4271 1615 4325; x_wconf 90' lang='lat' dir='ltr'>per</span> <span class='ocrx_word' id='word_1_741' title='bbox 1629 4255 1720 4310; x_wconf 88' lang='lat' dir='ltr'>omnia</span> 
     </span>
     <span class='ocr_line' id='line_1_48' title="bbox 74 4339 1719 4416; baseline 0.001 -21"><span class='ocrx_word' id='word_1_742' title='bbox 74 4341 143 4397; x_wconf 89' lang='lat' dir='ltr'>sieut</span> <span class='ocrx_word' id='word_1_743' title='bbox 159 4358 214 4396; x_wconf 91' lang='lat' dir='ltr'>non</span> <span class='ocrx_word' id='word_1_744' title='bbox 233 4342 274 4398; x_wconf 90' lang='lat' dir='ltr'>vis</span> <span class='ocrx_word' id='word_1_745' title='bbox 288 4342 418 4398; x_wconf 86' lang='lat' dir='ltr'>adversus</span> <span class='ocrx_word' id='word_1_746' title='bbox 433 4342 515 4397; x_wconf 91' lang='lat' dir='ltr'>aliurn</span> <span class='ocrx_word' id='word_1_747' title='bbox 539 4344 641 4399; x_wconf 89' lang='lat' dir='ltr'>habere</span> <span class='ocrx_word' id='word_1_748' title='bbox 656 4344 815 4415; x_wconf 91' lang='lat' dir='ltr'>quidquam,</span> <span class='ocrx_word' id='word_1_749' title='bbox 832 4339 908 4399; x_wconf 91' lang='lat' dir='ltr'>sicD</span> <span class='ocrx_word' id='word_1_750' title='bbox 922 4347 1004 4401; x_wconf 90' lang='lat' dir='ltr'>modo</span> <span class='ocrx_word' id='word_1_751' title='bbox 1019 4360 1072 4416; x_wconf 92' lang='lat' dir='ltr'>quo</span> <span class='ocrx_word' id='word_1_752' title='bbox 1096 4343 1246 4400; x_wconf 92' lang='lat' dir='ltr'>secundum</span> <span class='ocrx_word' id='word_1_753' title='bbox 1260 4343 1383 4398; x_wconf 91' lang='lat' dir='ltr'>ordinem</span> <span class='ocrx_word' id='word_1_754' title='bbox 1404 4344 1495 4399; x_wconf 87' lang='lat' dir='ltr'>iacere</span> <span class='ocrx_word' id='word_1_755' title='bbox 1515 4344 1618 4410; x_wconf 79' lang='lat' dir='ltr'>debes3</span> <span class='ocrx_word' id='word_1_756' title='bbox 1636 4351 1662 4398; x_wconf 90' lang='lat' dir='ltr'>et</span> <span class='ocrx_word' id='word_1_757' title='bbox 1683 4343 1719 4398; x_wconf 94' lang='lat' dir='ltr'>ob</span> 
     </span>
     <span class='ocr_line' id='line_1_49' title="bbox 76 4431 1719 4503; baseline 0.001 -20"><span class='ocrx_word' id='word_1_758' title='bbox 76 4444 184 4500; x_wconf 92' lang='lat' dir='ltr'>quoque</span> <span class='ocrx_word' id='word_1_759' title='bbox 199 4446 311 4485; x_wconf 90' lang='lat' dir='ltr'>necesse</span> <span class='ocrx_word' id='word_1_760' title='bbox 322 4438 362 4485; x_wconf 93' lang='lat' dir='ltr'>est</span> <span class='ocrx_word' id='word_1_761' title='bbox 376 4440 405 4485; x_wconf 90' lang='lat' dir='ltr'>ut</span> <span class='ocrx_word' id='word_1_762' title='bbox 419 4447 475 4488; x_wconf 93' lang='lat' dir='ltr'>non</span> <span class='ocrx_word' id='word_1_763' title='bbox 496 4431 638 4502; x_wconf 89' lang='lat' dir='ltr'>permittas</span> <span class='ocrx_word' id='word_1_764' title='bbox 653 4431 757 4502; x_wconf 86' lang='lat' dir='ltr'>aliquid</span> <span class='ocrx_word' id='word_1_765' title='bbox 771 4431 873 4486; x_wconf 90' lang='lat' dir='ltr'>habere</span> <span class='ocrx_word' id='word_1_766' title='bbox 923 4435 975 4489; x_wconf 89' lang='lat' dir='ltr'>hoc</span> <span class='ocrx_word' id='word_1_767' title='bbox 989 4432 1109 4487; x_wconf 87' lang='lat' dir='ltr'>turbatus</span> <span class='ocrx_word' id='word_1_768' title='bbox 1123 4439 1151 4486; x_wconf 90' lang='lat' dir='ltr'>et</span> <span class='ocrx_word' id='word_1_769' title='bbox 1164 4438 1325 4496; x_wconf 91' lang='lat' dir='ltr'>commotus,</span> <span class='ocrx_word' id='word_1_770' title='bbox 1342 4438 1416 4502; x_wconf 89' lang='lat' dir='ltr'>putat</span> <span class='ocrx_word' id='word_1_771' title='bbox 1430 4448 1459 4486; x_wconf 88' lang='lat' dir='ltr'>se</span> <span class='ocrx_word' id='word_1_772' title='bbox 1470 4431 1572 4503; x_wconf 89' lang='lat' dir='ltr'>aliquid</span> <span class='ocrx_word' id='word_1_773' title='bbox 1587 4432 1719 4487; x_wconf 83' lang='lat' dir='ltr'>adversus</span> 
     </span>
     <span class='ocr_line' id='line_1_50' title="bbox 75 4516 1718 4598; baseline 0.002 -28"><span class='ocrx_word' id='word_1_774' title='bbox 75 4516 256 4598; x_wconf 43' lang='lat' dir='ltr'>adversus-te,</span> <span class='ocrx_word' id='word_1_775' title='bbox 272 4527 400 4589; x_wconf 89' lang='lat' dir='ltr'>quantum</span> <span class='ocrx_word' id='word_1_776' title='bbox 422 4518 478 4574; x_wconf 85' lang='lat' dir='ltr'>lieri</span> <span class='ocrx_word' id='word_1_777' title='bbox 497 4527 596 4589; x_wconf 91' lang='lat' dir='ltr'>potest,</span> <span class='ocrx_word' id='word_1_778' title='bbox 614 4527 640 4574; x_wconf 88' lang='lat' dir='ltr'>et</span> <span class='ocrx_word' id='word_1_779' title='bbox 655 4526 785 4591; x_wconf 83' lang='lat' dir='ltr'>quantum</span> <span class='ocrx_word' id='word_1_780' title='bbox 800 4520 828 4573; x_wconf 88' lang='lat' dir='ltr'>in</span> <span class='ocrx_word' id='word_1_781' title='bbox 848 4527 874 4574; x_wconf 87' lang='lat' dir='ltr'>te</span> <span class='ocrx_word' id='word_1_782' title='bbox 924 4530 949 4576; x_wconf 88' lang='lat' dir='ltr'>te</span> <span class='ocrx_word' id='word_1_783' title='bbox 965 4521 1080 4586; x_wconf 83' lang='lat' dir='ltr'>babere3</span> <span class='ocrx_word' id='word_1_784' title='bbox 1096 4535 1150 4575; x_wconf 92' lang='lat' dir='ltr'>non</span> <span class='ocrx_word' id='word_1_785' title='bbox 1165 4518 1244 4574; x_wconf 91' lang='lat' dir='ltr'>nobis</span> <span class='ocrx_word' id='word_1_786' title='bbox 1262 4519 1367 4575; x_wconf 86' lang='lat' dir='ltr'>videtur</span> <span class='ocrx_word' id='word_1_787' title='bbox 1390 4520 1461 4592; x_wconf 90' lang='lat' dir='ltr'>quod</span> <span class='ocrx_word' id='word_1_788' title='bbox 1485 4519 1604 4576; x_wconf 82' lang='lat' dir='ltr'>tenearis</span> <span class='ocrx_word' id='word_1_789' title='bbox 1629 4520 1669 4574; x_wconf 92' lang='lat' dir='ltr'>ire</span> <span class='ocrx_word' id='word_1_790' title='bbox 1684 4519 1718 4573; x_wconf 88' lang='lat' dir='ltr'>ad</span> 
     </span>
     <span class='ocr_line' id='line_1_51' title="bbox 76 4606 1719 4680; baseline 0.001 -21"><span class='ocrx_word' id='word_1_791' title='bbox 76 4609 126 4671; x_wconf 90' lang='lat' dir='ltr'>est,</span> <span class='ocrx_word' id='word_1_792' title='bbox 144 4621 305 4675; x_wconf 85' lang='lat' dir='ltr'>quemquam</span> <span class='ocrx_word' id='word_1_793' title='bbox 322 4623 329 4659; x_wconf 93' lang='lat'><strong>:</strong></span> <span class='ocrx_word' id='word_1_794' title='bbox 346 4614 375 4660; x_wconf 91' lang='lat' dir='ltr'>ut</span> <span class='ocrx_word' id='word_1_795' title='bbox 389 4607 470 4661; x_wconf 90' lang='lat' dir='ltr'>etiam</span> <span class='ocrx_word' id='word_1_796' title='bbox 484 4606 550 4661; x_wconf 91' lang='lat' dir='ltr'>illud</span> <span class='ocrx_word' id='word_1_797' title='bbox 560 4607 668 4662; x_wconf 90' lang='lat' dir='ltr'>Domini</span> <span class='ocrx_word' id='word_1_798' title='bbox 683 4606 874 4678; x_wconf 79' lang='lat' dir='ltr'>impleasprra</span> <span class='ocrx_word' id='word_1_799' title='bbox 924 4608 1164 4665; x_wconf 86' lang='lat' dir='ltr'>reconciliandum.</span> <span class='ocrx_word' id='word_1_800' title='bbox 1181 4607 1254 4663; x_wconf 86' lang='lat' dir='ltr'>Nilril</span> <span class='ocrx_word' id='word_1_801' title='bbox 1270 4607 1350 4673; x_wconf 92' lang='lat' dir='ltr'>enim,</span> <span class='ocrx_word' id='word_1_802' title='bbox 1368 4609 1535 4680; x_wconf 88' lang='lat' dir='ltr'>quantumin</span> <span class='ocrx_word' id='word_1_803' title='bbox 1549 4615 1637 4674; x_wconf 88' lang='lat' dir='ltr'>tcest,</span> <span class='ocrx_word' id='word_1_804' title='bbox 1654 4606 1719 4661; x_wconf 90' lang='lat' dir='ltr'>mali</span> 
     </span>
     <span class='ocr_line' id='line_1_52' title="bbox 75 4693 1719 4767; baseline -0.001 -18"><span class='ocrx_word' id='word_1_805' title='bbox 75 4700 193 4763; x_wconf 89' lang='lat' dir='ltr'>ceptum,</span> <span class='ocrx_word' id='word_1_806' title='bbox 206 4693 279 4764; x_wconf 92' lang='lat' dir='ltr'>quod</span> <span class='ocrx_word' id='word_1_807' title='bbox 295 4693 419 4763; x_wconf 90' lang='lat' dir='ltr'>superius</span> <span class='ocrx_word' id='word_1_808' title='bbox 435 4694 626 4750; x_wconf 89' lang='lat' dir='ltr'>seeundoloco</span> <span class='ocrx_word' id='word_1_809' title='bbox 639 4694 789 4765; x_wconf 88' lang='lat' dir='ltr'>posuimus,</span> <span class='ocrx_word' id='word_1_810' title='bbox 801 4694 873 4765; x_wconf 91' lang='lat' dir='ltr'>quod</span> <span class='ocrx_word' id='word_1_811' title='bbox 924 4697 951 4751; x_wconf 95' lang='lat' dir='ltr'>in</span> <span class='ocrx_word' id='word_1_812' title='bbox 966 4697 1041 4750; x_wconf 93' lang='lat' dir='ltr'>illurn</span> <span class='ocrx_word' id='word_1_813' title='bbox 1055 4695 1224 4764; x_wconf 89' lang='lat' dir='ltr'>commisisti,</span> <span class='ocrx_word' id='word_1_814' title='bbox 1239 4696 1295 4751; x_wconf 94' lang='lat' dir='ltr'>imo</span> <span class='ocrx_word' id='word_1_815' title='bbox 1310 4696 1410 4751; x_wconf 90' lang='lat' dir='ltr'>bonum</span> <span class='ocrx_word' id='word_1_816' title='bbox 1429 4696 1454 4750; x_wconf 94' lang='lat' dir='ltr'>ei</span> <span class='ocrx_word' id='word_1_817' title='bbox 1474 4711 1601 4767; x_wconf 77' lang='lat' dir='ltr'>magnum</span> <span class='ocrx_word' id='word_1_818' title='bbox 1628 4693 1719 4748; x_wconf 88' lang='lat' dir='ltr'>iecere</span> 
     </span>
     <span class='ocr_line' id='line_1_53' title="bbox 76 4780 1720 4855; baseline -0.001 -20"><span class='ocrx_word' id='word_1_819' title='bbox 76 4788 103 4835; x_wconf 89' lang='lat' dir='ltr'>et</span> <span class='ocrx_word' id='word_1_820' title='bbox 117 4780 170 4834; x_wconf 88' lang='lat' dir='ltr'>talc</span> <span class='ocrx_word' id='word_1_821' title='bbox 186 4789 246 4834; x_wconf 85' lang='lat' dir='ltr'>est:</span> <span class='ocrx_word' id='word_1_822' title='bbox 265 4782 294 4837; x_wconf 88' lang='lat' dir='ltr'>Si</span> <span class='ocrx_word' id='word_1_823' title='bbox 307 4782 390 4852; x_wconf 75' lang='lat' dir='ltr'>offers</span> <span class='ocrx_word' id='word_1_824' title='bbox 405 4799 510 4837; x_wconf 82' lang='lat' dir='ltr'>marrus</span> <span class='ocrx_word' id='word_1_825' title='bbox 522 4786 604 4837; x_wconf 87' lang='lat' dir='ltr'>tuum</span> <span class='ocrx_word' id='word_1_826' title='bbox 615 4783 651 4836; x_wconf 88' lang='lat' dir='ltr'>od</span> <span class='ocrx_word' id='word_1_827' title='bbox 665 4783 767 4850; x_wconf 85' lang='lat' dir='ltr'>ultore,</span> <span class='ocrx_word' id='word_1_828' title='bbox 788 4786 817 4837; x_wconf 92' lang='lat' dir='ltr'>et</span> <span class='ocrx_word' id='word_1_829' title='bbox 836 4783 875 4837; x_wconf 89' lang='lat' dir='ltr'>ibi</span> <span class='ocrx_word' id='word_1_830' title='bbox 925 4784 1041 4840; x_wconf 90' lang='lat' dir='ltr'>voluisti.</span> <span class='ocrx_word' id='word_1_831' title='bbox 1058 4785 1160 4838; x_wconf 87' lang='lat' dir='ltr'>Verum</span> <span class='ocrx_word' id='word_1_832' title='bbox 1176 4784 1233 4854; x_wconf 88' lang='lat' dir='ltr'>ipse</span> <span class='ocrx_word' id='word_1_833' title='bbox 1248 4798 1379 4855; x_wconf 83' lang='lat' dir='ltr'>magnum</span> <span class='ocrx_word' id='word_1_834' title='bbox 1394 4791 1469 4837; x_wconf 88' lang='lat' dir='ltr'>tunm</span> <span class='ocrx_word' id='word_1_835' title='bbox 1485 4783 1595 4845; x_wconf 85' lang='lat' dir='ltr'>bonum,</span> <span class='ocrx_word' id='word_1_836' title='bbox 1611 4780 1720 4834; x_wconf 87' lang='lat' dir='ltr'>animo-</span> 
     </span>
     <span class='ocr_line' id='line_1_54' title="bbox 76 4865 1719 4941; baseline -0.003 -19"><span class='ocrx_word' id='word_1_837' title='bbox 76 4868 241 4924; x_wconf 82' lang='lat' dir='ltr'>recor-dutus</span> <span class='ocrx_word' id='word_1_838' title='bbox 256 4871 346 4938; x_wconf 80' lang='lat' dir='ltr'>fueris</span> <span class='ocrx_word' id='word_1_839' title='bbox 367 4871 433 4940; x_wconf 87' lang='lat' dir='ltr'>quia</span> <span class='ocrx_word' id='word_1_840' title='bbox 457 4873 550 4940; x_wconf 80' lang='lat' dir='ltr'>freter</span> <span class='ocrx_word' id='word_1_841' title='bbox 573 4874 641 4925; x_wconf 87' lang='lat' dir='ltr'>tuus</span> <span class='ocrx_word' id='word_1_842' title='bbox 666 4870 747 4925; x_wconf 89' lang='lat' dir='ltr'>babet</span> <span class='ocrx_word' id='word_1_843' title='bbox 767 4868 875 4941; x_wconf 87' lang='lat' dir='ltr'>aliquid</span> <span class='ocrx_word' id='word_1_844' title='bbox 925 4869 1004 4922; x_wconf 86' lang='lat' dir='ltr'>sitetc</span> <span class='ocrx_word' id='word_1_845' title='bbox 1018 4875 1044 4921; x_wconf 91' lang='lat' dir='ltr'>et</span> <span class='ocrx_word' id='word_1_846' title='bbox 1058 4867 1227 4937; x_wconf 80' lang='lat' dir='ltr'>impbticntia</span> <span class='ocrx_word' id='word_1_847' title='bbox 1242 4881 1291 4920; x_wconf 82' lang='lat' dir='ltr'>sua</span> <span class='ocrx_word' id='word_1_848' title='bbox 1305 4867 1384 4922; x_wconf 86' lang='lat' dir='ltr'>vertit</span> <span class='ocrx_word' id='word_1_849' title='bbox 1400 4866 1451 4920; x_wconf 92' lang='lat' dir='ltr'>sibi</span> <span class='ocrx_word' id='word_1_850' title='bbox 1472 4865 1500 4918; x_wconf 93' lang='lat' dir='ltr'>in</span> <span class='ocrx_word' id='word_1_851' title='bbox 1514 4880 1643 4935; x_wconf 86' lang='lat' dir='ltr'>magnum</span> <span class='ocrx_word' id='word_1_852' title='bbox 1658 4880 1719 4917; x_wconf 84' lang='lat' dir='ltr'>ma·</span> 
     </span>
     <span class='ocr_line' id='line_1_55' title="bbox 77 4950 1720 5028; baseline -0.001 -18"><span class='ocrx_word' id='word_1_853' title='bbox 77 4955 210 5011; x_wconf 87' lang='lat' dir='ltr'>aduersus</span> <span class='ocrx_word' id='word_1_854' title='bbox 226 4960 263 5021; x_wconf 91' lang='lat' dir='ltr'>te,</span> <span class='ocrx_word' id='word_1_855' title='bbox 281 4958 409 5028; x_wconf 81' lang='lat' dir='ltr'>relinque</span> <span class='ocrx_word' id='word_1_856' title='bbox 423 4957 461 5011; x_wconf 85' lang='lat' dir='ltr'>ibi</span> <span class='ocrx_word' id='word_1_857' title='bbox 477 4974 582 5012; x_wconf 85' lang='lat' dir='ltr'>munus</span> <span class='ocrx_word' id='word_1_858' title='bbox 597 4961 755 5014; x_wconf 83' lang='lat' dir='ltr'>tuumuute</span> <span class='ocrx_word' id='word_1_859' title='bbox 771 4959 872 5022; x_wconf 84' lang='lat' dir='ltr'>ultore,</span> <span class='ocrx_word' id='word_1_860' title='bbox 925 4956 991 5020; x_wconf 91' lang='lat' dir='ltr'>lum,</span> <span class='ocrx_word' id='word_1_861' title='bbox 1006 4954 1147 5025; x_wconf 78' lang='lat' dir='ltr'>magisque</span> <span class='ocrx_word' id='word_1_862' title='bbox 1162 4953 1259 5007; x_wconf 87' lang='lat' dir='ltr'>intirmi</span> <span class='ocrx_word' id='word_1_863' title='bbox 1273 4961 1314 5007; x_wconf 91' lang='lat' dir='ltr'>est</span> <span class='ocrx_word' id='word_1_864' title='bbox 1327 4969 1407 5025; x_wconf 87' lang='lat' dir='ltr'>quam</span> <span class='ocrx_word' id='word_1_865' title='bbox 1430 4952 1528 5007; x_wconf 91' lang='lat' dir='ltr'>medici</span> <span class='ocrx_word' id='word_1_866' title='bbox 1548 4950 1628 5021; x_wconf 89' lang='lat' dir='ltr'>culpa</span> <span class='ocrx_word' id='word_1_867' title='bbox 1646 4952 1720 5022; x_wconf 91' lang='lat' dir='ltr'>quod</span> 
     </span>
     <span class='ocr_line' id='line_1_56' title="bbox 76 5040 1717 5115; baseline -0.002 -18"><span class='ocrx_word' id='word_1_868' title='bbox 76 5046 106 5097; x_wconf 86' lang='lat' dir='ltr'>et</span> <span class='ocrx_word' id='word_1_869' title='bbox 117 5043 184 5098; x_wconf 86' lang='lat' dir='ltr'>uode</span> <span class='ocrx_word' id='word_1_870' title='bbox 203 5045 283 5114; x_wconf 85' lang='lat' dir='ltr'>prius</span> <span class='ocrx_word' id='word_1_871' title='bbox 299 5045 480 5100; x_wconf 82' lang='lat' dir='ltr'>reconciliari</span> <span class='ocrx_word' id='word_1_872' title='bbox 493 5047 582 5115; x_wconf 81' lang='lat' dir='ltr'>fratri</span> <span class='ocrx_word' id='word_1_873' title='bbox 601 5051 659 5111; x_wconf 92' lang='lat' dir='ltr'>tuo,</span> <span class='ocrx_word' id='word_1_874' title='bbox 686 5050 713 5101; x_wconf 84' lang='lat' dir='ltr'>et</span> <span class='ocrx_word' id='word_1_875' title='bbox 738 5049 806 5100; x_wconf 85' lang='lat' dir='ltr'>tuuc</span> <span class='ocrx_word' id='word_1_876' title='bbox 827 5061 874 5100; x_wconf 85' lang='lat' dir='ltr'>ue·</span> <span class='ocrx_word' id='word_1_877' title='bbox 924 5043 983 5113; x_wconf 93' lang='lat' dir='ltr'>ipse</span> <span class='ocrx_word' id='word_1_878' title='bbox 997 5040 1120 5096; x_wconf 82' lang='lat' dir='ltr'>infirmus</span> <span class='ocrx_word' id='word_1_879' title='bbox 1134 5048 1255 5113; x_wconf 82' lang='lat' dir='ltr'>aegrotat,</span> <span class='ocrx_word' id='word_1_880' title='bbox 1272 5041 1351 5095; x_wconf 85' lang='lat' dir='ltr'>etiam</span> <span class='ocrx_word' id='word_1_881' title='bbox 1362 5040 1546 5096; x_wconf 88' lang='lat' dir='ltr'>demedicina.</span> <span class='ocrx_word' id='word_1_882' title='bbox 1563 5040 1631 5094; x_wconf 90' lang='lat' dir='ltr'>Hinc</span> <span class='ocrx_word' id='word_1_883' title='bbox 1648 5040 1717 5096; x_wconf 86' lang='lat' dir='ltr'>bea-</span> 
     </span>
     <span class='ocr_line' id='line_1_57' title="bbox 77 5128 1721 5203; baseline -0.002 -18"><span class='ocrx_word' id='word_1_884' title='bbox 77 5131 160 5185; x_wconf 79' lang='lat' dir='ltr'>niens</span> <span class='ocrx_word' id='word_1_885' title='bbox 189 5132 288 5203; x_wconf 71' lang='lat' dir='ltr'>offeres</span> <span class='ocrx_word' id='word_1_886' title='bbox 316 5149 421 5188; x_wconf 84' lang='lat' dir='ltr'>munus</span> <span class='ocrx_word' id='word_1_887' title='bbox 449 5137 531 5188; x_wconf 87' lang='lat' dir='ltr'>tuum</span> <span class='ocrx_word' id='word_1_888' title='bbox 552 5134 663 5203; x_wconf 89' lang='lat' dir='ltr'>(biettb.</span> <span class='ocrx_word' id='word_1_889' title='bbox 694 5149 721 5187; x_wconf 90' lang='lat' dir='ltr'>v.</span> <span class='ocrx_word' id='word_1_890' title='bbox 751 5136 795 5199; x_wconf 77' lang='lat'>23,</span> <span class='ocrx_word' id='word_1_891' title='bbox 817 5134 873 5201; x_wconf 73' lang='grc'>24).</span> <span class='ocrx_word' id='word_1_892' title='bbox 925 5137 968 5184; x_wconf 93' lang='lat' dir='ltr'>tus</span> <span class='ocrx_word' id='word_1_893' title='bbox 990 5128 1158 5199; x_wconf 73' lang='lat' dir='ltr'>Augustinus</span> <span class='ocrx_word' id='word_1_894' title='bbox 1178 5129 1217 5184; x_wconf 91' lang='lat' dir='ltr'>sic</span> <span class='ocrx_word' id='word_1_895' title='bbox 1239 5129 1264 5182; x_wconf 89' lang='lat' dir='ltr'>in</span> <span class='ocrx_word' id='word_1_896' title='bbox 1290 5129 1395 5202; x_wconf 78' lang='lat' dir='ltr'>llegule</span> <span class='ocrx_word' id='word_1_897' title='bbox 1417 5128 1581 5184; x_wconf 87' lang='lat' dir='ltr'>clericorum</span> <span class='ocrx_word' id='word_1_898' title='bbox 1603 5128 1674 5198; x_wconf 81' lang='lat' dir='ltr'>(cap.</span> <span class='ocrx_word' id='word_1_899' title='bbox 1694 5131 1721 5200; x_wconf 83' lang='grc'>8)</span> 
     </span>
     <span class='ocr_line' id='line_1_58' title="bbox 78 5216 1722 5292; baseline -0.001 -21"><span class='ocrx_word' id='word_1_900' title='bbox 78 5217 151 5272; x_wconf 81' lang='lat' dir='ltr'>Ecce</span> <span class='ocrx_word' id='word_1_901' title='bbox 173 5218 246 5290; x_wconf 85' lang='lat' dir='ltr'>quia,</span> <span class='ocrx_word' id='word_1_902' title='bbox 271 5226 300 5272; x_wconf 91' lang='lat' dir='ltr'>ut</span> <span class='ocrx_word' id='word_1_903' title='bbox 327 5218 423 5273; x_wconf 90' lang='lat' dir='ltr'>beatus</span> <span class='ocrx_word' id='word_1_904' title='bbox 452 5219 602 5292; x_wconf 83' lang='lat' dir='ltr'>Gregorius</span> <span class='ocrx_word' id='word_1_905' title='bbox 621 5220 686 5275; x_wconf 90' lang='lat' dir='ltr'>dicit</span> <span class='ocrx_word' id='word_1_906' title='bbox 705 5221 797 5289; x_wconf 85' lang='lat' dir='ltr'>(ilem.</span> <span class='ocrx_word' id='word_1_907' title='bbox 817 5218 876 5272; x_wconf 79' lang='lat' dir='ltr'>Sin</span> <span class='ocrx_word' id='word_1_908' title='bbox 926 5217 1020 5273; x_wconf 87' lang='lat' dir='ltr'>scribit</span> <span class='ocrx_word' id='word_1_909' title='bbox 1035 5218 1069 5272; x_wconf 91' lang='lat' dir='ltr'>de</span> <span class='ocrx_word' id='word_1_910' title='bbox 1082 5218 1144 5272; x_wconf 89' lang='lat' dir='ltr'>hoc.</span> <span class='ocrx_word' id='word_1_911' title='bbox 1162 5241 1172 5264; x_wconf 78' lang='lat' dir='ltr'>l</span> <span class='ocrx_word' id='word_1_912' title='bbox 1186 5218 1244 5273; x_wconf 89' lang='lat' dir='ltr'>Nec</span> <span class='ocrx_word' id='word_1_913' title='bbox 1258 5233 1317 5281; x_wconf 86' lang='lat' dir='ltr'>vos,</span> <span class='ocrx_word' id='word_1_914' title='bbox 1334 5216 1429 5287; x_wconf 88' lang='lat' dir='ltr'>inquit,</span> <span class='ocrx_word' id='word_1_915' title='bbox 1444 5217 1569 5286; x_wconf 79' lang='lat' dir='ltr'>judicetis</span> <span class='ocrx_word' id='word_1_916' title='bbox 1584 5231 1646 5270; x_wconf 88' lang='lat' dir='ltr'>esse</span> <span class='ocrx_word' id='word_1_917' title='bbox 1662 5231 1722 5269; x_wconf 91' lang='lat' dir='ltr'>ma-</span> 
     </span>
     <span class='ocr_line' id='line_1_59' title="bbox 77 5303 1722 5378; baseline 0.002 -19"><span class='ocrx_word' id='word_1_918' title='bbox 77 5304 190 5376; x_wconf 87' lang='lat' dir='ltr'>Ezech.)</span> <span class='ocrx_word' id='word_1_919' title='bbox 207 5322 213 5357; x_wconf 95' lang='lat'><strong>:</strong></span> <span class='ocrx_word' id='word_1_920' title='bbox 233 5327 244 5352; x_wconf 76' lang='lat' dir='ltr'>a</span> <span class='ocrx_word' id='word_1_921' title='bbox 263 5306 361 5361; x_wconf 86' lang='lat' dir='ltr'>liunus</span> <span class='ocrx_word' id='word_1_922' title='bbox 370 5323 427 5362; x_wconf 94' lang='lat' dir='ltr'>non</span> <span class='ocrx_word' id='word_1_923' title='bbox 438 5307 581 5378; x_wconf 92' lang='lat' dir='ltr'>accipitur,</span> <span class='ocrx_word' id='word_1_924' title='bbox 591 5307 643 5362; x_wconf 92' lang='lat' dir='ltr'>nisi</span> <span class='ocrx_word' id='word_1_925' title='bbox 653 5307 769 5377; x_wconf 86' lang='lat' dir='ltr'>priusab</span> <span class='ocrx_word' id='word_1_926' title='bbox 785 5305 877 5360; x_wconf 86' lang='lat' dir='ltr'>animo</span> <span class='ocrx_word' id='word_1_927' title='bbox 927 5304 1031 5360; x_wconf 87' lang='lat' dir='ltr'>levolos</span> <span class='ocrx_word' id='word_1_928' title='bbox 1047 5305 1156 5376; x_wconf 84' lang='lat' dir='ltr'>quando</span> <span class='ocrx_word' id='word_1_929' title='bbox 1170 5306 1222 5360; x_wconf 91' lang='lat' dir='ltr'>hoc</span> <span class='ocrx_word' id='word_1_930' title='bbox 1244 5303 1383 5360; x_wconf 89' lang='lat' dir='ltr'>indicatis.</span> <span class='ocrx_word' id='word_1_931' title='bbox 1405 5305 1492 5378; x_wconf 79' lang='lat' dir='ltr'>Magis</span> <span class='ocrx_word' id='word_1_932' title='bbox 1512 5305 1622 5377; x_wconf 90' lang='lat' dir='ltr'>quippe,</span> <span class='ocrx_word' id='word_1_933' title='bbox 1642 5310 1722 5362; x_wconf 89' lang='lat' dir='ltr'>inno·</span> 
     </span>
     <span class='ocr_line' id='line_1_60' title="bbox 77 5391 1751 5466; baseline 0.003 -20"><span class='ocrx_word' id='word_1_934' title='bbox 77 5391 217 5448; x_wconf 86' lang='lat' dir='ltr'>discordia</span> <span class='ocrx_word' id='word_1_935' title='bbox 237 5393 363 5463; x_wconf 90' lang='lat' dir='ltr'>pellatur.</span> <span class='ocrx_word' id='word_1_936' title='bbox 389 5417 400 5443; x_wconf 75' lang='lat' dir='ltr'>r</span> <span class='ocrx_word' id='word_1_937' title='bbox 425 5395 477 5451; x_wconf 93' lang='lat' dir='ltr'>Ubi</span> <span class='ocrx_word' id='word_1_938' title='bbox 499 5395 626 5451; x_wconf 89' lang='lat' dir='ltr'>nimirum</span> <span class='ocrx_word' id='word_1_939' title='bbox 648 5393 696 5449; x_wconf 93' lang='lat' dir='ltr'>tibi</span> <span class='ocrx_word' id='word_1_940' title='bbox 719 5392 877 5464; x_wconf 75' lang='lat' dir='ltr'>intelligen-</span> <span class='ocrx_word' id='word_1_941' title='bbox 927 5401 1021 5449; x_wconf 87' lang='lat' dir='ltr'>centes</span> <span class='ocrx_word' id='word_1_942' title='bbox 1036 5408 1091 5449; x_wconf 93' lang='grc' dir='ltr'>ηοη</span> <span class='ocrx_word' id='word_1_943' title='bbox 1107 5393 1182 5460; x_wconf 87' lang='lat' dir='ltr'>estis,</span> <span class='ocrx_word' id='word_1_944' title='bbox 1206 5393 1230 5448; x_wconf 87' lang='lat' dir='ltr'>si</span> <span class='ocrx_word' id='word_1_945' title='bbox 1249 5392 1348 5449; x_wconf 87' lang='lat' dir='ltr'>iratres</span> <span class='ocrx_word' id='word_1_946' title='bbox 1364 5401 1469 5452; x_wconf 87' lang='lat' dir='ltr'>vestros</span> <span class='ocrx_word' id='word_1_947' title='bbox 1491 5410 1560 5466; x_wconf 91' lang='lat' dir='ltr'>quos</span> <span class='ocrx_word' id='word_1_948' title='bbox 1578 5395 1724 5453; x_wconf 90' lang='lat' dir='ltr'>indicando</span> <span class='ocrx_word' id='word_1_949' title='bbox 1749 5397 1751 5401; x_wconf 80' lang='grc'>’</span> 
     </span>
    </p>
   </div>
   <div class='ocr_carea' id='block_1_5' title="bbox 185 5534 1619 5596">
    <p class='ocr_par' dir='ltr' id='par_1_5' title="bbox 185 5534 1619 5596">
     <span class='ocr_line' id='line_1_61' title="bbox 185 5534 1619 5596; baseline 0.011 -6"><span class='ocrx_word' id='word_1_950' title='bbox 185 5534 305 5591; x_wconf 81' lang='grc' dir='ltr'>Ριτηοη.</span> <span class='ocrx_word' id='word_1_951' title='bbox 326 5535 416 5592; x_wconf 86' lang='lat' dir='ltr'>CLlll.</span> <span class='ocrx_word' id='word_1_952' title='bbox 1585 5540 1619 5596; x_wconf 78' lang='lat'>2⁸</span> 
     </span>
    </p>
   </div>
   <div class='ocr_carea' id='block_1_6' title="bbox 0 0 1888 5984">
    <p class='ocr_par' dir='ltr' id='par_1_6' title="bbox 0 0 1888 5984">
     <span class='ocr_line' id='line_1_62' title="bbox 0 0 1888 5984; baseline 0 0"><span class='ocrx_word' id='word_1_953' title='bbox 0 0 1888 5984; x_wconf 95' lang='lat' dir='ltr'> </span> 
     </span>
    </p>
   </div>
  </div>
 </body>
</html>
