3742 5986
102 225 155 279 247
369 224 398 279 S.
418 220 596 280 BRUNONIS
620 214 942 277 catthusmttoatttt
962 210 1206 270 INSTlTUTORiS
1225 211 1301 269 OPP.
1331 208 1420 267 PARS
1446 208 1481 264 11.
1640 201 1649 223 ’
1699 210 1751 266 stt

104 346 280 413 odariatlrii,
294 363 323 405 os
334 350 466 404 nostram
476 346 558 402 modo
566 349 645 418 patet
655 344 691 401 ad
701 341 859 401 commuta
869 339 941 400 deA
954 338 998 393 ita
1011 336 1151 409 apparebit
1166 336 1240 409 quod
1253 351 1306 409 ego
1334 350 1381 392 ero
1405 334 1479 389 Deae
1501 333 1628 399 illoram,
1644 336 1672 388 et
1696 333 1751 405 ipsi

102 434 192 507 gloria
206 443 299 491 nostra
315 443 341 490 ει
356 435 421 489 sarta
437 433 535 490 diffuse
551 433 698 505 loquendo,
715 431 803 504 quiin
817 427 903 500 priori
952 427 1033 482 eritis
1048 426 1121 482 mibi
1134 426 1266 498 populas.
1282 421 1443 494 Quicunque
1459 420 1533 477 enim
1546 419 1664 477 viderint
1671 419 1749 489 justi·

103 523 226 595 Epistola
247 539 290 579 me
312 539 423 579 servum
446 522 567 579 omnium
588 521 730 593 proposui.
752 521 786 574 Et
809 518 902 589 utique
951 513 1138 582 Nemeorum,
1155 513 1271 569 dicent:
1288 507 1608 581 iiisuntpopulusDei,
1625 515 1652 564 et
1676 507 1749 562 Deus

104 627 135 667 οε
150 619 273 667 nostrum
292 611 376 686 digne
395 619 487 683 patere
512 610 608 682 potuit,
635 609 698 681 quia
711 625 759 666 eor
772 611 902 662 nostram
952 602 1098 657 habitatin
1114 601 1179 656 illis.
1195 601 1273 657 Nunc
1287 600 1322 656 de
1337 600 1389 655 hac
1402 597 1562 654 auctoritate
1580 596 1662 652 interi
1675 595 1749 652 Pau-

103 698 260 755 ditotatam
274 703 317 756 est
332 719 341 755 :
355 714 526 772 quaecunque
535 697 607 752 enim
617 697 652 752 de
661 695 749 769 gloria
763 693 904 750 nostralo·
951 690 994 745 lus
1009 690 1091 746 aliam
1104 690 1139 745 de
1153 689 1252 745 eodem
1265 687 1413 744 Ezechiele
1427 693 1572 757 sumptam.
1589 684 1641 741 Ubi
1655 683 1684 739 in
1699 698 1747 740 ca-

104 802 184 859 quor,
209 787 297 843 carnia
324 787 353 842 in
373 803 418 843 me
447 785 633 856 circumspicit
652 801 713 841 esse
736 780 903 839 couscientia
951 778 1073 849 ptivitate
1088 777 1243 850 Babyloniae
1257 776 1360 832 Judaeis
1376 774 1507 831 suadebat
1522 773 1607 842 exire,
1624 778 1651 828 et
1666 787 1747 843 sepa-

103 890 179 930 mea.
196 874 232 930 Et
247 876 310 947 quia
325 891 357 932 us
371 882 444 947 patet
458 882 485 932 et
499 873 693 930 cordilatatum
708 880 759 940 est,
773 873 830 941 jam
845 886 902 924 am·
952 866 1007 923 rari
1022 866 1056 922 ab
1070 866 1199 937 operibus
1213 865 1293 920 malis
1306 863 1456 936 gentilium.
1473 861 1553 931 Quod
1568 860 1592 916 si
1614 860 1746 928 iacerent,

104 962 176 1034 plius
190 979 248 1019 aaa
259 965 466 1037 capastiamiai
479 964 511 1019 s'a
522 963 611 1019 nobis.
627 960 698 1030 Quia
713 959 786 1016 enim
796 958 902 1031 simpli·
952 954 1127 1027 promittebat
1136 954 1176 1009 eis
1191 970 1207 1009 a
1221 954 1279 1010 Deo
1291 951 1487 1022 liberationem,
1496 949 1590 1006 dicens
1608 963 1615 1004 :
1632 949 1749 1021 Propter

105 1051 174 1108 citer
192 1068 241 1108 vos
265 1052 353 1120 docui,
373 1068 442 1124 quos
458 1051 540 1108 rudes
553 1051 720 1116 inveneram,
738 1048 826 1104 dicitis
841 1046 902 1103 cul·
951 1043 1034 1116 qaod,
1047 1042 1161 1110 scilicet,
1173 1050 1203 1098 ιιι
1217 1042 1275 1097 sitis
1290 1040 1406 1113 populus
1422 1038 1482 1108 Dei,
1498 1039 1531 1094 de
1545 1038 1636 1094 medio
1650 1037 1751 1109 impio-

104 1155 167 1212 pam
181 1155 271 1196 mearn
295 1157 356 1196 esse
382 1140 455 1212 quod
479 1139 507 1195 in
530 1139 661 1194 charitate
682 1137 789 1209 angusti
812 1135 901 1191 estis:
951 1149 1016 1188 ram
1031 1134 1109 1188 exite
1125 1150 1134 1188 .·
1149 1146 1204 1187 non
1217 1137 1363 1202 operantes
1381 1144 1442 1200 quas
1461 1134 1615 1199 operantur.
1635 1126 1750 1198 Separa-

4 1263 5 1266 =
106 1228 155 1284 sed
176 1227 268 1301 utique
290 1228 317 1283 in
342 1228 467 1300 exemplo
490 1235 585 1283 nostro
609 1226 680 1282 bene
703 1232 815 1296 apparet
829 1222 903 1296 quod
951 1219 1169 1276 miaietiamab
1183 1218 1287 1275 eisdem
1301 1218 1448 1283 voluntate,
1466 1230 1522 1271 non
1535 1221 1637 1270 tantum
1652 1228 1746 1284 opere.

105 1332 161 1372 non
181 1317 374 1388 augustiamini
400 1316 430 1372 in
451 1315 531 1372 nobis
549 1330 555 1369 :
572 1315 620 1372 sed
642 1313 852 1386 aapastt'amiai
870 1313 902 1367 s'a
953 1308 998 1364 Sic
1012 1315 1103 1364 autem
1116 1306 1177 1363 fieri
1190 1322 1304 1362 necesse
1314 1312 1366 1372 est,
1378 1304 1441 1376 quia
1450 1305 1509 1359 haec
1523 1302 1588 1359 dicit
1596 1300 1747 1358 Dominus:

105 1405 258 1461 visceribus
271 1407 382 1473 vestris,
399 1404 426 1460 id
450 1412 492 1460 est
506 1404 586 1473 hujus
606 1401 758 1459 tenacitatis
773 1410 798 1457 et
814 1416 902 1471 sngu-
951 1397 990 1452 Ne
1018 1395 1099 1452 etiam
1125 1397 1275 1468 tetiqeritt's
1302 1391 1530 1457 immaadam,id
1544 1397 1651 1446 estnec
1667 1388 1747 1446 etiam

106 1492 164 1548 stiae
179 1492 266 1548 fomes
290 1501 332 1548 est
356 1493 384 1548 in
407 1492 535 1550 cordibus
565 1491 673 1547 uestris.
698 1490 748 1547 Vel
770 1489 858 1558 aliter,
874 1496 903 1543 ut
951 1483 1161 1539 delectationem
1175 1482 1323 1539 habueritis
1333 1482 1360 1537 in
1371 1478 1548 1536 immunditiis
1558 1492 1663 1545 eorum,
1675 1476 1748 1550 quod

105 1596 192 1651 pauca
203 1581 329 1652 superius
339 1589 476 1637 mutemus
489 1596 495 1636 :
508 1581 656 1637 Hortamur
665 1595 725 1645 vos,
737 1593 772 1632 ne
788 1577 901 1650 gratiam
952 1572 1049 1628 saltem
1063 1571 1188 1643 placeant
1203 1571 1291 1627 vobis.
1307 1570 1380 1626 Etsi
1393 1570 1445 1624 hoc
1460 1566 1591 1631 feceritis,
1608 1581 1657 1637 aaa
1672 1567 1747 1621 reci-

107 1668 158 1724 Dei
186 1668 284 1724 trustra
306 1668 446 1741 recipiatis
462 1687 469 1724 ι
487 1669 561 1740 quod
589 1683 624 1722 ue
647 1666 694 1722 tiat
712 1666 814 1721 nemini
843 1664 937 1752 sitisB
950 1661 1030 1733 piam
1044 1677 1091 1716 aar
1108 1680 1118 1716 .·
1134 1664 1162 1716 ct
1176 1659 1250 1717 vobis
1266 1658 1384 1729 receptis
1398 1673 1445 1714 ero
1460 1657 1492 1712 ia
1518 1659 1642 1728 patrem,
1657 1656 1688 1709 et
1702 1668 1747 1710 vot

105 1757 202 1812 dantes
215 1756 298 1812 ullam
313 1756 490 1813 offensionem
506 1772 592 1828 pravo
608 1771 696 1828 opere,
706 1754 750 1811 vel
765 1754 899 1825 exemplo,
951 1750 1032 1805 eritis
1042 1749 1115 1806 mihi
1129 1751 1160 1805 ia
1171 1749 1256 1819 filios,
1272 1746 1410 1804 ueletiam
1423 1746 1451 1801 in
1470 1745 1545 1815 filias
1561 1759 1623 1815 quaa
1650 1740 1746 1810 majori

105 1852 134 1900 ut
148 1844 328 1901 ministerium
351 1852 485 1914 nostrum,
502 1845 530 1901 id
545 1853 586 1900 est
599 1860 634 1901 ne
646 1843 833 1915 magisterium
848 1857 901 1898 no·
952 1836 1092 1909 diligentia
1105 1844 1238 1892 ornamur
1251 1852 1268 1891 ἃ
1281 1835 1449 1906 Pflrffliibffi·
1465 1833 1500 1889 Ei
1513 1833 1573 1888 hm
1586 1829 1679 1886 ΟΜ
1689 1845 1746 1886 ⁰¹¹0·

105 1941 191 1989 strum
206 1950 257 2004 per
270 1949 319 1991 vos
334 1933 503 1990 offendentes
523 1933 557 1988 sit
572 1931 760 2004 vituperabile.
775 1933 817 1986 Ne
831 1930 901 1986 detis
951 1924 1018 1980 dere
1032 1932 1059 1980 et
1074 1922 1162 1980 iacere
1176 1940 1226 1981 vos
1239 1932 1355 1997 oportet,
1370 1922 1432 1996 quia
1446 1926 1505 1979 iiaec
1523 1920 1594 1978 dicii
1608 1918 1746 1977 DOmi'W‘

104 2019 294 2093 offensionem,
319 2023 367 2079 sed
392 2023 568 2079 exhibeamus
592 2037 643 2077 nos
664 2021 692 2075 in
715 2019 852 2088 omnibus,
871 2026 901 2074 ut
951 2013 1139 2085 omnipotens.

105 2110 204 2166 melius
217 2125 265 2166 eos
279 2110 381 2166 alliciat
396 2110 431 2166 ad
445 2111 556 2176 bonum,
573 2125 634 2165 cum
644 2108 748 2165 eisdem
762 2124 792 2163 se
806 2106 901 2163 inserit
1235 2142 1347 2200 CAPUT
1379 2142 1437 2199 VH·

105 2198 200 2255 dicens
217 2215 224 2253 :
240 2214 291 2254 nos
305 2199 376 2255 sicut
390 2198 441 2254 Dei
460 2197 611 2253 ministros.
630 2198 666 2253 Et
684 2197 835 2253 secundum
849 2196 902 2252 hoc

106 2285 176 2342 sicut
199 2285 363 2358 inproprie
392 2285 593 2360 significatione
620 2286 681 2342 erit.
714 2283 813 2341 Omnia
840 2301 901 2357 quse
989 2283 1074 2338 «Has
1089 2283 1174 2356 igitur
1200 2284 1330 2340 babentes
1344 2284 1550 2354 promissiones,
1580 2288 1744 2357 charissimi,

105 2382 257 2446 sequuntur
270 2390 325 2430 non
347 2382 494 2440 mutantur,
518 2374 570 2430 nisi
593 2373 667 2446 quod
688 2373 759 2429 sicut
777 2373 813 2428 ad
829 2373 901 2428 Pau·
954 2372 1143 2428 «mundemus
1158 2387 1209 2429 nos
1223 2372 1258 2428 ab
1274 2373 1349 2428 omni
1370 2372 1574 2445 inquinamento
1602 2378 1695 2434 carnis
1722 2386 1747 2435 et

104 2463 170 2529 lum,
186 2462 227 2519 sic
241 2463 363 2534 exposita
377 2464 411 2518 ad
427 2478 475 2519 cos
490 2470 615 2535 spectare
629 2462 763 2518 dicamur.
777 2463 812 2517 Et
826 2462 898 2534 quia,
954 2483 965 2508 ι
981 2461 1101 2531 spiritus,
1130 2458 1302 2532 perficientes
1330 2461 1570 2520 sanctificationem
1594 2465 1623 2520 in
1650 2466 1747 2524 timore

105 2566 123 2606 o
138 2550 277 2620 Corinthii,
290 2568 361 2607 nunc
375 2551 458 2607 multa
471 2559 498 2608 et
508 2551 599 2622 ampla
608 2559 746 2622 praecepta
760 2550 796 2605 do
811 2549 900 2616 vobis,
954 2569 966 2599 ι
982 2549 1042 2604 Dei.
1059 2550 1222 2620 Capitenos.
1237 2550 1380 2606 Neminem
1391 2550 1521 2607 laesimus.
1531 2553 1676 2610 Neminem
1686 2570 1748 2612 cor-

103 2639 187 2695 modo
202 2645 276 2710 patet
290 2655 322 2695 os
347 2648 470 2696 nostrum
495 2641 529 2694 ad
543 2655 593 2696 vos
606 2638 692 2694 multa
706 2637 899 2710 praecipiendo,
954 2658 966 2689 ι
983 2637 1118 2708 rupimus.
1133 2638 1281 2694 Neminem
1300 2639 1537 2696 circumvenimus.
1553 2642 1616 2697 Non
1629 2643 1664 2698 ad
1678 2659 1746 2700 con·

105 2727 152 2799 qui
165 2743 209 2784 me
224 2727 301 2799 prius
319 2728 476 2801 arguebatis
499 2743 548 2784 vos
572 2727 752 2785 commonitos
775 2742 837 2783 esse
867 2726 901 2781 de
953 2748 965 2774 ι
982 2727 1182 2783 damnationem
1198 2736 1316 2783 vestram
1331 2728 1402 2784 dico.
1419 2729 1598 2786 Praediximus
1611 2730 1746 2807 [Praedixi]

104 2815 207 2887 paucis.
224 2816 282 2872 Nec
296 2816 394 2871 mimm
409 2817 433 2871 si
446 2816 550 2888 patenti
564 2831 612 2872 ore
622 2815 706 2871 multa
715 2815 794 2871 vobis
803 2814 897 2886 praeci·
953 2835 965 2866 ι
984 2814 1057 2869 enim
1071 2815 1144 2886 quod
1159 2815 1187 2870 ia
1208 2815 1336 2872 cordibus
1350 2817 1453 2872 nostris
1479 2817 1546 2873 estis
1558 2819 1594 2875 ad
1622 2834 1748 2877 commo·

104 2903 160 2976 pio,
177 2904 240 2976 quia
254 2920 303 2961 cor
317 2912 440 2961 nostrum
457 2904 598 2960 dilatatum
614 2912 665 2971 est,
677 2904 704 2959 id
721 2902 863 2959 estomnia
874 2902 901 2956 in
953 2925 964 2951 ι
983 2903 1107 2958 siendum
1122 2911 1149 2959 et
1174 2904 1208 2959 ad
1223 2904 1432 2961 convivendum.
1458 2906 1542 2961 Multa
1560 2907 1627 2963 mihi
1649 2907 1747 2966 fiducia
1770 2932 1773 2937 ¹

104 3008 149 3049 me
163 2992 272 3049 invenio
293 3009 354 3065 quae
377 2993 456 3050 vobis
470 2993 610 3064 operanda
633 2992 723 3047 trado.
748 2993 781 3047 ta
800 3007 833 3046 ex
847 2990 900 3047 hoc
911 3043 934 3105 ο
953 3013 965 3044 ι
984 3000 1025 3048 εει
1038 2992 1109 3063 apud
1125 3008 1184 3060 vos,
1201 2993 1286 3048 multa
1300 2992 1367 3048 mihi
1382 2993 1507 3067 gloriatio
1521 3011 1573 3066 pro
1585 2997 1675 3054 vobis.
1692 2999 1746 3055 lle-

101 3081 158 3151 jam
184 3088 317 3154 apparet:
333 3081 396 3154 quia
431 3097 487 3137 non
518 3079 709 3154 angustiamini
728 3079 756 3134 in
780 3079 858 3135 nobis
878 3079 902 3134 si
953 3103 964 3128 ιι
982 3080 1347 3152 pletussumcousclaticne
1365 3084 1585 3155 :superabundo
1605 3086 1748 3157 gaudioin

104 3184 192 3241 pauca
215 3169 376 3241 operamini,
400 3170 449 3225 sed
480 3168 675 3241 angustiamini
698 3168 726 3223 in
749 3167 901 3224 visceribus
953 3169 1056 3225 «omni
1085 3169 1256 3226 tribulatione
1271 3179 1374 3226 nostra.
1403 3173 1472 3227 Nam
1491 3180 1518 3228 et
1546 3188 1608 3230 cam
1622 3173 1748 3231 venisse·

105 3257 213 3313 uestris.
232 3258 323 3314 Nolite
334 3266 426 3314 autern
445 3257 602 3331 angustiari,
621 3257 670 3313 sed
684 3256 814 3313 charitate
828 3256 901 3311 dila·
953 3274 1042 3313 «mus
1068 3258 1267 3328 Macedoniam,
1284 3259 1386 3314 nullam
1411 3261 1535 3333 requiem
1562 3262 1656 3318 habuit
1685 3279 1749 3320 caro

38 3366 41 3371 ·
104 3345 199 3402 temini
216 3359 223 3401 ε
240 3346 309 3403 sicut
324 3346 384 3402 aliae
403 3346 535 3403 Ecclesiae
550 3347 588 3402 ita
602 3354 629 3402 et
643 3362 693 3403 vos
710 3363 716 3400 :
733 3353 759 3402 et
773 3345 826 3401 hoc
840 3345 901 3402 dico
953 3354 1093 3414 «nostra,
1110 3347 1159 3402 sed
1181 3363 1290 3404 omnem
1317 3347 1515 3405 tribulationem
1542 3351 1616 3422 passi
1642 3367 1746 3409 sumas.

103 3433 183 3492 vobis
200 3438 335 3507 taaqaam
349 3435 428 3505 filiis,
451 3450 501 3492 vos
515 3435 578 3492 dico
590 3452 639 3506 spe
654 3434 764 3506 quidem
777 3434 832 3505 jam
848 3434 902 3490 ba·
953 3456 964 3486 ι
982 3435 1059 3491 Foris
1072 3452 1181 3509 pugnae,
1198 3436 1271 3491 intus
1299 3436 1421 3494 datores.
1439 3437 1493 3493 Sed
1520 3439 1566 3511 qui
1593 3439 1749 3497 consolatur

104 3525 201 3580 beatos
220 3523 348 3580 eamdem
365 3526 627 3581 remunerationem
647 3538 726 3596 quarn
745 3537 797 3578 uos
816 3522 901 3578 habe·
953 3546 964 3572 ι
983 3524 1108 3591 humiles,
1126 3525 1281 3581 consolatus
1296 3534 1336 3581 εει
1354 3541 1403 3582 nos
1418 3527 1493 3582 Deus
1505 3527 1534 3582 iu
1546 3528 1663 3585 adventu
1684 3529 1746 3587 Titi.

104 3629 176 3681 mus,
193 3611 296 3669 scilicet
313 3612 454 3669 coelestem
478 3612 603 3684 gloriam.
629 3612 665 3667 Et
679 3619 708 3666 ut
726 3610 755 3665 in
768 3610 902 3666 mandatis
953 3612 1043 3668 «Non
1058 3612 1147 3668 solnm
1162 3621 1252 3668 autem
1266 3613 1294 3668 in
1323 3614 1441 3670 adventu
1462 3615 1530 3685 ejus,
1548 3616 1596 3672 sed
1625 3617 1748 3674 etiamid

104 3700 155 3756 Dei
165 3701 438 3758 dilatemini.Natite
446 3701 549 3757 docere
554 3701 658 3771 jupam
668 3717 733 3756 cam
741 3700 902 3769 infidelibus
954 3701 1169 3758 «consolatione
1183 3717 1237 3774 qua
1255 3699 1322 3775 [qui]
1351 3702 1508 3759 consolatus
1536 3712 1576 3760 est
1602 3704 1631 3761 in
1657 3706 1748 3774 vobis,

103 3786 220 3860 pseudo.
237 3789 289 3844 Per
299 3789 395 3860 jugum
420 3795 541 3845 veterem
565 3785 702 3861 siguificat
724 3787 824 3859 legem,
841 3804 902 3859 quse
954 3811 964 3837 ι
983 3788 1105 3846 reterens
1128 3790 1208 3846 nobis
1222 3798 1342 3846 vestmm
1370 3790 1546 3855 desiderium,
1563 3801 1683 3850 vcstmm
1696 3793 1750 3851 ile·

105 3876 227 3950 graviter
241 3876 412 3947 opprimebat
426 3875 621 3933 observatores
634 3892 709 3933 suos.
719 3877 780 3932 Non
796 3877 902 3932 debetis
954 3899 965 3924 ι
984 3884 1050 3946 tum,
1067 3886 1189 3934 vestram
1203 3878 1404 3935 aemulationem
1417 3895 1469 3950 pro
1484 3895 1528 3936 me
1545 3899 1551 3937 :
1567 3881 1606 3936 ita
1617 3889 1646 3936 ut
1660 3883 1749 3955 magis

106 3964 208 4021 ducere
220 3964 316 4035 jugum
340 3980 403 4022 cum
428 3962 584 4020 infidelibus
601 3980 607 4020 :
624 3965 686 4038 quia
705 3980 755 4022 vos
773 3965 848 4036 justi,
863 3965 902 4021 illi
953 3987 965 4013 ι
983 3966 1142 4038 gauderem.
1159 3966 1293 4035 Quoniam
1308 3967 1359 4023 etsi
1382 3967 1541 4025 contristavi
1555 3984 1605 4026 vos
1631 3970 1661 4026 in
1687 3971 1749 4042 epi-

104 4052 190 4125 iniqui
205 4067 212 4108 t
228 4068 277 4110 vos
291 4053 349 4122 lux,
375 4053 413 4109 illi
434 4053 556 4109 tenebrae
572 4069 578 4108 :
592 4054 620 4110 in
634 4053 712 4109 vobis
728 4053 858 4122 Christus,
874 4054 903 4109 in
953 4077 964 4101 ιι
982 4054 1061 4122 stola,
1077 4070 1132 4110 non
1147 4071 1191 4111 me
1209 4055 1330 4127 poenitet.
1361 4058 1395 4112 Et
1422 4057 1445 4112 si
1474 4058 1622 4129 poeniteret
1648 4058 1747 4116 videns

105 4140 159 4197 illis
173 4140 256 4202 Belial
273 4157 279 4196 :
294 4156 344 4198 vos
363 4140 469 4209 fideles,
492 4142 533 4197 illi
546 4141 671 4198 inlideles
687 4161 693 4198 :
709 4158 758 4198 vos
771 4142 901 4213 templum
954 4164 965 4194 ι
984 4143 1056 4214 quod
1072 4142 1187 4214 epistola
1201 4144 1258 4213 illa,
1276 4152 1303 4200 et
1317 4144 1341 4200 si
1355 4145 1492 4202 adherant
1508 4161 1557 4203 vos
1567 4147 1748 4216 contristavit,

105 4230 166 4300 Dei,
182 4229 221 4286 illi
237 4230 379 4287 idolomm.
397 4230 429 4285 Et
445 4247 507 4303 qaae
515 4232 700 4304 participatio
706 4232 901 4304 justitiarum
954 4252 965 4282 ι
982 4247 1054 4288 nunc
1068 4231 1186 4303 gaudeo,
1202 4247 1257 4288 uon
1272 4233 1334 4304 quia
1348 4232 1500 4290 contristati
1515 4234 1580 4290 estis
1598 4251 1605 4291 :
1621 4235 1671 4291 sed
1686 4235 1751 4308 quia

104 4319 257 4392 iniquitate
268 4320 538 4392 taatqaasoctetas
550 4319 651 4376 tartod
662 4319 901 4377 tenebrastNulla
954 4340 965 4371 ι
982 4320 1132 4376 contristati
1148 4320 1214 4376 estis
1230 4321 1264 4376 ad
1287 4322 1486 4392 poeuitentiam.
1503 4323 1660 4380 contristati
1675 4325 1750 4382 enim

103 4406 197 4479 utique
212 4406 326 4464 societas
342 4407 424 4464 debet
437 4424 499 4464 esse
515 4409 710 4479 membrorum,
726 4409 771 4464 ubi
787 4415 829 4464 est
845 4401 937 4463 dit-D
954 4430 966 4459 ι
984 4409 1049 4464 estis
1066 4408 1217 4464 secundum
1232 4409 1328 4475 Deum,
1345 4417 1375 4465 ut
1403 4410 1431 4466 ia
1455 4410 1529 4467 nullo
1556 4412 1750 4469 detrimentum

104 4493 347 4567 ferentiacapitum
361 4511 367 4551 :
382 4496 432 4552 sed
446 4496 569 4553 Christus
585 4505 666 4568 caput
686 4495 901 4552 nostmmsselial
954 4496 1122 4567 «patiamini
1138 4513 1171 4552 ex
1186 4496 1275 4553 nobis.
1292 4495 1360 4565 Quae
1384 4497 1455 4555 enim
1485 4499 1636 4556 secundum
1660 4501 1748 4558 Deum

104 4590 185 4655 caput
212 4583 329 4640 illomm.
358 4585 422 4654 Qua
443 4592 534 4640 autern
560 4587 710 4641 coaoeatr'o
740 4584 846 4640 Christi
865 4585 901 4641 ad
954 4584 1091 4639 «tristitia
1106 4592 1156 4652 est,
1173 4585 1360 4656 paenitentiam
1371 4586 1399 4640 in
1414 4585 1531 4643 salutem
1543 4587 1669 4644 stabilem
1679 4604 1749 4660 ope·

104 4672 216 4729 Belial!
230 4674 285 4730 dat
301 4690 363 4746 qnoe
374 4690 441 4745 pars
451 4673 530 4742 fideti
544 4690 610 4730 cam
625 4672 735 4742 infideli
747 4676 758 4729 t
769 4672 833 4741 Quia
849 4689 900 4729 aa·
954 4696 965 4720 ι
982 4679 1057 4728 ratur
1074 4687 1080 4726 :
1098 4673 1190 4728 saeculi
1217 4684 1307 4729 autern
1328 4673 1436 4729 tristitia
1463 4682 1578 4730 mortem
1601 4684 1744 4747 operatur.

104 4765 162 4817 tem
177 4761 372 4819 consensuri
382 4759 459 4817 'ts
471 4762 576 4833 templo
586 4762 636 4817 Dei
646 4761 811 4827 comitialis,
824 4761 901 4817 idest
954 4782 965 4813 ι
982 4761 1054 4817 Ecce
1069 4761 1142 4815 euim
1157 4761 1210 4817 hoc
1224 4761 1312 4832 ipsum
1328 4762 1478 4818 secundum
1494 4764 1581 4818 Deum
1596 4764 1750 4821 contristari

104 4863 168 4905 cum
181 4848 235 4904 illis
250 4849 350 4921 impiis,
367 4848 413 4921 qui
428 4849 501 4905 velut
514 4849 619 4905 idolum
634 4849 715 4905 sedes
726 4857 789 4904 suut
802 4849 901 4905 daemo·
953 4871 964 4901 ι
982 4866 1041 4917 vos,
1057 4864 1140 4921 quam
1156 4856 1209 4904 tam
1224 4850 1252 4904 in
1267 4850 1345 4906 vobis
1360 4857 1489 4922 operatur
1507 4850 1719 4909 sollicitudinem
1741 4868 1749 4908 ε

104 4936 258 4993 nis‘lSicut
281 4936 396 4993 enimin
418 4937 501 5007 idolo,
524 4936 899 5009 sicinipsisresponsada-
952 4937 1244 5005 «sed'defensioaem,
1261 4938 1309 4994 sed
1340 4939 1563 5011 indignationem,
1596 4940 1645 4996 sed
1667 4940 1749 4998 timo·

104 5023 151 5080 bat
165 5024 283 5081 daemon.
298 5026 371 5081 Bene
386 5023 447 5081 dico
459 5026 624 5097 temptabat
638 5045 647 5080 .·
662 5041 724 5081 nam
742 5043 788 5083 cos
805 5024 900 5083 fideles
952 5047 964 5077 ι
981 5042 1049 5093 rem,
1067 5026 1116 5082 sed
1130 5026 1307 5096 desiderium,
1325 5027 1374 5083 sed
1390 5027 1608 5096 aemulationem,
1624 5029 1673 5084 sed
1687 5029 1750 5085 via·

104 5114 172 5170 estis
189 5114 326 5185 temptam
341 5114 389 5170 Dei
403 5114 467 5182 viui,
481 5114 543 5185 quia
556 5113 584 5168 in
594 5112 741 5186 vobisipsis
749 5115 822 5184 vivit,
835 5115 900 5171 dum
952 5137 963 5162 ι
982 5114 1093 5171 dictam.
1109 5115 1138 5170 ln
1153 5115 1280 5170 omnibus
1294 5115 1456 5170 exhibuistis
1476 5132 1527 5172 vos
1548 5116 1750 5174 incontamina-

103 5216 153 5257 vos
167 5200 196 5255 in
209 5200 281 5256 bono
297 5201 388 5258 vivere
400 5201 474 5258 iacit.
490 5203 524 5256 Et
537 5202 590 5258 hoc
604 5202 675 5272 dico,
688 5202 756 5260 sicut
770 5203 901 5260 dioitDo-
951 5227 962 5251 ι
981 5211 1023 5259 tos
1039 5219 1101 5260 esse
1128 5203 1248 5274 negotio.
1266 5204 1354 5276 Igitur
1369 5211 1395 5259 et
1410 5203 1434 5258 si
1454 5203 1551 5275 scripsi
1576 5205 1666 5275 vobis,
1695 5221 1750 5263 non

102 5289 194 5345 minus
207 5290 281 5345 Deus
293 5305 344 5361 per
366 5289 537 5346 Ezechielem
560 5290 624 5346 licet
637 5290 696 5345 aliis
711 5291 812 5348 verbis.
830 5293 896 5359 iloc,
951 5315 962 5339 ιι
980 5298 1092 5363 propter
1108 5307 1171 5346 eum
1187 5291 1232 5363 qui
1247 5291 1310 5347 iecit
1324 5291 1461 5361 injuriam,
1485 5307 1536 5348 nec
1560 5301 1672 5364 propter
1687 5310 1750 5350 eum

103 5377 375 5451 iuquam,dicitDeus
387 5393 393 5431 :
405 5380 548 5450 quereiam,
558 5378 585 5432 id
600 5387 642 5434 est
655 5378 728 5450 quod
739 5378 899 5437 inhabitabo
952 5401 963 5430 ι
982 5380 1028 5452 qui
1042 5397 1139 5452 passus
1154 5388 1205 5447 est,
1221 5380 1270 5436 sed
1295 5380 1330 5435 ad
1360 5379 1587 5436 manifestandam
1613 5381 1747 5438 sollicita·

102 5467 135 5522 r’a
145 5467 205 5523 illis
220 5464 347 5523 fidelibus
360 5464 535 5538 justificando
551 5482 599 5523 eos
613 5482 664 5539 per
673 5465 765 5540 fidem,
782 5469 899 5528 etetiam
951 5491 962 5521 ι
980 5469 1072 5525 dinem
1087 5476 1220 5536 nostram,
1232 5484 1314 5541 quam
1329 5469 1463 5524 habemus
1476 5484 1528 5541 pro
1542 5469 1621 5527 vobis
1652 5485 1748 5527 eoram

104 5555 284 5615 inambulabo
299 5554 334 5616 de
349 5555 449 5616 virtute
468 5557 655 5632 promovendo
670 5557 698 5616 iu
712 5557 846 5617 virtutem.
864 5560 900 5620 Et
952 5575 963 5610 ι
980 5557 1049 5615 Deo.
1074 5557 1193 5633 Ideoque
1221 5557 1354 5616 consolati
1378 5573 1482 5616 sumus·
1507 5557 1539 5616 In
1562 5557 1748 5618 consolatione
