3742 5986
169 181 218 234 ΤΗ
578 182 750 240 GUlGONlS
774 183 785 238 l
807 179 1014 239 CARTHUSIAE
1034 177 1183 235 thJORlS
1204 177 1344 235 hulonis
1367 178 1399 233 V.
1769 176 1829 230 772

167 320 249 378 quam
263 320 360 360 aurum
373 305 401 360 in
424 304 547 375 lomace,
572 307 703 364 decoctus
724 315 806 379 atque
821 314 963 378 purgatus,
975 307 1003 367 Α
1016 302 1096 375 gulis,
1113 309 1159 358 aut
1173 301 1297 359 obscuris
1320 310 1366 357 aut
1388 299 1502 358 secretis
1516 298 1584 359 locis
1598 312 1646 354 eas
1661 296 1758 352 audire
1773 312 1823 352 so·

165 394 193 449 in
207 393 374 465 spiritualem
388 409 457 467 erga
468 396 555 450 Deum
575 395 757 461 devotionem,
769 403 796 451 et
806 395 834 451 in
844 395 965 452 omniurn
1014 392 1078 446 litus
1093 397 1168 456 erat;
1184 390 1233 447 aed
1248 389 1338 462 potius
1353 390 1399 446 ubi
1414 387 1564 461 apluribns
1578 384 1700 456 conspici
1710 393 1821 456 posset,

165 482 432 539 afflictorumveram
444 483 664 554 compassionem
674 484 835 552 excreverit,
847 483 965 555 uecipse
1014 488 1041 535 ει
1055 494 1149 536 aurem
1164 478 1274 550 quidem
1289 478 1356 535 satis
1370 476 1542 534 familiariter
1564 473 1734 545 applicabat,
1750 489 1820 529 ocu·

167 570 256 626 adhuc
270 571 366 626 vivens
381 570 416 625 ad
430 570 552 642 plenum,
569 572 592 626 si
607 571 688 628 veliet
702 573 794 641 etiam,
810 579 904 643 posset
918 587 965 627 ex·
1013 568 1100 624 lorum
1116 575 1208 624 autem
1222 567 1250 621 in
1264 566 1378 623 alteram
1392 573 1500 638 partera
1521 562 1645 619 vertebat
1658 568 1816 633 aspectum,

166 675 280 731 ponere.
297 659 358 728 Quo
373 659 445 714 enim
469 675 518 729 per
543 659 601 716 haec
622 660 711 733 magis
733 659 914 733 affligebatur,
932 675 964 716 eo
1014 656 1137 712 anditum
1150 655 1247 722 solum,
1264 663 1375 727 proptor
1398 654 1512 710 insidias
1531 650 1642 719 diaboli,
1658 649 1818 719 hujusmodi

167 748 355 804 vehementius
370 747 479 818 spretis,
498 764 559 819 quaa
571 747 665 803 mundi
680 756 752 813 sunt,
769 748 797 804 in
812 749 908 817 Deum,
926 764 965 803 re·
1013 744 1132 817 negotiis
1147 758 1274 801 asserem
1288 742 1491 816 applicandum.

167 835 272 909 fugium
286 851 379 891 verum
395 843 421 891 et
434 835 554 903 unicum,
570 843 641 891 totus
651 835 825 904 efferebatur,
835 836 964 907 volupta-
1335 844 1449 901 CAPUT
1464 842 1510 899 lv.

166 924 317 991 teminde,
342 924 410 979 sicut
439 923 539 990 aiebat,
565 932 638 979 tanto
661 924 811 995 pleniorem
834 924 964 980 hauriens
1051 947 1202 1005 Oculorum
1217 951 1247 1004 εἰ
1260 947 1383 1003 mmm
1398 961 1533 1002 ,ausuum
1545 959 1577 1001 a,
1593 943 1697 1015 ηψπ
1711 946 1815 1000 ,mm

167 1020 249 1084 atque
272 1012 437 1078 suaviorem,
460 1020 562 1083 quanto
586 1011 673 1068 fuerat
696 1012 852 1083 angustiam
865 1027 964 1083 passus
1350 1017 1489 1074 custodia.

164 1101 346 1170 acerbiorem,
359 1101 434 1171 juxta
448 1100 513 1155 illud
528 1099 626 1171 psalmi
642 1118 649 1155 :
667 1121 677 1151 ι
700 1100 855 1157 Secundum
870 1100 964 1155 multi·
1050 1109 1093 1163 15,
1108 1107 1271 1164 Praedininm
1285 1121 1398 1163 snorum
1408 1105 1551 1162 nemorum
1562 1101 1712 1159 custodiam
1724 1100 1816 1157 incre-

167 1189 288 1245 tudinem
302 1188 428 1245 dotorum
442 1204 566 1245 meorum
582 1189 610 1242 in
624 1189 706 1245 corde
717 1204 788 1258 meo,
800 1189 964 1245 consolatio·
1013 1195 1089 1250 dibili
1104 1212 1212 1267 semper
1232 1204 1259 1252 et
1282 1195 1384 1267 ubique
1407 1190 1651 1263 droumspeotione
1672 1189 1813 1258 sonabat,

167 1293 217 1334 nes
225 1285 277 1334 tuae
287 1276 491 1333 laetificaverunt
502 1277 622 1332 animam
632 1278 874 1348 meamtpsmcm,
884 1279 961 1347 19).»
1012 1283 1051 1338 ita
1068 1291 1097 1339 ιιι
1119 1299 1181 1340 cum
1204 1292 1328 1355 potentes
1343 1297 1376 1339 ac
1390 1280 1498 1338 nobiles
1512 1278 1642 1335 mulieres
1653 1277 1731 1348 juxta
1744 1276 1814 1333 illud

166 1365 325 1436 Huiusmodi
350 1365 513 1421 alteritatum
539 1366 597 1437 (at)
619 1366 648 1421 in
671 1381 704 1421 eo
728 1365 762 1420 ad
782 1364 864 1421 finem
877 1382 964 1438 usque
1012 1371 1160 1443 Apostoli:
1179 1395 1189 1419 ι
1208 1372 1252 1429 nni
1266 1372 1408 1438 honorem,
1421 1370 1553 1425 honorem
1570 1369 1658 1436 (Rom.
1671 1366 1811 1436 x111,7),»

165 1470 221 1511 nou
236 1469 378 1511 cessavere
393 1453 615 1520 uicissitudines;
632 1469 705 1509 nuuc
720 1454 792 1509 enim
806 1455 835 1508 in
845 1470 964 1525 superna
1013 1460 1048 1514 ad
1072 1459 1237 1532 colloquium
1269 1457 1420 1517 honorifice
1455 1457 1630 1529 hilariterque
1654 1453 1814 1525 frequenter

165 1543 230 1599 totis
245 1542 350 1599 viribus
371 1541 538 1612 spiritalibus
559 1542 659 1598 erectis
673 1542 769 1611 oculis,
786 1542 921 1615 gustando
937 1550 964 1598 et
1013 1548 1175 1619 susciperet,
1189 1548 1275 1604 mulin
1288 1564 1381 1604 eornm
1397 1563 1428 1602 sn
1437 1546 1537 1618 dinque
1547 1542 1718 1600 tractantium
1727 1540 1813 1598 facies

165 1630 284 1687 ridendo
299 1631 428 1701 quoniam
448 1630 538 1686 suavis
561 1638 603 1686 est
623 1630 764 1698 Dominus,
782 1630 1000 1718 ineffabilibusB
1014 1637 1121 1707 penitus
1134 1652 1189 1692 non
1204 1636 1319 1694 videret.
1336 1635 1449 1692 Dicebat
1473 1634 1546 1691 enim
1560 1631 1741 1704 cogitationes
1756 1628 1812 1684 illi-

163 1719 339 1776 ressreflbsslur
370 1717 495 1791 gaudiist
511 1733 584 1774 nunc
607 1716 809 1773 infirmitatibus
838 1719 963 1775 humanm
1013 1725 1081 1780 citas
1096 1723 1252 1781 difficillime
1267 1740 1350 1796 posse
1363 1722 1453 1791 vitari,
1468 1721 1521 1777 nisi
1535 1720 1595 1793 quis
1609 1718 1734 1791 corporis
1749 1732 1812 1772 sen-

163 1807 284 1880 pondere
295 1806 420 1877 relapsus
430 1805 465 1861 ad
475 1805 562 1872 solita,
572 1807 710 1876 prioribus
720 1822 776 1862 non
786 1807 901 1863 vacabat
911 1822 963 1863 an·
1013 1828 1061 1868 ans
1074 1813 1222 1886 uigilantia
1245 1813 1330 1868 multa
1353 1809 1567 1883 compresserit;
1583 1809 1687 1864 intrare
1708 1814 1810 1872 autem,

164 1895 271 1969 pestiis.
288 1894 438 1966 Utrobique
452 1894 578 1964 lacrymas
590 1913 597 1959 3
608 1895 646 1949 ibi
661 1910 710 1966 pro
725 1895 836 1968 gatrdio,
854 1895 898 1952 hic
912 1910 963 1967 pro
1013 1903 1162 1957 secundnm
1187 1901 1359 1973 Prophetiam,
1376 1908 1492 1957 mortem
1507 1914 1556 1970 per
1570 1897 1620 1952 has
1635 1895 1715 1968 qnasi
1730 1894 1811 1950 fene.

164 1984 254 2041 taedio.
272 1981 343 2051 Quid
358 1983 456 2054 plorat
471 1983 560 2039 Factae
576 1983 628 2037 sibi
642 1981 750 2039 fuerant
767 1983 895 2055 lacrymae
906 2001 964 2040 suae
1013 1998 1092 2057 stras,
1108 1998 1135 2045 et
1150 1990 1259 2062 ingredi
1272 1990 1370 2046 domos
1385 1997 1494 2045 nostras
1502 1988 1569 2058 (fer.
1581 2000 1619 2051 rx,
1631 1974 1688 2054 ff).
1700 1983 1741 2038 De
1757 1998 1811 2055 qua

165 2087 249 2145 panes
264 2071 308 2128 die
320 2086 352 2126 ²0
367 2078 467 2136 nocte;
483 2070 601 2125 1¹011h³³
623 2070 664 2126 illi
686 2087 826 2143 prospera,
842 2087 897 2126 non
911 2072 962 2127 has
1012 2077 1093 2133 etiam
1108 2078 1262 2134 cohibentia
1277 2093 1406 2134 sensuum
1421 2074 1555 2132 dumvice
1567 2072 1682 2147 quadam
1693 2087 1756 2127 eum
1771 2086 1810 2127 re·

165 2161 306 2217 siccabant
319 2159 450 2226 adversm
466 2158 510 2215 vix
522 2159 625 2232 legere,
642 2159 685 2215 vix
701 2160 828 2231 psallere,
844 2160 889 2216 vix
902 2160 962 2216 sine
1012 2165 1117 2239 ligiosis
1132 2167 1296 2237 quibusdam
1311 2166 1513 2238 colloqueretur
1527 2163 1686 2234 (interquos
1696 2167 1757 2218 erat
1768 2158 1810 2214 vir

164 2250 207 2305 his
226 2246 463 2306 dinnaneditari.
481 2247 688 2319 neronemque
702 2248 842 2303 harumin
863 2263 896 2303 eo
911 2264 962 2303 ex·
1011 2254 1109 2310 litteris
1133 2263 1160 2310 ex
1192 2255 1307 2327 puritate
1330 2254 1494 2326 conspicuus
1519 2248 1675 2307 :dominus
1704 2248 1809 2305 scilieet

164 2344 285 2396 creverat
295 2336 381 2410 gratia
398 2343 426 2391 ut
436 2334 594 2406 frequenter
604 2350 655 2392 uec
664 2336 765 2402 edenti,
777 2336 829 2391 nisi
837 2336 959 2405 frenata,
1011 2342 1147 2408 Airaldus,
1162 2343 1464 2415 archipresbyterrnne
1477 2339 1574 2412 ipsius,
1590 2354 1662 2395 nune
1672 2337 1809 2393 Manneo-

164 2426 310 2493 deessent;
327 2424 462 2480 multoties
477 2425 548 2479 enim
568 2441 617 2495 per
630 2425 680 2480 has
695 2424 746 2480 sibi
761 2432 788 2480 ει
795 2425 877 2481 sociis
891 2440 960 2481 con·
1010 2432 1104 2486 nensis
1118 2431 1283 2504 episcopus),
1301 2430 1441 2502 respondit
1456 2429 1529 2485 idem
1543 2427 1586 2483 vir
1599 2426 1709 2483 Domini
1724 2423 1810 2481 liral-

163 2513 528 2585 vitium.1ss⁸¹ime⁸¹lq⁰0l
545 2522 608 2570 ³⁰¹0
631 2511 712 2568 finem
736 2528 833 2579 annos,
849 2513 893 2570 vel
906 2514 960 2569 im·
1010 2519 1062 2575 dus
1086 2519 1188 2591 passim
1212 2536 1242 2575 se
1264 2519 1390 2575 mulieres
1412 2517 1544 2590 aspicere,
1565 2530 1616 2572 nec
1639 2529 1734 2571 earum
1758 2513 1810 2569 sibi

163 2603 335 2676 pedfebalur.
349 2601 392 2658 vel
407 2600 573 2657 fuscabatur·
1010 2623 1112 2664 nocere
1126 2607 1275 2664 contuitum
1288 2625 1296 2674 ;
1312 2614 1354 2662 est
1377 2606 1449 2662 enim
1472 2604 1649 2662 castissimus.
1676 2603 1719 2658 Ad
1733 2601 1807 2675 quod

201 2693 244 2749 tt.
264 2689 387 2747 Habebat
411 2690 512 2761 quippe
534 2690 672 2757 lectorem,
685 2705 701 2744 a
715 2705 770 2764 quo
785 2697 895 2747 sanctos
909 2705 959 2748 co·
1008 2696 1065 2762 ille,
1080 2712 1136 2752 non
1150 2710 1168 2752 a
1180 2696 1326 2751 mulierum
1339 2702 1454 2761 uatum,
1470 2693 1550 2750 seda
1564 2693 1684 2749 virorum
1699 2705 1808 2763 quoquo

162 2781 248 2849 dices,
264 2793 380 2851 quorum
394 2793 449 2833 non
463 2793 565 2849 paucos
589 2778 670 2833 scribi
684 2778 796 2846 fecerat,
812 2786 839 2836 et
853 2779 918 2834 alibi
933 2786 960 2835 et
1009 2784 1128 2841 vultibus
1143 2783 1280 2855 religiosae
1293 2783 1392 2839 mentis
1406 2781 1580 2840 avertendum
1594 2779 1736 2852 respondit
1764 2779 1808 2833 in-

162 2867 298 2941 praeoipue
312 2866 364 2922 sibi
379 2867 414 2922 ad
427 2881 551 2922 mensam
567 2866 622 2939 legi
637 2865 764 2935 faciebat,
780 2875 808 2922 ut
816 2867 959 2939 duplicatis
1002 2863 1121 2939 'tuitum3
1137 2887 1265 2928 asserens
1280 2872 1365 2945 (quod
1380 2870 1548 2942 experientia
1563 2884 1613 2925 sua
1628 2874 1718 2940 potest
1736 2867 1808 2940 quis·

162 2957 268 3015 deficiis
283 2972 344 3013 sese
363 2971 482 3028 suosque
506 2955 651 3027 saginaret.
677 2957 797 3028 Cumque
812 2955 909 3013 lectori
923 2956 958 3012 de
1008 2977 1061 3032 que
1075 2961 1232 3032 conjicere),
1249 2976 1298 3032 per
1313 2959 1533 3017 communionem
1546 2958 1673 3014 humanae
1689 2955 1806 3012 mutabi-

162 3044 264 3102 divinis
278 3044 323 3101 vel
345 3043 538 3099 severitatibus
562 3044 606 3100 vel
620 3044 842 3100 miserationibus
856 3044 959 3116 aliquid
1008 3049 1090 3105 litatis
1123 3059 1203 3121 atque
1230 3049 1459 3121 compassionem,
1493 3046 1551 3103 fieri
1584 3053 1613 3101 ut
1645 3044 1805 3102 affectiones

163 3134 327 3191 occurrisset
341 3132 460 3206 insigne,
475 3130 593 3203 idipsum
608 3131 651 3187 bis
665 3140 712 3188 aut
725 3140 766 3188 ter
780 3132 872 3189 dicere
883 3148 957 3189 com·
1007 3138 1147 3209 conspecti
1170 3137 1328 3209 frequenter
1342 3137 1377 3193 ad
1391 3135 1605 3207 conspicientem
1618 3133 1804 3190 iuaestimabili

133 3221 297 3294 ·pellebat;
317 3237 368 3277 nec
382 3236 468 3287 mora,
485 3219 599 3291 spiritali
615 3235 666 3291 per
684 3220 852 3291 Scripturam
876 3220 957 3277 volu·
1007 3225 1150 3282 velocitate
1173 3232 1369 3297 pertranseant,
1394 3233 1429 3290 et,
1451 3223 1529 3281 verbi
1557 3221 1652 3295 gratia,
1679 3219 1712 3277 de
1734 3221 1805 3277 irato

159 3317 234 3382 ptate
257 3316 371 3383 gustata,
390 3309 532 3365 concussis
555 3308 590 3363 ab
613 3309 667 3365 imo
691 3309 852 3374 uisceribus,
875 3309 956 3364 tantis
1006 3314 1101 3380 iratus,
1118 3322 1145 3370 et
1157 3314 1193 3370 de
1208 3313 1278 3369 tristi
1290 3313 1385 3376 tristis,
1399 3321 1425 3368 ct
1440 3313 1474 3368 de
1488 3310 1647 3368 lasciviente
1661 3307 1709 3365 fiat
1718 3309 1804 3366 lasci-

160 3398 342 3470 lacrymarum
375 3397 568 3452 infundebatur
600 3396 710 3470 irriguis
741 3403 769 3453 ut
792 3397 956 3469 voluptatem
1004 3402 1101 3467 viens;
1118 3416 1186 3473 quas
1201 3401 1343 3473 passiones
1357 3400 1425 3457 satis
1448 3415 1509 3456 esse
1524 3399 1624 3456 habere
1638 3413 1804 3470 quemquam

160 3487 261 3545 ventris
275 3494 302 3543 et
316 3486 442 3559 gutturis,
468 3494 495 3540 et
519 3485 570 3540 sibi
594 3485 716 3541 funditus
739 3485 857 3554 tolleret,
878 3494 905 3541 et
928 3487 956 3541 in
1005 3489 1141 3562 proprias,
1156 3504 1212 3546 uon
1225 3490 1253 3544 in
1268 3505 1298 3546 se
1308 3488 1491 3545 transcribere
1500 3487 1591 3543 taliter
1599 3485 1705 3542 alienas
1722 3484 1804 3541 :nul-

159 3577 241 3635 sooiis
256 3583 432 3647 temperaret.
457 3574 553 3630 Edocti
577 3574 669 3646 itaque
692 3589 740 3645 per
759 3575 955 3645 experientiam
1005 3577 1057 3634 lius
1072 3595 1102 3634 se
1116 3577 1197 3634 totius
1212 3578 1385 3650 episcopatus
1400 3577 1443 3632 sui
1457 3575 1590 3645 mulieris,
1603 3573 1800 3646 praterunius,

159 3665 282 3732 comites,
299 3680 361 3720 eum
376 3663 443 3719 tales
466 3670 556 3718 motus
580 3670 724 3718 cernerent
740 3662 893 3729 imminere,
908 3663 954 3717 in·
1005 3666 1042 3721 ita
1056 3666 1154 3723 faciem
1168 3666 1320 3738 aspexisse,
1336 3673 1365 3722 ut
1379 3681 1413 3722 ex
1428 3663 1645 3722 consideratione
1660 3661 1762 3731 vultus,
1778 3661 1800 3718 si

158 3754 278 3810 nuebant
303 3751 399 3808 lectori
423 3750 522 3807 cedere
547 3758 575 3806 et
594 3751 819 3822 aliquantispera
836 3751 954 3822 legendo
1004 3762 1172 3822 occurreret,
1191 3769 1315 3827 quaenam
1334 3762 1418 3822 esset,
1434 3761 1529 3825 posset
1549 3766 1712 3826 agnoscere.
1730 3749 1802 3820 Quid

156 3855 278 3910 cessare,
293 3847 322 3895 ut
332 3838 423 3894 taliter
432 3837 587 3893 molestiam
599 3840 670 3894 hanc
680 3846 793 3908 possent
802 3837 837 3892 ad
847 3846 954 3910 tempus
1005 3844 1056 3899 hac
1069 3843 1247 3915 responsione
1261 3842 1385 3899 castius?
1400 3840 1465 3913 quid
1473 3838 1721 3911 circumspectius?
1736 3838 1802 3912 quid

155 3928 304 3984 declinare.
322 3928 398 3982 lianc
412 3933 504 3981 antam
524 3925 607 3981 divini
622 3926 741 3981 muneris
756 3926 872 3999 gratiam
885 3942 953 3998 pec·
1003 3930 1175 4002 philosophia
1190 3946 1256 3988 vera
1271 3929 1418 3986 refertius?
1431 3930 1524 3985 Talem
1539 3928 1633 3999 utique
1648 3944 1679 3984 se
1698 3926 1798 3983 mulie-

157 4023 273 4081 catores,
297 4014 333 4070 ob
355 4013 557 4070 confessionem
587 4013 620 4069 ad
647 4029 710 4069 eum
733 4015 885 4082 venientes,
908 4015 953 4071 vel
1003 4019 1079 4074 ribus
1093 4018 1256 4085 exhibuisse,
1273 4017 1474 4084 castissimum
1490 4017 1555 4072 talia
1569 4016 1597 4071 in
1611 4014 1740 4071 humanis
1756 4014 1800 4070 af·

156 4104 274 4161 maxime
291 4103 453 4169 sentiebant,
465 4101 615 4159 clementer
624 4102 754 4158 enimhos
762 4103 952 4176 humiliterque
1002 4106 1334 4173 lectionibusadvartissc,
1343 4105 1586 4177 sapientissimum.
1600 4102 1725 4160 Hincfuit
1734 4102 1801 4159 illud

157 4192 320 4263 suscipiens,
344 4190 541 4263 patientissime
567 4190 708 4258 audiebat;
724 4191 870 4263 aliquando
883 4191 952 4248 fleus
1003 4195 1075 4267 quod
1089 4209 1152 4250 num
1165 4194 1200 4250 de
1215 4202 1301 4251 matre
1316 4210 1378 4250 mea
1397 4195 1470 4267 (quae
1489 4209 1551 4250 cum
1566 4208 1609 4262 eo,
1626 4206 1688 4265 quae
1703 4190 1797 4258 voluit,

155 4281 215 4353 ipse
229 4296 291 4336 cum
306 4279 442 4345 flentibus,
458 4279 605 4351 aliquando
619 4295 684 4336 aero
695 4281 730 4336 nd
747 4280 884 4352 lacrymas
894 4279 951 4336 suis
1003 4283 1122 4355 quandiu
1136 4283 1229 4350 voluit,
1241 4281 1482 4352 locutafuerat)ab
1493 4298 1526 4336 eo
1537 4281 1697 4354 quaesissem
1706 4288 1797 4336 utrum

155 4384 204 4425 eos
219 4369 341 4424 excitans
354 4367 461 4424 fletibus
476 4384 483 4422 ε
500 4368 572 4439 quod
587 4384 642 4425 uno
657 4368 771 4440 liquebit
785 4360 986 4425 sufficienterD
1000 4387 1060 4427 eam
1069 4371 1149 4428 valde
1157 4377 1268 4428 senecta
1276 4370 1413 4443 fregisset,
1428 4368 1565 4442 paululum
1576 4384 1671 4426 secum
1682 4384 1799 4440 praeme-

156 4457 290 4528 exemplo.
302 4456 350 4511 Vir
359 4457 417 4512 Deo
427 4457 525 4512 charus
534 4458 678 4513 (lauterius
688 4459 755 4529 (ιιι),
769 4465 952 4530 cognomento
1000 4460 1101 4527 ditans,
1111 4482 1122 4507 ι
1135 4460 1245 4536 Nescio,
1256 4459 1352 4532 inquit,
1364 4458 1689 4514 utrumsitretusannon.
1704 4456 1796 4512 rilinc

155 4545 305 4612 Calnesius,
321 4545 366 4617 qui
395 4545 466 4616 apud
484 4546 750 4603 nosinmouaohatu
765 4544 952 4600 diulaudabi-
1001 4556 1028 4604 et
1041 4548 1117 4615 illud,
1134 4548 1207 4619 quod
1228 4548 1340 4604 muliere
1359 4547 1487 4620 quadam,
1504 4545 1625 4617 potentia
1638 4544 1797 4601 nobilitate-

155 4633 218 4691 liter
239 4633 304 4689 vixit
327 4640 354 4688 et
376 4633 452 4701 obiit,
479 4634 584 4691 solebat
607 4634 721 4700 referre,
744 4633 818 4705 quod
841 4648 904 4710 cum
922 4634 950 4687 in
1001 4651 1054 4708 que
1068 4626 1211 4707 preclara,
1227 4636 1304 4706 cujus
1318 4651 1417 4692 nomen
1432 4633 1796 4704 edicereuolumus,inejus

156 4722 257 4780 saeculo
280 4721 395 4793 positus,
421 4737 483 4777 suas
504 4724 530 4779 ei
552 4721 727 4778 confiteretur
746 4720 866 4777 offensas
882 4721 951 4792 (erat
999 4732 1158 4795 conspectu,
1183 4739 1264 4795 quam
1287 4739 1397 4780 morose
1415 4723 1528 4795 placuit,
1548 4721 1632 4778 mula
1647 4720 1796 4792 loquente:

155 4811 267 4867 enimin
282 4809 407 4867 Ecclesia
422 4810 676 4881 Gratianopolitana
691 4809 789 4864 litteris
804 4810 949 4864 ethonore
1000 4827 1062 4868 cum
1077 4820 1104 4868 et
1117 4813 1266 4885 ipse,quod
1274 4812 1359 4882 libuit,
1371 4811 1567 4884 respondisset,
1579 4810 1681 4883 illaque
1690 4809 1795 4866 disces·

154 4898 325 4971 praeclarus),
341 4898 493 4954 incubuerit
507 4897 566 4968 ipse
582 4912 664 4968 super
678 4904 758 4968 caput
768 4898 838 4967 ejus,
850 4905 877 4952 ει
891 4905 950 4952 tau·
999 4899 1090 4966 sisset,
1106 4901 1283 4972 dicerentque
1298 4901 1364 4957 socii
1379 4901 1447 4969 ejus,
1464 4916 1534 4972 quos
1548 4899 1697 4971 prudentes
1707 4907 1735 4955 ot
1749 4913 1796 4954 re-

154 4993 209 5042 tam
224 4986 318 5042 vertici
337 4987 521 5058 laerymarum
543 4984 673 5041 infuderit
687 4985 795 5058 copiam
810 4992 840 5041 ut
853 4986 949 5042 made·
999 4988 1112 5061 ligiosos
1126 5004 1236 5061 semper
1250 4989 1350 5045 habere
1365 4988 1489 5056 curabat,
1506 5003 1555 5044 cur
1567 5003 1624 5043 non
1639 5003 1701 5044 earn
1716 4986 1799 5044 corri-

153 5072 354 5146 factiscapillis,
366 5075 495 5131 deorsum
507 5073 586 5130 etiam
595 5074 729 5147 rivuliper
738 5073 890 5130 confitentis
901 5089 949 5131 ora
998 5077 1111 5149 puisset,
1123 5077 1196 5149 quod
1211 5093 1241 5133 se
1254 5093 1385 5151 suamque
1401 5076 1499 5132 faciem
1514 5084 1568 5131 tam
1582 5076 1671 5132 faceta
1685 5083 1796 5148 tamque

153 5163 313 5220 defluerent.
330 5164 416 5219 Porro
430 5162 574 5218 mulierum
587 5163 773 5220 confessiones
787 5178 842 5218 non
859 5162 948 5218 minus
997 5164 1098 5220 lascive
1112 5165 1220 5236 poliret,
1237 5165 1375 5237 respondit
1389 5164 1445 5231 ille,
1462 5179 1516 5219 non
1531 5164 1590 5220 sine
1597 5163 1714 5221 horrore
1729 5179 1797 5236 quo·

152 5259 231 5309 caute
255 5267 334 5325 qnam
354 5251 472 5322 benigne
497 5251 683 5323 suscipiebat:
699 5252 841 5309 nonenim
855 5251 884 5307 in
897 5267 948 5308 an·
997 5252 1061 5308 dam
1075 5260 1102 5309 et
1116 5254 1315 5321 exsecratione,
1332 5253 1428 5309 faeiem
1444 5253 1503 5322 ejus
1518 5268 1548 5310 se
1562 5252 1671 5324 penitus
1687 5268 1743 5309 non
1757 5252 1800 5310 ri-

186 5430 240 5497 (2t)
255 5431 382 5494 Alterius,
396 5429 550 5482 oicisattndo.
562 5432 589 5482 S.
613 5431 760 5493 augustinis
783 5432 817 5482 ba
842 5430 947 5490 musica,
996 5438 1062 5490 cam,
1075 5427 1199 5479 alteritate
1211 5438 1301 5490 corpus
1313 5426 1457 5479 afficiunt.»

141 5498 195 5549 lib.
210 5511 256 5548 vr:
273 5499 358 5550 «com
377 5497 525 5553 adhibentur
540 5509 582 5562 aa,
599 5509 653 5562 que
671 5497 797 5563 nonnulla,
810 5500 837 5549 nt
853 5496 888 5547 lta
910 5496 948 5548 di·
1031 5491 1086 5559 (22)
1101 5492 1504 5548 monasteriomittentes.
