3742 5986
113 192 169 247 li}
393 192 423 247 S.
442 190 620 249 butsonis
636 189 961 248 ethttttstssotttl
979 188 1222 246 tssTtrctoats
1238 189 1317 247 Ol’l’.
1338 188 1428 247 PARS
1444 190 1480 246 ll.
1714 191 1768 244 tta

112 316 314 388 tmnpmtieaa
330 327 500 372 sacramenta
515 317 542 371 iu
557 314 1585 388 ιιςιηωιιήριαεεεε·Διιι1ιμειωιωαε,ιιιιρήοιιιιωροιαιιι
1601 314 1767 380 hbermur,

115 416 189 463 rant.
205 407 253 461 sol
275 408 358 460 etiam
378 408 437 461 tac
455 407 556 470 timna,
576 416 602 461 et
624 416 750 477 peecata,
773 416 801 460 et
822 422 913 475 preuae
962 413 989 458 et
1003 414 1097 459 contra
1116 406 1254 459 venientia
1267 405 1464 469 confortamur:
1474 404 1767 460 cuicalicinoslrene·

113 504 299 565 mnam.
310 497 511 566 etmiinqebant
524 497 583 550 itta
590 498 621 550 in
630 496 722 566 &ara
733 494 837 555 nostri2
848 493 914 564 quia
962 492 1094 559 dicimus,
1108 494 1252 548 laudantes
1264 511 1339 559 eum,
1355 495 1430 565 quod
1442 510 1585 566 nunquam
1607 492 1768 562 hujusmodl

114 582 327 639 sittim
344 593 485 638 manentes
507 585 535 637 in
549 585 655 647 umbra,
672 599 722 653 pro
736 592 912 653 tnusgroesu
960 581 1136 647 innituerit,
1159 584 1206 654 qui
1229 593 1256 637 et
1274 584 1424 654 apeecutis
1439 584 1580 649 liberaret,
1595 592 1680 647 etue
1696 582 1769 637 ultra

113 672 221 727 mubrae
232 672 353 726 minuati
379 682 452 737 saut,
471 682 572 743 quanto
586 673 676 743 magis
694 686 756 738 nos,
772 671 795 724 si
810 671 837 723 in
852 670 913 740 ipsa
960 686 1139 740 peccaremus
1152 671 1330 726 ronlomret.
1346 672 1396 727 Vel
1409 674 1492 727 ralia
1506 673 1729 737 benedictionis,
1737 670 1768 726 id

112 761 230 815 veritate
248 760 491 831 pexammtxon
506 760 595 815 solum
619 760 677 814 laec
700 759 754 812 illis
774 762 805 813 in
820 760 912 829 ficara
960 769 1002 813 est
1016 777 1097 831 quem
1112 762 1170 831 ipse
1185 762 1260 816 Deus
1281 762 1419 816 benedicit
1442 771 1469 816 et
1492 770 1648 825 consecrat,
1673 768 1702 815 et
1722 759 1769 816 cui

113 851 202 904 nostri
217 850 371 922 umtigere,
386 849 436 904 red
449 850 531 903 etiam
544 851 651 920 scripta
663 853 732 902 rani
742 848 845 902 harad
853 864 912 902 cor·
960 864 1012 902 nos
1026 849 1213 904 benedicimus
1230 866 1282 920 per
1300 849 1422 904 osticium
1435 861 1561 904 nostrum
1576 868 1585 903 ε
1600 851 1676 904 Deus
1691 848 1767 904 enim

112 940 272 1010 reptionem
282 944 419 1003 nostram,
436 947 464 991 ut
476 954 525 1008 per
538 937 662 1008 exempla
673 953 767 992 eorum
777 937 911 1006 corripia-
961 934 1013 988 boc
1026 932 1108 988 elticit
1118 951 1168 1004 per
1180 935 1351 989 sacerdotem
1367 935 1533 989 ministrum.
1550 935 1704 1006 [liciteque
1714 950 1768 990 ca·

113 1042 182 1080 mur.
199 1026 328 1081 ‚instram
343 1026 416 1089 dieo,
432 1027 463 1079 in
478 1026 911 1097 quasdemnerunlfinrrroecn-
959 1021 997 1074 lix
1012 1039 1107 1078 nonne
1121 1027 1164 1077 esi
1177 1026 1401 1079 communicatio
1418 1027 1573 1095 sanquine}
1586 1023 1697 1080 atrati
1706 1024 1722 1078 ι
1739 1023 1767 1078 ld

113 1116 205 1170 lorum
222 1134 232 1178 ,0
247 1115 308 1185 quic
319 1123 560 1185 rpuauwmcuuque
574 1115 705 1168 duratura
718 1115 772 1167 siut
787 1115 845 1168 haec
859 1130 911 1167 ια’·
959 1119 1020 1164 est:
1036 1126 1128 1165 nonne
1136 1127 1187 1181 per
1196 1113 1357 1182 sanguinem
1367 1121 1538 1183 assumptum
1550 1112 1663 1166 unimur
1672 1111 1768 1167 Chris-

112 1204 190 1268 calc,
206 1218 257 1256 nos
271 1211 362 1257 tamen
375 1204 448 1270 finer
463 1205 596 1258 habemus
610 1223 618 1267 3
634 1203 699 1274 quia
717 1203 744 1256 hi
759 1203 838 1266 ritas,
863 1201 911 1272 qui
960 1199 1390 1270 to,ipsiqueeonlormamur?Et
1400 1203 1494 1273 panis,
1504 1201 1532 1255 id
1544 1211 1694 1256 estrerum
1701 1216 1765 1257 cor-

112 1307 162 1362 per
175 1291 355 1363 Evangelium
370 1292 424 1345 dati
439 1301 512 1358 suut,
528 1290 594 1345 liunt
607 1292 694 1345 ultimi
705 1291 781 1344 ritus.
797 1291 831 1344 Et
845 1291 908 1360 ipsi,
959 1304 1011 1358 pus
1021 1289 1187 1360 Christiani
1200 1291 1352 1360 subspecie
1361 1290 1420 1344 sola
1429 1291 1511 1361 panis
1520 1290 1664 1361 accipitur.
1672 1292 1765 1346 Pania

113 1379 235 1452 quandiu
249 1381 367 1434 mansius
382 1380 444 1448 erit,
461 1396 515 1435 non
526 1379 662 1435 finientur.
678 1380 726 1434 l'el
736 1381 773 1433 ita
790 1394 797 1431 ε
812 1379 844 1433 ln
859 1394 910 1433 nos
958 1376 1020 1431 dieo
1032 1393 1114 1449 quem
1129 1393 1180 1431 nos
1194 1378 1222 1431 in
1235 1378 1313 1432 altari
1335 1381 1508 1449 [ranpimun
1524 1387 1554 1433 ut
1576 1379 1652 1450 quod
1675 1395 1764 1434 uuum

112 1470 287 1525 devenerant
300 1470 373 1537 finer
386 1470 554 1525 seculorum
570 1510 577 1536 ,
601 1469 663 1540 quia
678 1467 750 1521 linita
765 1476 807 1522 est
820 1467 910 1522 omnis
958 1474 999 1520 est
1013 1466 1040 1518 in
1055 1467 1168 1520 veritate
1181 1467 1255 1535 tJicet
1269 1468 1305 1520 ita
1320 1467 1469 1536 rideatur),
1480 1468 1590 1524 sciendi
1600 1478 1696 1523 tamen
1705 1483 1761 1523 non

112 1557 290 1622 molarias,
317 1557 422 1613 seilicet
443 1566 566 1612 reserum
586 1558 686 1611 rituum
711 1557 869 1620 carnalitas,
882 1564 910 1610 et
958 1563 1056 1624 potest,
1085 1555 1238 1609 dividentes
1261 1555 1450 1628 significemus
1473 1572 1536 1623 nos,
1564 1557 1611 1628 qui
1640 1557 1762 1613 diuersas

113 1645 214 1700 tradita
228 1655 268 1701 est
282 1646 362 1700 nobis
375 1646 436 1716 ipsc
451 1647 559 1701 veritas.
575 1645 802 1715 Quandoquidem
819 1645 909 1714 priora
921 1674 949 1734 B
959 1659 1084 1713 personae
1098 1660 1201 1709 sumus,
1216 1660 1300 1698 unum
1313 1643 1374 1699 fieri
1386 1646 1414 1698 in
1429 1645 1548 1700 Christo.
1565 1646 1626 1712 llic,
1635 1645 1760 1718 iuquam,

111 1743 283 1790 sacramenta
296 1735 417 1806 patribus
431 1735 533 1790 uostris
543 1735 608 1789 nihil
624 1733 784 1805 prolueruut
797 1742 910 1804 propter
956 1734 1042 1803 panis
1055 1750 1137 1805 quem
1150 1736 1323 1804 [ranpimar‚
1335 1751 1431 1790 nonne
1443 1739 1486 1789 esi
1499 1736 1685 1807 participatio
1700 1751 1762 1791 car-

113 1832 265 1896 peccatum,
280 1830 307 1879 et
322 1823 425 1879 haeead
436 1832 556 1878 nostram
566 1823 719 1878 doctrinam
727 1822 826 1892 scripta
835 1829 907 1876 sunt.
957 1824 1034 1891 poris
1049 1822 1185 1877 Domini?
1198 1823 1224 1876 id
1239 1832 1281 1877 est
1298 1839 1305 1877 :
1320 1837 1412 1877 nonne
1425 1839 1477 1893 per
1484 1823 1537 1878 hoc
1551 1838 1653 1894 corpus
1670 1824 1760 1878 ὓιιιιιιι

148 1913 256 1986 licque,
272 1912 348 1967 idest
358 1920 504 1983 propterea
513 1912 559 1967 ille
572 1920 690 1966 restrum
701 1910 749 1981 qui
762 1927 792 1966 re
806 1911 909 1965 cciiii-
957 1909 1072 1964 innobis
1085 1911 1218 1980 capimus,
1235 1928 1354 1982 eumque
1363 1911 1443 1966 nobis
1450 1912 1760 1983 incorporamusildeo

111 2005 269 2070 mutilare,
285 2000 388 2056 scilicet
412 2001 460 2072 qui
482 2016 548 2055 saue
572 1999 699 2072 intelligit
722 1999 758 2053 de
775 1998 909 2054 creaturis
958 1997 986 2051 iu
1000 1998 1107 2052 duabus
1126 2000 1295 2065 substantiis,
1310 2000 1435 2070 corporis
1455 2001 1560 2056 seilicet
1574 2009 1603 2056 et
1616 2001 1761 2074 sauguinis

112 2089 173 2156 Dei,
191 2089 297 2161 sibique
311 2089 396 2144 licere
409 2088 512 2157 omnia,
521 2089 614 2144 uideat
624 2104 660 2142 ne
669 2088 753 2142 eadat
764 2104 813 2158 per
822 2086 909 2142 allen·
958 2085 1122 2141 sacrilicium
1136 2086 1313 2145 124hoc
1319 2090 1530 2156 Deusinstituit;
1544 2098 1575 2144 ut
1584 2106 1637 2161 per
1646 2106 1760 2146 curnem

110 2176 230 2234 diculum
245 2177 344 2231 lratris.
359 2177 403 2242 lit,
420 2193 454 2232 ue
470 2177 497 2230 in
514 2177 564 2232 hoc
579 2176 663 2231 verbo
677 2175 742 2247 quia
751 2176 857 2229 dixerat
868 2177 908 2230 oi·
956 2174 983 2229 in
998 2175 1075 2228 altari
1098 2177 1226 2231 traditam
1249 2179 1406 2234 ostenderet
1429 2195 1460 2234 se
1481 2179 1619 2234 redimere
1643 2195 1757 2235 caruem

111 2264 907 2332 dealmcadal‚turbarenturCoriuthii,scientosjustum
956 2271 1088 2330 nostram,
1116 2281 1167 2336 per
1190 2267 1247 2321 haec
1270 2277 1445 2322 sacramenta
1466 2268 1493 2322 in
1523 2267 1760 2339 incorruptionem

82 2402 86 2411 ,
111 2353 193 2409 etiam
220 2354 321 2425 septies
343 2354 371 2408 iu
386 2354 430 2410 die
455 2354 564 2419 cadere,
581 2353 743 2408 determinat
759 2353 857 2406 Paulus
872 2353 907 2406 de
956 2354 1121 2424 quaudoque
1131 2354 1350 2411 transferendam
1364 2376 1372 2422 ;
1388 2365 1416 2412 et
1429 2374 1481 2429 per
1495 2358 1659 2428 sauguinem
1675 2373 1759 2430 quem

111 2459 165 2515 quo
179 2458 245 2499 casu
261 2441 405 2515 intelligat,
427 2443 522 2498 dicens
539 2458 545 2498 ε
566 2443 661 2498 Videat
674 2444 789 2514 quisque
804 2459 840 2496 nc
858 2457 906 2496 ca·
956 2441 1049 2508 tradit,
1065 2443 1216 2499 insinuaret
1230 2461 1260 2499 se
1275 2445 1399 2500 similiter
1412 2447 1556 2501 redimisse
1569 2447 1692 2501 animam
1708 2462 1758 2502 uo-

109 2531 168 2598 dct,
185 2532 224 2587 sic
234 2541 263 2587 ιιι
273 2549 331 2588 oon
341 2531 535 2605 apprehendat
545 2549 590 2587 aas
602 2532 734 2598 tentatio,
747 2531 775 2585 id
784 2538 826 2585 est
834 2530 907 2585 dele-
955 2538 1039 2585 stram
1055 2531 1107 2597 ;ad
1122 2533 1195 2604 quod
1209 2534 1244 2588 de
1258 2534 1348 2589 anima
1363 2535 1557 2590 insinuandum
1569 2554 1577 2590 ε
1589 2537 1654 2608 quia
1664 2552 1695 2592 re
1714 2536 1757 2590 iu-

110 2619 191 2676 ctatio
205 2621 319 2691 peceati,
334 2623 393 2676 nisi
406 2637 467 2693 quae
481 2620 516 2674 sit
529 2620 665 2685 human,
681 2619 709 2674 id
724 2630 767 2674 est
780 2619 905 2675 necessi·
954 2620 1089 2690 corporali
1103 2621 1142 2674 uti
1168 2636 1221 2676 non
1236 2623 1334 2692 potuit,
1349 2623 1434 2696 digne
1447 2640 1499 2695 per
1518 2625 1695 2698 sauguinem,
1710 2625 1759 2697 qui

108 2715 163 2764 lale
178 2710 268 2765 caruis
286 2709 409 2775 ueniens,
426 2709 529 2765 scilicet
547 2708 672 2764 venialis.
697 2706 776 2776 Quod
798 2708 832 2763 ad
855 2724 905 2763 sos
954 2709 1036 2763 sedes
1050 2709 1148 2764 auimae
1161 2710 1269 2776 dicitur,
1285 2711 1404 2766 animam
1420 2710 1557 2784 figurarit.
1568 2715 1628 2770 Nee
1641 2715 1671 2768 iu
1685 2715 1757 2769 duas

108 2797 235 2868 pertinet,
252 2797 343 2852 videte
357 2806 384 2851 ιιι
400 2796 505 2854 iacietis
522 2797 605 2869 ;quie
625 2799 693 2852 bear
708 2797 801 2865 fidelis
817 2799 859 2851 erl
878 2804 904 2851 et
954 2797 1122 2852 substautias
1136 2799 1284 2865 distribuit,
1299 2809 1329 2854 ut
1342 2800 1467 2856 diversas
1485 2810 1580 2873 partes
1593 2804 1655 2873 ejus
1669 2804 1755 2860 iutel-

108 2901 189 2941 verax
204 2885 232 2941 iu
247 2884 399 2958 promissis,
415 2886 461 2957 qui
476 2884 572 2940 fideles
586 2900 651 2940 suos
664 2885 692 2940 in
703 2884 902 2950 nullodeserit;
953 2884 1061 2958 ligeret.
1081 2885 1134 2955 Qui
1148 2888 1221 2942 euim
1234 2889 1397 2961 sauguinem
1412 2898 1527 2959 tantum,
1538 2891 1583 2946 vel
1593 2907 1698 2964 corpus
1708 2908 1754 2949 so-

106 2973 151 3046 qui
167 2975 240 3030 Deus
250 2991 308 3031 non
315 2977 448 3046 patietur
459 2990 504 3031 vos
513 2975 622 3030 tertiari
631 2972 839 3046 supraidqucd
848 2974 903 3044 pati
954 2973 1019 3040 lum,
1050 2984 1134 3030 totum
1162 2977 1283 3048 accipit:
1307 2979 1354 3051 qui
1380 2986 1526 3051 utrumque
1554 2981 1663 3052 accipit,
1696 2997 1754 3037 nou

106 3065 237 3135 poteriis.
257 3063 412 3119 Secundum
436 3063 509 3118 euim
531 3063 604 3135 quod
623 3063 697 3118 videt
717 3027 1042 3136 fortitudinemcmagis
1064 3081 1114 3136 per
1135 3074 1290 3138 utrumque,
1315 3082 1399 3139 quam
1422 3085 1473 3138 per
1494 3069 1609 3124 alterum
1636 3071 1750 3142 accipit.

107 3151 150 3206 rel
164 3152 335 3207 teneritatem
351 3151 492 3223 cujusque,
508 3151 697 3207 tribulationes
706 3151 836 3222 disponit.
844 3151 903 3206 Nee
954 3150 1034 3220 Quod
1048 3169 1147 3224 corpus
1162 3154 1229 3210 sicut
1245 3170 1310 3210 vera
1333 3170 1397 3211 caro
1420 3156 1521 3211 Christi
1536 3165 1578 3213 est
1593 3159 1646 3213 sub
1659 3160 1754 3231 specie

107 3238 195 3294 colum
211 3241 410 3314 cooperietur
427 3257 472 3296 oon
490 3257 578 3312 snpra
596 3241 707 3296 modum
724 3241 839 3306 lentari,
855 3240 904 3296 red
952 3241 1039 3311 panis,
1055 3241 1091 3297 ita
1108 3259 1158 3313 per
1170 3243 1256 3298 solam
1278 3244 1398 3315 speciem
1417 3246 1554 3312 atteritur,
1577 3247 1750 3316 diminuitur,

105 3328 187 3383 etiam
202 3330 291 3399 saciet
304 3329 381 3385 vobis
391 3346 456 3386 cum
468 3332 628 3386 tentatione
637 3334 815 3403 proventum,
826 3329 903 3384 tdest
952 3330 980 3384 iu
994 3339 1087 3400 partes
1111 3332 1246 3392 dividitur.
1263 3348 1326 3388 eum
1349 3333 1378 3387 in
1401 3335 1514 3390 ueritate
1534 3335 1752 3408 incorruptibile,

31 3436 39 3455 ι
105 3425 133 3474 el
147 3425 323 3490 augmentum
343 3419 449 3474 virtutis
463 3434 517 3491 qua
531 3418 721 3490 perseveretis,
733 3426 762 3472 et
774 3433 903 3489 augmen-
952 3419 1128 3487 indivisibile,
1144 3421 1279 3492 impotens
1293 3422 1407 3476 diminui
1422 3433 1592 3493 permaneat.
1616 3425 1688 3481 Vere
1703 3442 1753 3497 per

104 3505 364 3562 tumtribulationis:
376 3509 474 3578 societ,
486 3507 558 3571 dico,
570 3508 612 3561 ila
623 3511 656 3561 ιιι
668 3507 835 3579 vosposritis
845 3523 903 3562 snt·
952 3508 1139 3579 acceptionem
1154 3510 1293 3582 sauguinis
1317 3518 1346 3565 et
1366 3513 1492 3582 corporis
1516 3513 1619 3568 Christi
1641 3515 1754 3570 unimur

105 3597 206 3662 linere,
222 3611 257 3651 ne
275 3596 303 3650 in
323 3594 494 3650 tribulatione
509 3593 652 3650 deficiatis.
952 3597 1074 3663 Christ0;
1084 3601 1218 3670 quoniam
1227 3600 1314 3654 multi
1323 3616 1508 3657 rumusunus
1516 3603 1754 3674 panis,idestsic·

140 3683 357 3757 propterquod,
372 3683 400 3737 id
415 3691 456 3738 est
471 3683 532 3754 quia
547 3683 695 3738 videndum
710 3690 752 3739 est
763 3682 852 3749 stanti,
865 3699 901 3739 ne
950 3685 1021 3740 utin
1034 3702 1104 3757 pane
1124 3686 1231 3742 diversa
1250 3703 1337 3759 grana
1360 3689 1388 3742 ia
1406 3689 1537 3745 unitatem
1559 3691 1638 3762 panis
1659 3701 1752 3748 trans-

105 3772 200 3838 εαιιιιι,
216 3779 243 3826 et
257 3772 439 3841 Deuspraesto
453 3778 494 3825 est
509 3771 555 3841 qui
565 3787 675 3825 manum
687 3771 820 3842 porrigat.
837 3772 901 3827 ldeo
951 3782 1025 3841 eunt,
1042 3774 1078 3829 ita
1093 3783 1119 3830 et
1133 3791 1184 3830 uos
1198 3776 1305 3831 unimur
1322 3776 1386 3846 fide,
1411 3794 1460 3849 spe
1485 3786 1512 3834 et
1535 3781 1679 3837 charitate.
1696 3784 1753 3840 Su-

103 3861 196 3930 supltc
210 3877 228 3915 ιι
242 3860 359 3916 cultura
375 3859 532 3927 idolorum
544 3859 566 3913 si
577 3861 630 3915 hoc
641 3858 738 3927 lacitis,
751 3867 814 3916 tunc
825 3860 901 3915 eritis
950 3879 1014 3919 mus
1030 3864 1112 3918 etiam
1127 3866 1213 3920 multi
1224 3882 1424 3938 unumcorpns
1436 3868 1586 3924 secundum
1601 3869 1752 3927 diversita-

103 3947 175 4004 mlhl
189 3949 361 4004 charisrimi.
373 3946 479 4020 Fugere
490 3966 507 4002 a
517 3949 634 4004 cultura
643 3949 783 4005 idolorum
795 3950 863 4005 dicii
874 3957 901 4005 et
951 3954 1005 4002 tem
1021 3948 1203 4004 membrorum
1218 3949 1269 4003 sibi
1285 3950 1401 4005 invicem
1427 3951 1455 4006 iu
1467 3952 1571 4008 unitate
1596 3954 1753 4011 dilectionis

102 4033 215 4091 infirmis
230 4035 277 4108 qui
297 4036 349 4091 sub
372 4037 548 4092 veneratione
571 4037 637 4093 idoli
658 4037 848 4105 comedebant,
874 4047 901 4094 et
952 4035 1190 4092 suhsersieutium.
1207 4038 1264 4093 Nos
1292 4053 1389 4094 omnes
1412 4056 1507 4095 sumus
1528 4057 1605 4098 unus
1620 4045 1706 4115 panis
1721 4048 1751 4102 ct

103 4126 146 4181 his
160 4125 216 4198 qui,
232 4124 295 4182 licet
310 4141 383 4180 sanae
404 4124 467 4181 lidel
492 4134 595 4195 esseut,
620 4135 709 4182 tamen
725 4142 809 4183 causa
824 4134 900 4182 erant
951 4141 1041 4180 unam
1055 4142 1156 4198 corpus
1173 4143 1180 4181 ε
1196 4127 1457 4200 qaipariicipomas
1474 4130 1508 4185 dc
1522 4137 1703 4202 nnopancel
1716 4133 1751 4190 dc
1797 4184 1800 4193 .

37 4275 42 4282 ¹
103 4231 156 4287 qua
171 4215 286 4270 fratrum
295 4212 433 4269 iufirmitas
448 4224 681 4286 corrumperetur.
692 4217 725 4271 Et
740 4224 769 4270 ut
780 4217 900 4288 sapiatis
951 4229 1008 4268 uno
1022 4215 1121 4281 calice,
1137 4214 1165 4269 id
1179 4223 1221 4270 est
1234 4215 1268 4270 de
1282 4225 1431 4287 corporeet
1446 4219 1579 4292 sauguine
1589 4219 1692 4276 Christi
1700 4237 1752 4292 per

103 4320 120 4360 c
135 4305 249 4361 callum
267 4304 416 4372 idolorum,
433 4321 489 4360 rem
506 4305 632 4361 subtilem
647 4306 770 4361 dicturus
785 4321 857 4373 sum,
872 4304 900 4359 iu
950 4318 1031 4372 quem
1046 4302 1188 4358 counimur
1202 4304 1320 4372 Christo,
1344 4305 1554 4377 incorporantes
1577 4324 1641 4363 eum
1655 4310 1747 4366 nobis.

104 4409 158 4464 qua
173 4394 269 4466 loquor
284 4393 360 4448 vobis
375 4409 429 4448 uon
444 4402 471 4449 ut
482 4394 660 4465 simplicibus,
674 4394 722 4450 sed
733 4394 900 4466 alprudcn-
914 4384 940 4444 D
986 4391 1067 4446 blodo
1082 4391 1233 4448 secundum
1248 4393 1434 4464 Ambrosium,
1446 4396 1519 4467 quod
1535 4397 1659 4468 sequitur
1672 4399 1751 4456 dica-

104 4482 179 4539 tiins
195 4503 204 4552 ς
219 4488 245 4537 et
255 4482 317 4537 ideo
332 4499 377 4538 vos
393 4484 449 4554 ipsi
458 4483 597 4553 judicate,
615 4483 643 4538 id
654 4490 695 4537 est
706 4489 807 4554 quanto
815 4482 900 4537 subti·
951 4497 1012 4535 mus
1029 4497 1035 4534 :
1054 4480 1073 4536 0
1090 4480 1187 4549 lsrael,
1204 4481 1287 4536 idest
1302 4497 1319 4537 0
1334 4481 1422 4538 fidelis
1443 4483 1544 4551 anima,
1570 4501 1632 4557 quae
1657 4487 1748 4544 Deum

102 4571 154 4627 lius
169 4572 291 4644 potestis,
304 4572 377 4643 apud
388 4588 436 4628 vos
450 4572 575 4628 discutite
588 4573 641 4628 hoc
655 4572 726 4644 quod
739 4569 818 4626 vobis
827 4572 899 4628 dico.
950 4569 1073 4634 intueris,
1091 4569 1163 4640 quod
1186 4569 1213 4623 iu
1227 4571 1409 4641 spiritualibus
1423 4573 1505 4643 modo
1524 4574 1604 4630 vobis
1627 4577 1747 4643 ostendi,

103 4661 241 4717 Summam
256 4661 395 4717 sententiae
418 4662 539 4717 breviter
550 4669 627 4716 extra
641 4660 820 4733 colligamus:
836 4659 900 4714 ldeo
950 4657 1040 4714 videte
1050 4658 1121 4712 idem
1133 4656 1353 4716 fierIsecondum
1362 4662 1524 4728 carnem,id
1533 4669 1575 4717 est
1584 4679 1635 4734 per
1645 4679 1749 4722 carna-

103 4749 201 4823 lugere
214 4749 319 4806 debetis
334 4766 352 4804 a
377 4750 481 4806 cultura
503 4749 639 4805 idolorum
657 4766 665 4815 3
681 4749 755 4820 quia,
772 4747 841 4803 sicut
854 4746 900 4803 ille
950 4746 1003 4801 lem
1017 4745 1249 4817 participationem
1258 4747 1400 4821 idolothyti
1410 4750 1520 4805 diaholo
1530 4753 1746 4811 communicare.

103 4839 148 4911 qui
163 4838 273 4910 corpori
288 4847 314 4895 et
329 4838 456 4909 sanguini
478 4838 578 4895 Christi
600 4837 790 4906 communicat,
816 4853 900 4891 unum
949 4835 1046 4891 Nonne
1074 4835 1146 4890 euim
1161 4837 1208 4908 qui
1226 4836 1316 4892 edunt
1333 4839 1441 4895 hostias
1454 4838 1610 4896 immolatas
1625 4842 1746 4910 diabolo,

102 4927 304 4999 quodammodo
317 4925 346 4981 lit
361 4942 421 4982 cum
437 4927 555 4993 Christo,
571 4926 611 4983 sic
626 4926 672 4981 ille
688 4926 734 4997 qui
748 4924 899 4982 communi-
948 4926 1102 4997 participes
1112 4929 1181 4982 sont
1195 4927 1298 4980 altaris
1312 4925 1438 4983 diaboli?
1451 4929 1480 4984 id
1495 4936 1537 4984 est
1551 4947 1558 4984 :
1570 4945 1748 4989 nounecom·

102 5022 143 5071 cat
158 5013 241 5080 idolo,
258 5015 406 5087 idolothyta
421 5015 591 5072 comedendo
619 5015 809 5086 incorporatur
836 5013 898 5068 dia·
949 5013 1086 5068 municaut
1100 5013 1152 5084 ipsi
1166 5013 1275 5069 diabolo
1293 5031 1343 5085 per
1356 5017 1408 5072 hoc
1423 5016 1496 5089 quod
1510 5018 1674 5090 participant
1689 5037 1748 5093 qua

103 5102 176 5159 bolo.
949 5116 1031 5171 super
1044 5101 1131 5157 altare
1151 5102 1217 5157 idoli
1240 5102 1436 5161 immolantur?
1458 5104 1697 5175 Quemadmodum
1719 5109 1747 5164 in

138 5193 217 5248 Nunc
229 5191 346 5247 litteram
361 5208 527 5263 exponamus
544 5209 550 5246 :
568 5191 738 5264 Fugieudum
752 5190 830 5247 vobis
858 5198 900 5246 est
949 5188 1143 5260 spiritualibus,
1159 5191 1199 5247 sic
1213 5190 1240 5245 iu
1255 5192 1413 5248 carnalibus
1429 5193 1564 5266 quintet,
1582 5196 1679 5269 negari
1691 5213 1747 5253 uon

101 5298 119 5339 ιι
134 5283 249 5338 cultura
263 5279 414 5346 idolorum,
427 5281 490 5351 quia
501 5282 592 5347 calix,
602 5279 631 5334 id
644 5291 684 5335 est
699 5278 898 5351 sanguisChri-
948 5287 1047 5350 potest.
1064 5278 1132 5348 Quia
1147 5279 1208 5336 dico
1223 5281 1400 5337 comedentes
1419 5282 1556 5338 immolata
1570 5283 1645 5341 idolo
1659 5285 1746 5356 parti-

102 5370 145 5426 ιιι.
164 5369 247 5427 Colla
261 5367 683 5440 dicohcncdictionisperquem
693 5366 898 5423 benedictiones
948 5366 1042 5439 cipere
1056 5368 1176 5439 diabolo,
1188 5385 1251 5442 erpo
1270 5371 1337 5443 quid
1350 5371 1422 5438 dico,
1438 5371 1466 5426 id
1481 5379 1523 5427 est
1536 5388 1571 5427 au
1585 5374 1639 5430 hoc
1653 5374 1745 5432 dicere

101 5459 248 5530 gratiarum
262 5456 410 5528 accipimus
426 5473 433 5514 ι
449 5457 513 5528 quia
525 5472 576 5528 per
590 5455 753 5529 sanguinem
786 5455 896 5528 Christi,
948 5456 1089 5513 existimor
1103 5458 1175 5529 qnod
1190 5460 1373 5517 immolatam
1392 5459 1475 5518 idota
1493 5462 1534 5518 ιιι
1546 5462 1657 5537 aliquid
1671 5463 1745 5520 aliud
