3742 5986
173 173 226 227 'lib
597 161 768 221 GUIGONIS
787 160 799 215 1
817 157 1022 216 CARTHUSIAE
1041 154 1186 212 ttstottts
1206 154 1345 212 PRIORIS
1363 155 1396 210 V.

209 297 236 349 ³.
247 293 364 364 Propter
379 291 429 346 bos
442 287 526 356 solos,
539 286 563 343 si
576 293 648 343 tenta
663 283 741 341 luerit
755 282 896 354 egritudo,
907 279 998 352 pisces
1012 293 1103 335 emere
1119 278 1248 335 solemus.

810 421 1008 480 certantum
1025 420 1158 476 XXXIX.

871 539 910 594 lle
936 538 1096 594 minutione

208 647 234 699 t.
250 637 391 696 bledicinis
406 645 504 706 autern,
520 643 634 708 excepto
649 635 769 692 cauterio
784 643 810 691 et
824 632 966 705 sanguinis
980 631 1137 699 minutione,
1154 647 1265 703 perraro
1283 631 1397 687 utimur.
1416 626 1562 685 llinuimur
1582 633 1677 682 autern
1693 623 1724 681 iu
1752 639 1821 681 auso

171 738 326 813 quinquies.
343 738 405 791 Post
421 734 540 790 Octavus
551 734 670 799 Passum,
685 739 748 803 post
758 731 958 788 solemnitatem
967 730 1152 801 apostolorum
1165 728 1237 785 Petri
1244 736 1271 785 et
1286 726 1370 795 Pauli,
1386 721 1822 794 secundahebdornadaSeptcm-

170 837 235 903 bris,
252 833 401 904 septimana
417 837 479 885 ante
493 829 645 884 Adventum
655 834 682 883 et
692 827 862 883 bebdomada
876 833 938 882 unte
953 823 1216 897 Quinquagesiman.
1236 825 1267 880 ln
1282 838 1337 897 quc
1360 830 1493 894 tempore,
1522 818 1687 877 minutionis
1708 817 1820 887 scilicet,

168 949 217 1004 per
232 940 286 987 tres
302 929 444 986 continuos
458 923 566 982 diesbis
579 923 726 993 reficimus,
738 923 840 997 aliquid
853 921 907 980 cibi
921 920 1043 978 melioris
1062 920 1239 992 accipientes.
1319 998 1320 1001 Ἴ

838 1071 1124 1128 COMMENTARIUS.

169 1203 196 1252 et
211 1194 337 1250 disertius
359 1199 449 1266 potest
473 1191 564 1259 scribi,
590 1205 673 1264 quarn
701 1205 762 1262 quae
787 1189 832 1245 hic
846 1188 911 1244 dicit
923 1189 964 1245 vir
977 1193 1005 1251 A
1016 1193 1073 1245 tur.
1087 1186 1260 1244 Proceritstis
1274 1185 1354 1242 etiarn
1369 1200 1517 1258 corporum
1532 1182 1683 1242 diversitas
1692 1182 1821 1254 potestin

168 1291 287 1353 sanctus,
299 1283 371 1338 circa
386 1281 497 1337 modum
516 1279 626 1350 agendi,
642 1286 697 1334 tum
714 1292 731 1333 a
746 1277 894 1349 prioribus,
909 1284 965 1331 turn
1015 1277 1199 1333 testimonium
1210 1274 1320 1331 adduci.
1333 1273 1563 1345 Ossupu'morum
1572 1272 1690 1328 Petrum
1704 1287 1769 1327 cum
1779 1286 1823 1327 ve·

167 1372 203 1427 ab
217 1370 328 1444 egrotis
337 1370 438 1425 nostris
454 1367 629 1423 servandum.
1015 1364 1157 1420 seratione
1168 1365 1195 1418 in
1207 1363 1323 1436 quodem
1336 1361 1449 1430 sacello,
1467 1361 1519 1417 sub
1534 1375 1588 1445 quo
1607 1367 1649 1415 est
1659 1374 1761 1428 cares,
1772 1375 1826 1415 ser·

203 1460 285 1514 Num.
302 1455 516 1528 arrepturum
530 1456 612 1521 soles,
626 1462 677 1510 etc.
692 1454 787 1510 Pisces
797 1453 966 1511 emercsolc·
1015 1468 1121 1519 ramus,
1139 1469 1200 1524 quse
1215 1452 1238 1506 si
1252 1467 1314 1507 oum
1324 1451 1427 1506 nostris
1438 1457 1644 1522 comparentur,
1660 1447 1822 1504 nosadole·

167 1563 241 1604 mus.
256 1546 318 1601 Non
328 1545 392 1599 inde
415 1542 632 1599 concludendum
648 1550 689 1598 est
712 1542 784 1613 quod
799 1542 889 1612 pisces
903 1549 966 1595 tan·
1016 1540 1160 1608 scontium,
1172 1540 1211 1595 illi
1226 1555 1290 1597 vero
1300 1537 1608 1609 virorumperfectorum
1618 1550 1688 1592 ossa
1695 1535 1823 1593 babuisse

168 1642 226 1690 tum
241 1632 416 1690 comederent
428 1630 507 1702 primi
527 1638 619 1701 patres
637 1630 733 1696 nostri,
748 1629 858 1701 quaudo
872 1643 966 1702 egro·
1016 1628 1129 1685 evidens
1139 1636 1190 1696 est,
1205 1629 1234 1683 in
1248 1626 1450 1699 comparatione
1469 1633 1637 1683 nostrorum.

170 1729 272 1778 tarent.
292 1720 322 1777 ld
332 1719 404 1776 enim
421 1717 518 1774 salsum
533 1734 594 1775 esse
608 1717 780 1775 convincitur
789 1733 822 1773 ex
837 1733 900 1789 cap.
919 1720 963 1784 33,
1051 1716 1129 1774 Unde
1157 1731 1225 1789 ergo
1247 1716 1300 1771 istu
1323 1714 1423 1772 virium
1444 1713 1630 1786 corporalium
1657 1713 1819 1782 diminutio,

171 1808 299 1881 autquod
314 1808 434 1879 piscibus
465 1815 569 1862 tantumn
587 1813 775 1872 vescerentur,
791 1821 854 1861 cum
881 1804 966 1861 eisab
1016 1821 1077 1877 quas
1091 1812 1265 1872 tantaeerant,
1282 1811 1311 1859 ut
1324 1803 1404 1874 primi
1418 1804 1512 1859 Patres
1532 1802 1820 1874 sauguinisemissiu·

170 1896 306 1953 extraneis
320 1897 459 1950 darentur.
476 1894 531 1951 Sed
543 1894 682 1950 sciendum
700 1901 742 1949 est
755 1893 826 1948 intre
844 1907 967 1949 eremum
1016 1908 1079 1947 nem
1094 1891 1238 1963 quinquies
1260 1891 1288 1946 in
1301 1907 1373 1947 anno
1400 1890 1551 1948 laciendum
1575 1890 1629 1947 eibi
1656 1890 1821 1963 presence·

170 1984 319 2041 Carthusiae
328 1990 476 2039 torrentem
490 1981 573 2038 liuere
588 1981 635 2053 qui
660 1981 777 2053 optimos
799 1979 850 2037 lert
865 1980 965 2052 pisces,
1017 1987 1086 2044 rent,
1102 1979 1207 2051 absque
1217 1978 1338 2050 periculo
1353 1977 1540 2035 diminutionis
1557 1978 1658 2035 virium
1673 1979 1691 2035 b
1705 1978 1765 2036 Nos
1778 1994 1822 2036 rc·

169 2080 196 2129 et
215 2073 242 2126 iu
257 2087 289 2127 ea
310 2070 482 2136 abundantia,
500 2086 560 2142 quse
587 2076 661 2125 certe
680 2077 744 2124 tunc
771 2068 901 2139 temporis
916 2084 967 2139 pro
1017 2083 1049 2124 ro
1058 2067 1102 2122 vin
1117 2066 1204 2123 semel
1217 2067 1244 2122 in
1259 2083 1330 2123 anno
1339 2066 1367 2122 id
1379 2067 1512 2123 audemus
1525 2067 1701 2138 permittere,
1717 2067 1820 2140 ubsque

170 2174 255 2231 parvo
266 2165 399 2213 conventu
413 2156 592 2213 communiter
606 2155 767 2212 sufficiebat.
782 2156 885 2211 Sensus
900 2171 968 2229 ergo
1018 2170 1111 2223 causa,
1125 2153 1318 2227 experimentis
1329 2154 1419 2211 edocti
1432 2155 1467 2210 de
1480 2153 1645 2211 necessitate
1664 2154 1820 2212 abstinendi

171 2244 290 2302 auctoris
304 2252 354 2312 est,
371 2244 487 2316 quodeo
501 2252 605 2299 tantum
620 2259 686 2299 casu
708 2244 799 2314 pisces
813 2259 904 2299 emere
920 2260 967 2300 so·
1017 2243 1197 2299 aminutioue
1218 2242 1370 2315 sanguinis,
1399 2257 1454 2314 qua
1471 2242 1544 2299 vires
1560 2249 1729 2300 nostrorum
1744 2257 1819 2300 cuer-

172 2333 269 2400 lerent,
280 2331 306 2386 id
329 2339 370 2386 est
383 2345 434 2402 pro
462 2331 581 2404 egrotis,
610 2331 720 2402 quando
743 2329 787 2386 vel
802 2346 836 2385 ex
858 2332 970 2402 proprio
1018 2329 1171 2397 vantur,ita
1186 2338 1224 2395 ut,
1239 2329 1262 2385 si
1276 2329 1305 2385 id
1319 2330 1495 2401 permittatur,
1508 2328 1646 2396 deficiant,
1657 2338 1688 2387 ct
1707 2328 1818 2387 ininfir-

172 2426 293 2476 torrente
308 2418 403 2475 obvios
414 2418 488 2490 (nam
503 2418 582 2474 certis
607 2418 773 2490 temporibus
800 2417 969 2489 impossibile
1018 2417 1125 2474 mitates
1140 2417 1293 2474 habituales
1307 2434 1362 2474 non
1372 2417 1575 2486 ruroincidant,
1595 2418 1699 2491 quibus
1712 2416 1818 2475 taudem

170 2515 212 2564 est
225 2507 345 2579 piscari),
357 2506 400 2563 vel
415 2522 448 2562 ex
471 2506 620 2562 vicinorum
635 2507 766 2563 charitate
781 2506 888 2562 oblatos
912 2521 1003 2598 nouB
1017 2505 1052 2561 ad
1062 2506 1251 2562 observantias
1260 2505 1364 2561 ordinis
1379 2505 1557 2572 inhabiles‚et
1570 2506 1699 2562 nonnulli
1713 2506 1818 2562 inutiles

169 2596 313 2651 haberent.
329 2593 401 2650 Nihil
412 2593 498 2649 simile
511 2594 578 2650 dicit
600 2594 717 2651 deeris.
1017 2610 1144 2666 personae
1166 2592 1340 2650 efficiuntur?
1362 2594 1393 2648 ld
1421 2610 1454 2651 ex
1482 2593 1570 2650 tribus
1583 2594 1681 2651 causis
1694 2594 1818 2652 escubsc

207 2684 303 2739 Totum
325 2689 412 2737 autern
427 2683 480 2739 hoc
497 2683 642 2752 capitulum
657 2681 775 2738 retertur
800 2683 829 2738 in
849 2681 967 2756 antiquis
1016 2682 1296 2753 persuasumbabeo;
1318 2697 1458 2754 quarum:
1526 2706 1530 2712 ·

172 2771 288 2839 statutis,
299 2778 375 2841 parte
386 2770 467 2840 prim.
484 2785 543 2840 cap.
556 2773 599 2836 ll,
611 2787 657 2826 nn.
676 2774 688 2825 t
701 2778 727 2826 et
743 2772 769 2826 i.
1052 2770 1170 2826 Primam
1186 2786 1218 2826 ex
1233 2778 1328 2826 natura
1343 2769 1424 2826 simul
1436 2785 1498 2826 cum
1512 2769 1617 2828 mundo
1629 2769 1738 2829 senum
1754 2768 1818 2829 det-

207 2858 284 2914 CAP.
294 2856 552 2913 XXXlXeNum.
566 2858 767 2915 illediciuis...
778 2874 905 2932 perraro,
913 2865 966 2914 etc.
1016 2857 1105 2914 ciente
1118 2857 1270 2929 procedere
1282 2858 1385 2927 credo.

171 2945 290 3002 Subaudi
305 2954 383 3001 extra
397 2953 504 3017 tempus
524 2945 703 3016 aegritudinis,
727 2961 789 3001 narn
805 2953 868 3002 tunc
880 2945 967 3002 rnedi-
1052 2945 1214 3012 Secundam,
1241 2961 1301 3018 quae
1324 2945 1462 3017 praecipua
1487 2945 1554 3002 mibi
1575 2946 1698 3020 videtur,
1722 2964 1757 3005 er
1770 2960 1816 3004 usu

170 3049 263 3090 cerum
279 3033 443 3088 ordinationi
458 3032 582 3088 standum
602 3041 653 3088 est.
1016 3032 1119 3089 sensim
1139 3033 1302 3103 introducto,
1318 3041 1407 3101 aucto,
1428 3041 1455 3090 et
1477 3033 1599 3107 quotidie
1614 3044 1761 3094 crescente
1769 3036 1816 3092 ds-

205 3121 551 3177 lbid.llluuimuriuuuuo
561 3121 718 3194 quinquies,
730 3121 866 3179 etc.Hunc
876 3122 965 3179 locum
1015 3121 1122 3177 licutius
1135 3120 1244 3177 vivendi
1265 3129 1292 3177 et
1308 3137 1408 3192 pueros
1419 3123 1554 3179 educandi
1568 3122 1596 3179 iu
1606 3124 1732 3194 seculo,
1753 3139 1816 3197 prc-

168 3208 300 3264 mirumur
313 3224 422 3265 omnes:
438 3223 502 3263 nam
517 3208 544 3263 id
561 3216 665 3264 tuntum
679 3208 713 3264 ad
741 3211 902 3266 servandam
917 3209 967 3266 lir-
1015 3209 1125 3265 uenisse
1136 3210 1255 3266 arbitror
1274 3228 1281 3278 3
1298 3225 1332 3266 ex
1346 3226 1399 3283 qua
1413 3209 1566 3268 delicatiori
1578 3211 1694 3269 urendi
1708 3220 1738 3270 et
1750 3228 1815 3286 puc-

169 3311 241 3351 mam
269 3295 450 3352 ualetudinem
473 3303 535 3352 tuno
558 3312 574 3352 a
594 3296 680 3352 nostri
706 3296 854 3353 adhibitum
882 3296 967 3354 luisse
1016 3296 1206 3354 roseducsndi
1220 3297 1417 3354 consuetudine
1438 3298 1522 3355 vuriae
1544 3299 1730 3357 necessitates
1752 3299 1816 3357 sub·

167 3398 217 3454 pro
233 3384 457 3441 certohabemus.
474 3385 508 3439 Et
522 3400 555 3440 ex
574 3386 626 3441 hoc
641 3385 758 3457 capitulo
771 3387 836 3442 satis
865 3388 967 3458 probe·
1016 3392 1083 3442 ortae
1113 3393 1185 3441 sunt.
1209 3386 1305 3442 llodus
1333 3385 1406 3442 enim
1442 3386 1595 3443 enutriendi
1626 3402 1759 3460 corpora,
1785 3403 1816 3444 ex

168 3478 222 3538 tur;
238 3486 300 3527 nam
315 3471 344 3527 in
361 3472 433 3539 cibo,
461 3487 558 3527 somno
570 3480 597 3527 et
613 3472 673 3527 aliis
697 3474 780 3529 rebus
803 3473 855 3528 sibi
879 3474 967 3546 magis
1015 3473 1213 3530 consuetudine
1228 3473 1396 3544 iubebitum,
1421 3481 1448 3530 et
1475 3490 1508 3530 ex
1522 3474 1617 3530 babitu
1639 3474 1668 3531 in
1695 3476 1817 3534 ussau-

167 3559 312 3633 indulgere
326 3558 466 3627 videntum
495 3560 568 3631 quod
585 3568 659 3616 certe
687 3561 829 3618 ridiculum
845 3570 927 3628 esset,
944 3562 967 3617 si
1016 3567 1097 3616 tutem
1113 3577 1209 3618 versus
1224 3568 1276 3628 est,
1292 3561 1392 3617 etinde
1415 3560 1514 3618 lactum
1529 3568 1614 3618 estut
1634 3577 1816 3636 corporane·

169 3661 202 3703 cx
217 3647 312 3719 spiritu
326 3646 542 3704 mortificationis
553 3663 585 3704 ex
600 3664 652 3704 una
675 3657 750 3720 parte
774 3650 812 3705 sic
838 3665 868 3706 se
881 3650 967 3705 minui
1016 3655 1079 3718 stra,
1095 3665 1165 3722 quse,
1184 3656 1330 3721 antequam
1345 3648 1380 3705 ad
1396 3649 1522 3707 ordinem
1550 3649 1763 3720 adduceremus,
1790 3652 1817 3707 iu

169 3735 301 3805 sanguine
328 3751 378 3805 per
396 3750 474 3791 uenas
495 3735 662 3807 apertionem
686 3737 768 3792 certis
801 3738 967 3810 temporibus
1017 3737 1174 3808 saeculoper
1188 3737 1286 3810 viginti
1304 3737 1340 3793 ad
1353 3737 1444 3794 miuus
1468 3753 1555 3794 annos
1575 3737 1688 3795 fueraut
1716 3740 1817 3798 delica-

169 3827 322 3887 cursssent,
335 3829 362 3877 et
384 3837 417 3877 ex
432 3822 487 3877 alio
506 3823 630 3894 quaedam
652 3824 803 3895 corporalia
822 3825 966 3881 commoda
1016 3823 1068 3879 tius
1082 3825 1181 3880 nutrita
1195 3833 1221 3881 et
1235 3825 1295 3880 istis
1309 3825 1515 3882 necessitatibus
1530 3833 1651 3897 assueta,
1665 3827 1728 3897 iam
1741 3842 1817 3886 com·

171 3915 249 3963 extra
262 3923 434 3964 communem
459 3910 583 3981 regulam
609 3920 815 3982 procurassent.
835 3913 863 3969 Si
878 3921 968 3970 autem
983 3885 1136 3967 cmunitor
1149 3926 1203 3968 non
1219 3912 1368 3969 velcantes
1381 3912 1454 3970 terre
1481 3930 1542 3986 que
1555 3914 1735 3987 antiquorum
1746 3916 1816 3973 tlar-

171 3995 226 4051 tale
244 3995 308 4067 quid
317 3995 376 4050 istis
391 3997 558 4067 temporibus
582 4005 785 4066 attentaremus,
802 4016 898 4057 omnes
912 4000 968 4058 fere
1017 3999 1205 4056 thusianomm
1231 4016 1347 4073 corpora
1371 4001 1446 4058 ferre
1470 4001 1549 4059 facile
1566 4001 1709 4073 valebant,
1738 4010 1817 4077 prout

173 4083 323 4139 monachos
338 4082 365 4138 in
379 4084 456 4140 brevi
471 4100 641 4153 necaremus,
659 4085 714 4142 imo
728 4103 828 4159 magna
842 4089 969 4145 cautione
1017 4095 1080 4143 sunt
1101 4088 1270 4144 abstinentius
1293 4089 1346 4145 illae
1359 4089 1387 4145 in
1408 4106 1478 4161 pane
1501 4097 1529 4146 et
1553 4104 1634 4164 aqua,
1656 4091 1694 4148 de
1721 4093 1817 4165 quibus

173 4185 242 4242 opus
257 4171 393 4240 nobisest,
409 4180 438 4227 ut
448 4173 491 4229 vel
507 4174 592 4230 semel
608 4182 653 4230 aut
664 4174 706 4230 bis
721 4174 747 4230 iu
760 4191 832 4232 anno
855 4176 969 4247 alicujus
1018 4177 1075 4232 suis
1087 4175 1157 4232 locis
1167 4176 1299 4233 dicemus.
1315 4177 1371 4232 Has
1388 4178 1490 4234 nedum
1514 4178 1671 4250 permittere
1690 4180 1817 4238 nunctis

171 4255 298 4309 monachi
312 4271 408 4311 venam
423 4255 526 4329 ubsque
540 4256 703 4314 infirmitatis
717 4260 880 4317 necessitate
897 4275 970 4318 nunc
1018 4264 1159 4329 audemus,
1176 4265 1395 4337 sedquibusdam
1412 4266 1493 4322 etiam
1520 4267 1679 4338 petentibus
1703 4284 1817 4343 negare,

172 4341 272 4411 aperiri
292 4342 423 4399 sinamus.
1018 4352 1073 4408 imo
1087 4352 1234 4425 probibere
1248 4353 1382 4427 cogimur,
1396 4355 1467 4411 adeo
1482 4354 1651 4427 experientia
1666 4356 1760 4414 edocti
1769 4373 1817 4413 su·

207 4429 249 4483 Ex
263 4429 315 4485 hac
330 4445 397 4503 crgo
409 4433 581 4504 necessitate,
593 4452 654 4508 quse
668 4436 769 4492 sensim
775 4454 837 4495 sese
847 4437 968 4511 protulit,
1018 4456 1079 4496 mus
1088 4441 1152 4513 quid
1167 4440 1226 4496 istae
1247 4441 1418 4499 abstinentie
1432 4441 1570 4500 efficerent
1583 4443 1627 4499 bis
1646 4445 1818 4517 temporibus

172 4515 326 4572 abstinendi
341 4518 375 4572 ub
385 4518 435 4575 hac
449 4521 636 4578 uicissitudine
649 4525 788 4580 minuendi
810 4528 968 4595 monachos,
1018 4527 1047 4582 in
1061 4529 1254 4601 plerorumque
1262 4528 1446 4586 solitariorum
1456 4531 1628 4603 corporibus,
1639 4531 1699 4587 siin
1714 4540 1818 4605 panea

174 4605 317 4675 probatum
326 4605 459 4662 hebernus
469 4608 542 4664 uires
554 4625 701 4682 corporum
722 4613 804 4669 veluti
820 4630 970 4671 senescen-
1019 4631 1090 4688 aqua
1100 4623 1282 4673 servarentur.
1313 4616 1391 4688 Quod
1407 4635 1489 4690 supra
1515 4619 1634 4676 diximus
1648 4621 1817 4692 probaturis

173 4698 199 4748 te
214 4692 316 4748 mundo
341 4693 497 4751 imminutus
521 4713 592 4767 esse,
609 4706 635 4753 et
658 4699 739 4772 longe
760 4700 879 4758 minores
898 4718 971 4760 nunc
1019 4703 1137 4773 rusticis,
1146 4720 1261 4777 quorum
1275 4707 1354 4776 pueri
1364 4707 1390 4762 in
1414 4723 1483 4778 pane
1497 4715 1524 4762 et
1537 4715 1645 4779 aquaet
1658 4723 1746 4767 caseo
1754 4725 1817 4767 euu-

172 4795 235 4836 esse
250 4796 332 4852 quam
346 4790 409 4837 tunc
424 4791 517 4848 erant;
541 4785 634 4856 sicque
647 4802 710 4843 vera
723 4788 757 4842 ad
776 4788 893 4844 litteram
909 4806 970 4846 esse
1020 4790 1074 4846 triti
1088 4791 1170 4864 longe
1188 4792 1355 4849 robustiores
1369 4801 1430 4848 sunt
1453 4810 1532 4868 quam
1550 4795 1730 4853 bonestorum
1744 4797 1817 4854 urbi·

172 4869 255 4924 verba
270 4868 316 4924 illa
331 4871 367 4925 D.
382 4870 520 4944 Gregorii,
537 4871 582 4943 qui
593 4873 675 4928 robur
689 4890 832 4946 corpomm
847 4877 889 4932 sui
903 4886 971 4933 tem·
1020 4893 1113 4935 corum
1128 4878 1185 4946 filii,
1202 4888 1228 4936 et
1238 4879 1318 4951 plura
1331 4880 1419 4937 ferunt
1440 4889 1467 4937 et
1489 4881 1589 4938 iaciunt
1599 4898 1684 4955 quum
1698 4884 1755 4942 isti.
1766 4886 1817 4942 Cur

174 4956 326 5024 poriscum
343 4959 460 5030 antiquis
476 4959 668 5027 conserens,et
683 4964 813 5018 mundum
833 4965 970 5021 etiamse·
1019 4974 1110 5023 autem
1123 4969 1248 5024 monaehi
1273 4968 1446 5024 Certhusiuui
1465 4969 1599 5039 juniores,
1628 4971 1663 5027 ad
1693 4974 1817 5030 eumdem

173 5055 287 5099 neseere
308 5062 339 5102 uc
354 5044 473 5102 deficere
497 5048 611 5116 probare
635 5049 739 5117 volens,
764 5051 801 5106 ita
828 5052 969 5125 loquitur:
1019 5055 1128 5109 vivendi
1138 5055 1258 5123 modurn,
1270 5057 1317 5128 qui
1328 5057 1434 5114 rusticis
1444 5057 1598 5114 ordinarius
1612 5068 1664 5128 est,
1691 5078 1744 5134 per
1763 5061 1817 5117 dis·

173 5129 291 5186 blundus
301 5132 423 5189 muccis
429 5135 571 5204 prioribus
582 5137 696 5192 velutin
707 5140 856 5207 juveutute
868 5143 968 5211 utquit,
1020 5142 1190 5198 suetudinem
1205 5143 1313 5200 vivendi
1327 5153 1408 5216 prout
1422 5145 1450 5200 iu
1469 5145 1571 5202 saeculo
1580 5146 1719 5216 vivebant,
1733 5150 1817 5206 derc-

172 5216 208 5270 ud
223 5222 433 5291 uropcqeudom
445 5222 564 5277 trumuui
582 5225 694 5294 qeucris
707 5227 827 5283 sobolem
841 5229 971 5285 rebustus
983 5229 1080 5294 Dnire
1109 5231 1272 5302 nequeunti
1287 5233 1328 5288 sd
1354 5233 1408 5290 hoc
1436 5232 1636 5306 respondemus
1656 5237 1781 5293 medium
1793 5244 1818 5293 ct

171 5303 501 5380 suit5sclutecorporum
519 5311 626 5378 uiridis,
643 5313 790 5383 opulentia
804 5318 969 5388 rerumpiu·
1018 5318 1130 5373 modum
1153 5319 1280 5375 constitui
1306 5321 1406 5378 debere
1420 5322 1447 5377 in
1458 5323 1550 5388 rebus,
1572 5322 1644 5380 ultra
1663 5325 1740 5398 quod
1752 5340 1818 5398 pro·

170 5395 243 5465 puis.
256 5397 373 5452 ltuuuc
381 5396 443 5468 ipsc
451 5402 653 5455 suescuectute
664 5399 846 5471 deprimitur,
856 5405 969 5476 ctqucsi
1019 5406 1099 5476 gredi
1122 5406 1248 5463 uitiosum
1270 5415 1322 5465 est.

171 5484 472 5554 ndvtciuumosortem,
481 5486 618 5543 molestiis
633 5487 871 5546 crebrescentibus
885 5507 969 5565 urqe·
1053 5495 1173 5551 luvenes
1187 5495 1221 5572 ad
1235 5510 1286 5552 nos
1318 5512 1352 5553 ex
1367 5497 1468 5555 seculo
1485 5497 1627 5556 uenientes
1647 5499 1676 5556 iu
1691 5516 1819 5576 maguam
