3742 5986
120 194 176 255 rsa
561 280 562 283 Ν
787 199 1094 262 consuerunnurs.
1714 211 1768 268 rer

159 329 186 381 3.
202 327 349 383 Αειιιιειιιί
362 335 462 396 autern,
477 330 511 385 ad
526 331 713 404 coquinarium
727 330 847 395 veniunt,
864 334 966 386 etcum
983 331 1042 400 eius
1054 328 1174 396 licentia,
1190 336 1298 386 servato
1313 336 1430 402 pergent
1439 328 1556 396 silentio,
1573 331 1646 404 quod
1659 348 1764 404 praece-

122 422 196 493 perit
209 425 358 495 portaturi;
374 426 412 482 ihi
427 443 544 500 quoque,
558 428 586 484 id
600 438 642 485 est
657 429 792 501 superius,
807 426 995 500 siautubique,
1012 442 1027 481 a
1043 425 1220 498 completorio
1244 441 1332 498 usque
1346 434 1409 498 post
1424 425 1549 498 primam,
1565 435 1591 484 et
1606 444 1621 483 a
1645 429 1765 501 capitulo

123 536 212 593 usque
226 529 287 592 post
302 538 411 594 nonam,
428 524 455 579 in
479 526 586 582 silentio
600 534 801 597 permanentes.

159 618 186 672 t.
203 618 368 691 Coquinario
382 627 473 677 tamen
487 631 514 678 et
528 622 653 692 adiutori,
669 623 726 681 sive
741 622 911 693 adjutoribus
925 622 993 693 ejus,
1009 622 1044 678 de
1065 621 1230 678 necessariis
1255 622 1329 695 loqui
1355 622 1429 679 licet.
1459 622 1527 678 Cum
1554 622 1661 679 silentio
1682 624 1763 682 etiarn

120 713 302 786 descendunt,
314 717 387 790 quod
399 718 468 789 jussi
482 718 582 776 suerint
596 727 778 792 reportantes,
794 735 926 791 vesperas
940 717 968 774 in
981 718 1087 790 capella
1101 734 1116 774 a
1130 719 1258 791 deputato
1273 718 1326 774 sibi
1338 720 1472 776 monacho
1493 718 1622 775 audituri.

794 842 992 901 CAPITULUK
1006 841 1091 896 KLlll

526 942 597 997 ltem
612 941 645 997 de
659 942 756 998 eadem
771 957 811 1009 re,
822 944 850 997 et
865 956 917 1013 quo
933 942 1057 1011 ternpore
1073 938 1108 993 ad
1124 938 1210 994 tectos
1225 938 1354 995 redeant.

157 1033 182 1089 t.
200 1030 313 1102 Quoties
326 1042 416 1094 autem
430 1043 493 1092 sunt
506 1035 566 1092 sine
581 1037 692 1104 clerico,
709 1035 867 1093 Orationem
883 1035 1052 1093 Dominicam
1066 1050 1116 1107 pro
1130 1035 1244 1106 psalmis
1254 1036 1365 1106 habant,
1382 1044 1409 1093 et
1422 1037 1457 1094 da
1472 1053 1504 1096 ea
1518 1039 1601 1093 horas
1616 1052 1723 1105 omnes,
1740 1030 1774 1092 et'

117 1134 214 1197 totum,
230 1131 385 1204 ubicunque
399 1133 462 1202 sint,
485 1125 623 1205 corripient
644 1133 772 1190 officium.

150 1229 179 1283 2.
195 1228 226 1281 ln
241 1228 380 1284 matutinis
393 1229 487 1303 igitur,
502 1230 526 1286 si
540 1230 684 1287 duodecim
705 1231 854 1289 lectionum
869 1231 967 1287 testum
982 1238 1033 1298 est,
1051 1230 1172 1287 inclinati
1187 1239 1301 1298 tautum,
1317 1230 1384 1287 alias
1398 1231 1470 1289 enim
1485 1247 1568 1302 super
1584 1229 1687 1286 lormes
1710 1245 1764 1285 se·

115 1323 180 1388 mel,
193 1325 279 1382 Pater
292 1331 460 1383 nostercum
475 1343 577 1401 magna
591 1327 684 1385 dicunt
698 1329 863 1395 attentione,
879 1328 978 1384 deinde
994 1328 1079 1384 erecti
1093 1328 1217 1383 eamdem
1232 1329 1322 1383 sexies
1337 1335 1461 1399 repetunt
1475 1327 1634 1392 orationem,
1645 1343 1695 1399 per·
1706 1327 1749 1383 sin

115 1418 197 1490 gulas
207 1420 401 1491 supplicantes,
417 1430 444 1479 et
461 1424 555 1480 Gloria
570 1426 652 1482 Patri
666 1424 798 1481 dicentes.
815 1424 920 1480 Deinde
943 1424 1088 1481 considunt
1110 1430 1137 1480 et
1161 1423 1284 1479 eamdem
1299 1417 1450 1479 orationem
1464 1423 1507 1478 bis
1526 1431 1552 1478 ct
1567 1423 1654 1495 vigies
1683 1417 1770 1495 repe?

115 1520 186 1567 tunt.
201 1514 236 1568 Et
250 1522 346 1585 postea
361 1525 507 1589 surgentes
521 1518 645 1575 eamdem
660 1535 722 1576 curn
738 1520 945 1593 supplicatione,
962 1528 999 1589 et,
1013 1521 1108 1577 Gloria
1118 1521 1201 1577 Patri
1214 1520 1304 1576 sexies
1313 1520 1421 1588 iterant,
1432 1536 1464 1577 ac
1478 1521 1608 1592 deinceps
1624 1521 1652 1575 in
1666 1521 1764 1577 stando

115 1620 327 1682 perseverantes
342 1613 428 1685 ipsam
442 1616 568 1673 eamdem
587 1617 646 1673 sine
661 1618 757 1676 Gloria
772 1626 800 1675 et
819 1616 1016 1690 supplicatione
1030 1617 1126 1691 viginti
1140 1624 1167 1673 et
1194 1617 1300 1673 duabus
1314 1617 1420 1674 vicibus
1443 1617 1546 1674 dicunt.
1562 1617 1651 1687 Quam
1678 1618 1760 1674 etiam
1798 1686 1802 1693 Ι

116 1723 167 1779 pro
181 1710 296 1766 collecta
311 1711 396 1768 semel
414 1712 590 1787 subiungant.

151 1810 178 1862 3.
195 1809 259 1864 Post
273 1809 417 1866 matutinas
430 1810 625 1868 adorationem
647 1812 820 1869 constitutam
846 1811 984 1892 festinant.
1002 1810 1091 1880 Quam
1105 1810 1168 1869 ideo
1195 1811 1317 1868 scribere
1341 1810 1477 1880 nolumus,
1499 1811 1572 1883 quia,
1604 1811 1765 1886 vulgaribus

115 1904 219 1974 verbis,
234 1905 294 1961 aliis
309 1907 343 1961 ab
358 1907 418 1963 aliis
433 1908 591 1964 insinuatur.

152 2003 177 2057 t.
195 2004 229 2058 Et
244 2004 308 2076 quia
322 2020 338 2060 a
352 2005 482 2060 Kalendis
497 2005 623 2062 Octobris
640 2002 776 2076 usquead
791 2001 896 2058 Pascha
918 2015 973 2056 non
988 1998 1091 2056 reditur
1104 1999 1139 2055 ad
1152 1998 1248 2064 lectos,
1263 1998 1290 2053 in
1305 2003 1393 2072 spatio
1408 2004 1481 2076 quod
1497 2020 1584 2076 usque
1599 2005 1633 2060 ad
1648 2005 1764 2077 primam
1836 2019 1840 2028 ·

114 2109 245 2167 remanet,
260 2116 309 2172 pra
325 2102 473 2173 quantitate
487 2102 607 2158 noctium
622 2102 734 2174 longum
750 2098 793 2154 vel
808 2098 899 2162 breve,
916 2103 1006 2152 vestes
1021 2111 1083 2150 suas
1097 2102 1186 2164 suunt,
1203 2095 1245 2150 vel
1262 2096 1397 2154 sotulares
1424 2108 1538 2172 ungunt,
1554 2101 1598 2157 vel
1614 2117 1693 2172 rapas
1716 2118 1762 2156 ra·

115 2194 193 2262 dunt,
209 2197 252 2253 vel
268 2198 367 2270 siquid
381 2198 453 2253 aliud
468 2199 508 2254 eis
522 2198 672 2268 injunctum
685 2203 736 2263 est,
753 2195 811 2251 sine
825 2194 940 2266 strepitu
954 2192 1092 2261 duntaxat,
1108 2200 1263 2265 operantur.
1288 2195 1317 2250 Si
1344 2196 1410 2251 nihil
1426 2197 1479 2253 tale
1498 2205 1588 2271 urget,
1617 2179 1765 2255 intendunt

115 2293 234 2349 orationi
254 2303 385 2367 quantum
409 2303 532 2367 possunt.

152 2394 181 2446 5.
200 2393 223 2447 Α
239 2393 344 2449 Pascha
358 2410 445 2466 usque
460 2393 495 2449 ad
509 2392 646 2449 Kalendas
662 2390 788 2449 Octobris
803 2390 930 2446 adlectus
938 2389 1063 2456 redeunt,
1075 2388 1103 2444 in
1116 2403 1170 2461 quo
1183 2396 1240 2445 toto
1251 2390 1380 2461 temporis
1395 2392 1491 2463 spatio,
1508 2400 1568 2449 orto
1591 2393 1650 2449 sole
1674 2393 1765 2465 prima

114 2486 292 2559 pulsaturio
306 2507 396 2547 messe
411 2498 514 2561 tamen,
529 2497 609 2562 prout
623 2488 772 2546 necessitas
786 2487 915 2558 postulat,
935 2486 1024 2543 citius.
1041 2485 1147 2544 libiade
1161 2503 1247 2558 usque
1262 2487 1295 2542 ad
1311 2488 1414 2545 Pascha
1433 2505 1540 2545 summo
1554 2506 1633 2546 mane
1647 2490 1764 2562 primam

113 2585 152 2646 ita
168 2587 298 2660 incipiunt
314 2603 321 2643 ε
337 2589 518 2662 Adjutortnm
533 2588 706 2645 nostrumin
721 2585 836 2641 nomine
850 2584 971 2650 Domini,
983 2583 1032 2656 qni
1045 2585 1115 2655 fecit
1126 2583 1226 2639 catam
1242 2592 1271 2639 et
1283 2589 1412 2653 terram,·
1430 2586 1539 2656 deinde,
1556 2589 1643 2644 Pater
1663 2592 1763 2645 nostra

115 2705 178 2746 curn
204 2686 299 2744 Gloria
316 2687 408 2754 Patri,
425 2692 451 2741 et
467 2684 558 2752 venia,
577 2683 622 2742 vel
637 2681 833 2754 supplicatione
849 2680 999 2737 secundum
1010 2689 1126 2752 tempus,
1143 2680 1221 2736 tertio
1233 2698 1241 2748 ;
1255 2689 1350 2753 quarto
1363 2682 1444 2738 etiam
1455 2700 1506 2754 pro
1523 2684 1647 2742 collecta.
1659 2687 1690 2741 ln
1704 2701 1761 2742 ιω-

115 2785 182 2842 teris
196 2782 272 2839 horis
283 2781 417 2851 similiter,
428 2789 543 2854 excepto
558 2780 631 2855 quad
646 2781 673 2835 in
686 2779 810 2852 vesperis
823 2795 907 2834 unum
923 2778 1030 2833 additur
1044 2781 1130 2834 Pater
1140 2782 1247 2835 noster.
1260 2780 1324 2833 Post
1334 2780 1539 2851 completorium
1549 2781 1635 2839 lectos
1649 2784 1761 2855 adeunt,

112 2889 149 2950 et,
165 2889 193 2936 ut
208 2879 352 2947 dormiant,
370 2886 508 2953 satagunt,
523 2895 558 2935 ne
573 2877 653 2946 iorte,
666 2893 728 2935 curn
745 2875 858 2950 vigilare
878 2875 1032 2945 debuerint,
1061 2875 1180 2931 dormire
1195 2875 1402 2947 compellantur.

796 2999 1082 3056 COMMENTARIUS.

110 3101 203 3158 iacere
217 3097 346 3155 debuisse
367 3099 397 3154 in
419 3099 542 3172 sequenti
557 3097 675 3170 capitulo
689 3096 862 3155 describitur.
880 3096 907 3151 ld
919 3099 946 3158 A
994 3096 1076 3152 Num.
1087 3097 1113 3151 l.
1128 3097 1257 3169 l'eaparas
1268 3099 1299 3153 in
1308 3098 1428 3170 capella,
1440 3097 1649 3164 etc.,undituri.
1662 3098 1759 3158 Adhuc

109 3188 271 3263 provenisse
303 3187 468 3243 arbitramur
491 3204 525 3244 cx
544 3185 732 3243 dissuetudine
756 3185 911 3240 introducta
960 3183 994 3239 de
1010 3182 1125 3255 simplici
1140 3183 1232 3239 auditu
1246 3184 1291 3240 hic
1306 3183 1335 3240 lit
1349 3186 1460 3241 mentio.
1742 3235 1750 3243 .

110 3276 262 3334 edificandi
291 3275 320 3331 in
348 3275 448 3332 nostris
477 3275 604 3331 domibus
637 3274 734 3331 domos
755 3273 908 3329 inferiores.
994 3271 1092 3326 Totum
1107 3272 1159 3327 hoc
1182 3272 1330 3343 capitulum
1353 3273 1469 3329 relatum
1489 3274 1575 3330 habes
1593 3275 1621 3330 in
1640 3275 1757 3350 antiquis

108 3365 188 3425 Unde
203 3364 304 3421 iactum
323 3371 364 3420 est
378 3373 408 3419 ut
421 3379 517 3422 omnes
539 3363 665 3421 conversi
688 3363 717 3417 in
731 3362 813 3417 dorno
829 3378 910 3433 supe·
959 3360 1066 3415 statutis
1080 3367 1156 3431 parte
1171 3375 1212 3426 ιιι,
1229 3375 1290 3432 cap.
1309 3365 1334 3428 l,
1351 3377 1425 3417 num.
1443 3367 1454 3417 l
1473 3371 1500 3418 et
1513 3379 1591 3436 seqq.

110 3453 176 3511 riori
192 3453 338 3509 existentes
351 3451 388 3507 ibi
410 3452 549 3508 nocturnis
564 3450 659 3508 officiis
672 3451 806 3508 interesse
820 3449 908 3505 debe·
994 3447 1061 3503 Car.
1078 3447 1174 3503 XLlll.
1191 3478 1226 3489 -
1240 3449 1322 3503 Num.
1340 3453 1365 3503 l.
1382 3451 1492 3519 Quoties
1505 3456 1610 3509 autem.
1623 3451 1689 3508 lude
1700 3453 1757 3509 evi-

108 3550 179 3609 rent,
200 3540 300 3614 quibus
328 3557 360 3597 ex
392 3547 472 3597 cantu
500 3539 691 3611 prolixioribus
720 3537 834 3605 eflectis,
857 3538 908 3592 ista
957 3536 1026 3592 dens
1038 3544 1080 3592 est
1096 3536 1169 3608 quod
1184 3536 1298 3593 absente
1312 3543 1415 3593 tantuna
1429 3546 1608 3610 procuratore
1618 3547 1681 3596 tunc
1692 3540 1755 3612 ipsi·

107 3645 224 3704 precum
238 3628 374 3687 vocalium
387 3629 530 3700 occupatio
545 3628 584 3684 eis
601 3627 738 3699 assignata
752 3626 811 3694 luit,
826 3642 861 3682 na
879 3626 907 3680 in
956 3633 1012 3680 met
1025 3623 1173 3679 matutinas
1191 3625 1388 3696 persolverent,
1411 3634 1436 3681 et
1451 3641 1501 3696 pro
1516 3626 1628 3697 psalmis
1643 3627 1752 3684 Oratio·

107 3719 204 3785 otium,
220 3727 267 3774 aut
282 3717 400 3785 taedium,
415 3723 459 3772 aut
474 3731 610 3784 somnum,
626 3715 788 3771 durantibus
802 3713 909 3769 matuti-
956 3729 1019 3768 nam
1034 3712 1201 3769 dominicam
1226 3713 1371 3781 haherent,
1388 3713 1462 3769 illam
1477 3714 1619 3770 recitantes
1632 3714 1714 3771 modo
1729 3725 1756 3773 et

108 3808 162 3871 nis,
178 3806 345 3862 deciderent.
956 3817 1071 3857 numero
1095 3801 1141 3873 qni
1165 3801 1208 3857 hic
1230 3801 1397 3873 exprimitur.
1423 3801 1500 3859 Unde
1515 3809 1622 3858 constat
1637 3801 1759 3860 officium·

142 3893 487 3967 lbid.Ktsiquasbabent
506 3890 905 3964 culpascanritentnrddpo·
955 3898 1111 3946 nostrorum
1136 3904 1332 3946 conversorum
1354 3899 1418 3946 tunc
1440 3889 1525 3947 inisse
1554 3891 1635 3964 longe
1664 3892 1754 3949 miuus

107 3991 162 4041 test
176 3981 290 4055 intelligi
313 3989 369 4036 turn
384 3981 418 4038 de
433 3979 604 4038 contessionc
627 3979 823 4046 sacramentali,
849 3986 905 4033 tum
954 3979 1089 4051 prolixum
1106 3995 1187 4052 quam
1201 3993 1273 4034 nuuc
1288 3986 1338 4034 cst.
1354 3979 1424 4035 Nam
1443 3986 1506 4036 tunc
1520 3983 1553 4035 58
1570 3980 1673 4036 vicibus
1686 3980 1754 4037 Ora·

105 4074 142 4130 de
152 4071 261 4144 publica
272 4069 458 4142 recognitione
473 4068 623 4140 culparum,
635 4084 697 4123 nam
707 4075 821 4141 utraque
836 4065 905 4122 solct
955 4068 1055 4124 tionem
1078 4068 1248 4124 Dominicaru
1270 4068 1429 4139 repetebant
1449 4077 1476 4124 et
1490 4072 1523 4126 la
1538 4068 1642 4124 vicibus
1658 4070 1753 4126 Gloria

106 4160 166 4218 lieri
179 4160 250 4232 apud
265 4173 315 4213 nos
328 4165 390 4230 post
404 4157 562 4229 capitulum.
584 4157 703 4213 Sabbata
719 4156 829 4227 quidem
842 4162 905 4227 post
954 4159 1036 4214 Patri
1050 4173 1101 4228 pro
1117 4165 1172 4213 toto
1186 4155 1273 4213 officio
1284 4163 1435 4223 nocturno;
1451 4156 1607 4228 prodiurno
1617 4165 1706 4213 autern
1717 4161 1752 4215 ιδ

106 4248 309 4307 recordationes
323 4246 358 4301 ad
380 4245 579 4302 contessionem
596 4244 818 4301 sacramentalem
833 4252 903 4299 teru-
953 4244 1059 4301 uicibus
1074 4244 1232 4301 Orationem
1246 4244 1428 4310 Dominicam,
1445 4253 1470 4300 et
1488 4248 1522 4302 ill
1538 4246 1632 4302 Gloria
1647 4247 1753 4302 Patri:

102 4354 156 4410 pus
170 4333 310 4392 monachis
323 4334 481 4409 assignatur
496 4349 579 4404 supra
593 4348 654 4406 cap.
669 4337 697 4399 i,
713 4348 787 4388 nurn.
803 4336 831 4390 2.
849 4331 904 4387 Sed
953 4333 1020 4388 nihil
1035 4349 1099 4389 vero
1113 4333 1263 4389 reddebant
1277 4348 1326 4403 pro
1342 4332 1430 4388 officio
1445 4333 1479 4388 de
1494 4334 1524 4387 B.
1541 4333 1636 4389 llario.

105 4426 169 4499 quia
182 4423 309 4481 conversi
323 4431 387 4479 tnnc
402 4438 455 4478 non
471 4423 582 4477 aderant
597 4429 624 4478 et
638 4421 710 4478 circa
720 4420 774 4476 alia
784 4436 901 4492 occupa·
916 4453 942 4514 B
988 4423 1070 4477 Num.
1087 4425 1112 4476 3.
1130 4423 1195 4476 Post
1208 4420 1370 4476 matutinas
1387 4421 1423 4475 ad
1434 4421 1593 4478 orationem
1609 4423 1751 4479 constitu·

102 4516 209 4580 bantur,
232 4513 306 4568 aliud
326 4519 443 4583 tempus,
467 4527 566 4583 nempe
588 4518 649 4582 post
678 4509 837 4581 capitulum,
861 4509 901 4565 eis
953 4513 1023 4574 tarn,
1045 4517 1097 4565 etc.
1121 4508 1170 4564 Kic
1193 4507 1280 4580 agitur
1303 4508 1338 4562 de
1361 4509 1480 4581 quadam
1507 4506 1624 4565 formula
1645 4510 1751 4567 devota)

103 4603 271 4673 assignatur.
951 4597 1081 4653 orationis
1101 4613 1182 4669 quarn
1196 4597 1284 4651 adhuc
1303 4600 1464 4652 maternam
1484 4605 1592 4664 vocant,
1609 4599 1673 4671 quia
1687 4613 1749 4653 rnn-

141 4690 223 4746 Num.
240 4693 266 4746 3.
283 4690 434 4746 danencurt
451 4695 549 4743 autern
569 4687 604 4743 ad
623 4687 830 4759 coquinarium,
847 4694 899 4741 etc.
952 4693 1030 4741 terna
1044 4685 1138 4758 lingua
1154 4684 1192 4755 su,
1208 4693 1233 4740 et
1247 4685 1282 4740 ab
1297 4684 1412 4740 invicem
1429 4684 1504 4740 illam
1517 4686 1671 4742 addiscunt.

104 4780 166 4835 tam
180 4777 298 4834 diximus
312 4777 385 4849 quod
399 4776 571 4850 coquinarius
586 4773 900 4844 eratvelutipraecipuus
985 4774 1068 4831 Num.
1086 4776 1112 4830 i.
1129 4777 1163 4831 Εἰ
1183 4775 1280 4847 qniaa
1299 4772 1433 4829 Kalendis
1453 4773 1587 4841 Octobris,
1611 4782 1663 4830 etc.
1686 4774 1749 4829 Non

104 4881 274 4933 temnamus,
299 4866 345 4937 qui
359 4865 440 4921 etiam
458 4864 533 4920 vices
551 4862 733 4935 procuratoris
747 4862 857 4933 agebat,
873 4869 900 4918 ct
951 4878 1020 4933 opus
1035 4868 1090 4917 erat
1104 4869 1167 4917 tuna
1177 4869 1205 4917 ιιι
1220 4860 1339 4915 redirent
1352 4859 1386 4914 ad
1399 4859 1493 4930 lectos,
1515 4861 1578 4933 quia
1592 4861 1673 4917 ritum
1688 4876 1750 4916 rno-

103 4957 132 5012 in
146 4955 239 5010 multis
252 4954 374 5010 licentias
389 4953 481 5009 dabat.
950 4951 1101 5007 nachorum
1121 4949 1267 5018 imitantes,
1291 4949 1395 5020 absque
1414 4948 1610 5021 interruptione
1623 4951 1747 5012 dormie-

141 5043 210 5099 lbid.
228 5044 267 5099 lbi
281 5059 395 5116 qnoque,
415 5043 501 5098 idest
519 5043 659 5113 superius,
680 5042 753 5096 stant
773 5040 900 5111 ubiqnea
950 5039 1015 5094 bant
1030 5046 1161 5110 quantum
1176 5038 1250 5094 satis.

103 5132 295 5204 completoria,
307 5137 360 5187 eto.
376 5131 574 5204 etacapitnlo,
586 5137 638 5185 etc.
652 5129 755 5184 Sensus
765 5128 836 5183 illius
846 5127 900 5184 loci
984 5127 1054 5182 lhid.
1071 5128 1227 5183 latendunt
1238 5125 1361 5182 orationi
1375 5128 1514 5195 quantum
1531 5135 1658 5199 poscant.
1673 5132 1748 5190 Nihil

102 5228 144 5278 est
159 5221 233 5292 quod
248 5218 343 5276 iratres
363 5219 391 5274 in
404 5219 486 5275 domo
501 5217 636 5289 superiori
651 5217 808 5282 existentes,
824 5232 899 5272 aca·
950 5215 989 5272 eis
1004 5216 1031 5270 in
1045 5217 1096 5271 hac
1111 5223 1187 5286 parto
1201 5213 1283 5269 lixum
1308 5213 1474 5284 assignatur,
1491 5215 1555 5287 quia
1566 5216 1642 5285 juxta
1657 5237 1747 5291 quan-

101 5308 188 5382 pitulo
203 5325 289 5380 usque
309 5316 371 5380 post
384 5323 492 5374 nonam,
515 5306 615 5363 debent
629 5305 726 5362 eodem
741 5305 821 5361 modo
836 5321 899 5360 ser·
950 5305 1053 5360 titatem
1067 5319 1179 5375 operum
1194 5302 1358 5357 manualium
1374 5307 1399 5354 et
1408 5303 1585 5359 necessitates
1601 5322 1749 5366 occurren·

102 5414 170 5456 vare
184 5397 331 5463 silentium,
352 5413 406 5468 quo
430 5395 529 5468 ubique
548 5404 623 5450 extra
642 5395 751 5451 domum
772 5392 899 5464 superio·
948 5399 990 5449 tes
1004 5392 1066 5464 plus
1084 5393 1128 5448 vel
1144 5392 1232 5447 minus
1246 5391 1293 5446 otii
1308 5391 1455 5448 habebant.

101 5502 162 5544 rem
179 5486 336 5555 adstantes,
361 5484 429 5539 illud
442 5499 555 5541 servare
572 5483 703 5542 debente
722 5481 899 5556 completorio
983 5482 1065 5537 Num.
1081 5484 1108 5538 h.
1124 5481 1145 5536 Α
1160 5479 1269 5537 Pascha
1279 5496 1366 5551 usqne
1379 5481 1563 5537 adKatendaa
1576 5479 1700 5540 Octobris
1710 5487 1748 5544 ad

101 5591 190 5654 usqne
203 5581 265 5650 post
277 5572 406 5651 primam.
950 5571 1035 5630 tectos
1050 5569 1181 5638 redeunt,
1198 5575 1249 5625 etc.
1267 5567 1322 5625 Cur
1343 5567 1397 5624 illis
1409 5568 1438 5626 id
1452 5568 1658 5643 permitteretur
1671 5574 1746 5653 quod
