3742 5986
142 165 195 219 att
578 164 750 223 GUIGONIS
773 165 798 221 11
818 159 1023 220 CARTHUSIAE
1045 159 1194 219 attolus
1215 161 1365 220 vlt1oltts.
1745 162 1793 217 t'tc

140 286 283 360 corrigere
311 286 434 358 potestis,
458 289 570 344 tacendo
594 290 684 360 perire
715 288 878 362 permittitis.
908 286 973 344 Sill
988 283 1128 340 revolvere
1143 285 1256 352 debeas,
1272 285 1407 357 prescire
1422 291 1449 342 et
1466 299 1549 356 posse
1565 291 1666 341 nostro
1681 284 1792 343 instrua-

141 376 224 442 enim,
240 375 324 431 frater
341 384 403 431 tuus
417 377 515 432 vulnus
538 377 650 433 haberet
673 378 701 432 in
724 393 840 448 corpore
862 374 936 448 quod
986 388 1056 427 mus.
1074 374 1132 429 lloe
1152 382 1242 429 autem
1264 372 1450 429 indubitanter
1464 373 1535 429 scire
1548 371 1641 428 debes
1665 375 1753 445 (quod
1765 384 1790 431 et

142 463 224 519 vellet
241 462 379 533 occultari,
395 463 458 518 dum
474 464 580 519 timeret
595 466 692 530 secari,
709 481 800 520 nonne
814 463 935 521 crudeli·
985 460 1054 531 ipse,
1074 461 1101 515 ni
1117 461 1246 529 fallimur,
1272 462 1431 534 frequenter
1453 469 1585 533 expertus
1604 460 1651 533 es)
1677 462 1743 533 quia
1764 462 1789 518 in

141 559 181 606 ter
205 566 222 606 a
245 559 271 607 te
300 551 436 618 sileretur,
463 560 489 606 et
504 552 717 608 misericorditer
745 551 936 608 indicaretur?
985 549 1059 604 nullo
1074 549 1209 620 spirituali
1223 550 1352 606 exercitio
1370 550 1495 605 laborem
1509 557 1587 606 certe
1601 551 1751 619 majorem,
1764 560 1789 607 et

140 639 249 707 Quanto
266 654 333 710 ergo
346 639 435 709 potius
449 638 533 694 debes
553 639 736 706 manifestare,
760 657 794 696 ne
817 640 935 697 deterius
984 636 1085 693 luctam
1099 637 1254 710 graviorem
1268 637 1410 704 sentimus,
1436 652 1519 709 quam
1532 652 1599 694 cum
1613 636 1646 691 in
1668 637 1790 695 oratione

139 735 277 799 putrescat
291 728 318 782 in
333 726 439 782 corde?
456 750 467 775 v
483 728 565 793 Eece,
581 729 646 800 quia
660 726 785 785 crudeles
800 737 871 795 sunt,
888 727 934 799 qui
983 724 1162 796 persistimus,
1179 725 1202 780 si
1217 741 1278 782 eam
1293 733 1385 781 tamen
1394 725 1476 781 talem
1489 725 1604 793 habere,
1620 724 1720 798 qualis
1732 726 1788 799 ipsa

139 815 288 886 spiritualia
298 814 408 871 fratrum
425 830 535 870 suorum
551 815 665 871 vulnera
685 815 792 882 celant;
809 823 835 871 et
848 815 933 872 mise·
983 812 1062 868 nobis
1084 821 1126 868 est
1141 813 1295 870 necessaria
1310 813 1463 869 studemus.
1483 812 1554 868 Nam
1569 828 1661 884 supra
1676 813 1785 870 modum

137 902 258 959 ricordcs
272 910 344 970 sunt,
361 903 453 975 quiea
469 911 498 957 ut
512 911 642 958 sanentur
664 903 792 960 indicant.
814 905 882 959 ltem
909 903 933 959 si
983 906 1046 954 tunc
1059 900 1232 972 potissimum
1246 900 1343 973 fatigat
1355 909 1488 972 vexatque
1501 916 1564 968 nos,
1575 910 1603 957 et
1623 916 1732 974 magna
1744 902 1784 957 in-

138 991 267 1063 praelatus
289 990 387 1061 aliquis
402 991 586 1060 subjectorum
610 1007 721 1047 suorum
742 992 861 1064 aliquem
883 1006 932 1062 pro
982 987 1113 1043 stabilitas
1140 989 1232 1045 cordis
1255 988 1353 1054 nostri,
1380 995 1407 1044 et
1429 988 1529 1044 malitia
1553 989 1647 1045 bostis
1672 989 1783 1062 antiqui

136 1078 216 1150 eulpa
238 1092 288 1133 sua
307 1077 384 1149 (quia
404 1085 429 1133 et
449 1079 501 1134 hoc
521 1086 629 1133 tenetur
646 1096 680 1134 ox
698 1077 786 1135 otltrio
805 1086 932 1150 suscepto
982 1075 1076 1131 Sciens
1090 1083 1180 1132 autem
1195 1077 1348 1148 versipellis
1361 1084 1389 1133 et
1401 1076 1555 1133 malitiosus
1570 1076 1630 1145 ille,
1644 1077 1696 1150 qui
1715 1077 1783 1136 mila

135 1165 238 1237 faeere)
259 1165 304 1236 pie
331 1180 364 1221 ac
386 1173 500 1236 paterne
523 1175 552 1220 ιιι
579 1167 739 1222 emendetur
757 1167 929 1239 corripuerit,
981 1162 1062 1219 habet
1089 1173 1163 1220 artes
1184 1164 1311 1234 nocendi,
1338 1181 1390 1235 per
1406 1165 1533 1221 devotam
1557 1181 1646 1236 quam
1670 1165 1784 1223 maxime

134 1270 199 1308 num
211 1263 291 1325 putas
305 1261 333 1309 tu
348 1254 466 1309 eundum
482 1254 508 1308 ei
522 1262 551 1309 ut
566 1255 721 1311 reconciliet
734 1271 764 1310 se
779 1254 855 1309 fratri
869 1271 928 1321 suo,
981 1251 1143 1322 orationem,
1158 1267 1222 1307 suas
1237 1260 1264 1307 et
1278 1252 1399 1309 occultas
1413 1251 1525 1308 fraudes
1534 1252 1645 1327 detegi,
1662 1261 1692 1310 et
1707 1268 1784 1325 aper-

133 1341 158 1396 si
168 1341 250 1396 frater
264 1341 309 1397 ille
323 1341 422 1410 injuste
432 1350 593 1408 commotus,
612 1350 688 1412 putat
703 1359 733 1398 se
743 1351 855 1414 propter
878 1344 930 1399 hoc
980 1347 1022 1392 tas
1038 1339 1110 1395 vires
1125 1339 1275 1407 debellari;
1299 1348 1431 1412 quatenus
1446 1339 1566 1396 fructum
1585 1341 1649 1410 eius
1666 1340 1782 1398 funditus

131 1424 235 1496 aliquid
248 1424 351 1480 habere
371 1424 502 1479 adversus
526 1430 612 1481 eum?
634 1426 695 1481 Non
714 1435 790 1497 puto,
813 1426 861 1492 ais,
878 1426 930 1480 nisi
980 1434 1101 1495 evacuet,
1126 1427 1321 1483 modestiorem
1344 1442 1374 1483 se
1393 1427 1483 1494 nobis,
1508 1427 1701 1501 cogitationes
1725 1437 1781 1487 tunc

132 1513 244 1567 modum
258 1512 286 1566 in
293 1511 466 1581 correptione
480 1513 694 1569 suaexcesserit.
709 1514 767 1569 Nos
781 1522 871 1568 autem
885 1513 929 1568 di·
979 1515 1054 1570 cordi
1067 1522 1161 1570 nostro
1174 1515 1334 1571 immitendo
1356 1515 1473 1582 illicitas,
1489 1514 1602 1572 efficere
1623 1517 1714 1573 solet.
1733 1518 1782 1574 Sed

131 1599 229 1667 cimus,
249 1599 314 1672 quia
327 1615 379 1655 nec
392 1607 465 1655 tune.
489 1600 626 1672 Contingit
646 1618 764 1673 namque
778 1602 962 1691 multoties,B
978 1609 1004 1657 et
1018 1601 1078 1673 ipsa
1091 1602 1263 1669 instabilitas,
1285 1610 1312 1658 et
1333 1603 1458 1675 evagatio
1473 1603 1574 1659 mentis
1595 1612 1708 1662 nostrae
1724 1621 1780 1661 rna·

131 1688 203 1760 quod
212 1687 272 1759 ipse
284 1703 337 1759 quo
355 1687 494 1743 ardentius
509 1688 606 1760 diligit,
622 1705 655 1745 eo
670 1697 697 1744 et
709 1690 789 1745 citius
802 1690 830 1744 in
838 1691 925 1746 corri-
975 1689 1060 1761 gisia
1074 1691 1196 1746 oratione
1211 1690 1348 1762 (utlonge
1362 1691 1488 1762 superius
1510 1706 1576 1747 cum
1596 1708 1710 1767 magrm
1733 1710 1780 1768 ge-

131 1775 232 1847 piendo
246 1774 357 1830 modum
371 1775 486 1830 excedit.
503 1776 573 1831 Nam
593 1776 654 1848 quia
676 1792 756 1832 mens
774 1777 926 1848 prasiden-
975 1777 1043 1832 mitu
1056 1777 1198 1850 conquesti
1213 1778 1319 1850 sumus)
1333 1794 1417 1850 quam
1431 1779 1459 1833 in
1473 1778 1566 1851 aliquo
1580 1780 1640 1836 alio
1657 1782 1781 1839 exercitio

129 1863 173 1929 tis,
191 1871 271 1935 prout
290 1863 373 1918 debet
392 1871 418 1918 et
436 1871 566 1935 quantum
580 1865 661 1920 debet
673 1873 753 1932 amat,
769 1882 844 1921 suam
863 1867 925 1938 ple-

129 1967 245 2023 rumque
263 1952 464 2022 correptionem
484 1952 628 2024 plusquam
651 1953 732 2009 debet
753 1963 922 2027 exaggerat:

127 2055 180 2097 nec
189 2039 224 2095 de
237 2040 327 2111 aliqua
341 2056 371 2095 se
385 2040 467 2095 debet
483 2040 528 2096 hic
543 2041 765 2098 reconciliatione
786 2043 923 2099 intromit-

974 1881 1030 1921 non
1043 1865 1165 1921 devastat
1181 1883 1188 1922 :
1205 1865 1233 1920 in
1261 1874 1363 1921 tantum
1378 1873 1408 1921 ut
1430 1873 1496 1924 tunc
1508 1867 1602 1924 animo
1620 1876 1722 1926 noema
1735 1885 1779 1927 co·

974 1953 1139 2024 gitationum
1159 1954 1317 2021 otiosarum,
1341 1954 1543 2011 immundarum
1565 1964 1593 2011 et
1617 1957 1779 2015 nocivarum

973 2041 1128 2109 multitudo,
1155 2041 1236 2096 etiam
1263 2041 1343 2099 nobis
1366 2041 1520 2098 nolentibus
1543 2050 1572 2099 et
1594 2050 1658 2100 tota
1682 2045 1778 2105 virtute

127 2135 196 2193 tere,
213 2127 276 2199 quia
298 2128 352 2183 boc
372 2127 426 2198 ipsi
450 2127 584 2199 discipulo
611 2129 809 2201 magisobesse
829 2138 924 2201 posset
973 2123 1232 2194 contradicentibus
1247 2140 1280 2180 ex
1294 2125 1447 2196 abruptoet
1459 2133 1612 2198 antequam
1623 2130 1777 2200 praeridcre

127 2230 209 2287 quam
223 2214 369 2286 prodesse.
389 2215 467 2271 Unde
481 2222 509 2270 et
530 2215 571 2271 sic
592 2217 685 2271 beatus
704 2218 871 2290 Augustinus
895 2219 924 2274 in
972 2213 1119 2283 ρῡδὸὶῐῐιῑιὸ,
1137 2229 1167 2268 se
1189 2212 1316 2284 ingemit
1333 2213 1462 2285 &quibus
1484 2213 1593 2270 aliefflss
1617 2223 1649 2272 θῑ
1674 2218 1777 2290 tiulfi&

124 2302 238 2374 praelata
253 2302 348 2373 regula
369 2303 442 2373 (cap.
468 2303 531 2374 tt.)
550 2303 645 2359 scribit
666 2305 701 2360 de
719 2306 781 2372 hoc,
808 2305 922 2377 loquens
971 2300 1032 2355 aliis
1047 2316 1156 2372 quoque
1169 2301 1336 2371 temporibus
1348 2308 1416 2357 erat.
1433 2302 1511 2358 Unde
1523 2303 1774 2363 necessariumno

124 2390 191 2462 ipsis
201 2390 320 2461 praelatis
338 2408 344 2444 :
363 2389 603 2457 ‹Quandoautem
613 2392 761 2449 necessitas
771 2393 922 2465 disciplinae
970 2386 1013 2442 bis
1026 2387 1173 2443 admodum
1186 2403 1248 2443 esse
1264 2388 1393 2455 sciamus,
1419 2396 1448 2443 ut
1471 2404 1534 2446 cum
1558 2390 1613 2445 ista
1637 2391 1711 2448 intra
1726 2409 1774 2451 aaa

123 2478 152 2533 in
166 2478 288 2534 moribus
302 2478 463 2535 coercendis
479 2479 570 2535 elicere
585 2495 634 2536 vos
656 2480 722 2535 dura
740 2482 824 2538 verba
842 2497 920 2538 com·
970 2475 1111 2542 sentimus,
1126 2475 1214 2546 ipsum
1229 2475 1361 2531 miserum
1382 2490 1431 2532 cor
1454 2485 1578 2533 nostmm
1595 2486 1660 2536 teto
1680 2490 1774 2539 conatu

124 2566 209 2638 pellit,
224 2567 247 2621 si
263 2567 345 2621 etiam
360 2581 409 2622 vos
431 2568 542 2622 modum
558 2568 709 2624 excessisse
725 2569 840 2637 sentitis,
865 2585 920 2626 non
970 2563 1139 2618 stabiliamus
1152 2581 1160 2631 ἱ
1171 2571 1196 2619 el
1212 2564 1401 2635 ingerentibus
1415 2580 1445 2620 se
1460 2565 1682 2637 θῡθῑῑδῑῑῡῦἱῧΰδ
1695 2570 1771 2643 ”85³

124 2654 232 2710 evehis
247 2654 363 2726 evigitur
377 2662 433 2709 uto
449 2654 526 2710 vobis
541 2655 655 2710 subditis
677 2657 781 2712 veniam
797 2658 920 2729 postule·
969 2660 995 2706 ev
1010 2651 1097 2706 stultis
1108 2651 1241 2708 inltaerere
1254 2651 1332 2719 illud,
1343 2667 1394 2724 pro
1408 2668 1556 2724 possenna
1567 2656 1769 2725 permittamus.

123 2742 159 2795 tis
174 2760 181 2807 ;
198 2758 232 2796 ne
247 2741 320 2811 apud
329 2757 388 2803 eos,
404 2758 473 2812 quos
488 2751 595 2813 oportet
608 2760 670 2800 esse
685 2745 832 2816 subjectas,
855 2747 920 2801 dum
969 2739 998 2794 Si
1012 2745 1100 2794 aulem
1116 2747 1154 2806 ¹1¹,
1171 2739 1218 2811 qui
1231 2739 1368 2796 habital&
1388 2740 1464 2797 00¹1ae
1476 2756 1516 2808 0⁸2
1540 2742 1615 2799 80ῑῶ
1630 2744 1771 2802 desidem

121 2829 234 2883 nimium
252 2837 375 2884 servatur
397 2828 544 2895 humilitas,
571 2831 682 2903 regendi
706 2832 849 2904 frangatur
871 2849 920 2890 au·
968 2827 1104 2898 quomodo
1132 2842 1199 2899 pure
1228 2842 1308 2883 Orare
1321 2827 1422 2895 valea&
1449 2828 1505 2885 imo
1526 2829 1593 2901 (1⁰58
1618 2831 1706 2901 (Sicut
1719 2833 1768 2906 ὶμί

123 2917 246 2972 ctoritas.
267 2917 320 2972 Sed
338 2923 429 2972 tamen
446 2919 563 2987 petenda
582 2927 623 2973 est
645 2919 725 2974 verda
743 2920 779 2975 ab
797 2922 918 2976 omnium
968 2913 1120 2969 cerlissime
1142 2914 1255 2986 scimus)
1280 2923 1306 2971 θῑ
1333 2915 1461 2974 ardentes
1485 2917 1645 2987 desidem·
1675 2935 1770 2979 00⁰³st

122 3005 248 3071 Domino,
266 3003 398 3076 quinovit
413 3005 494 3060 etiam
517 3022 648 3077 eosquos
670 3006 732 3078 plus
752 3008 824 3077 justo
848 2975 953 3067 soptgc
968 3002 1032 3058 fotis
1049 3001 1153 3057 viribus
1177 3010 1206 3057 ut
1221 3003 1280 3059 haec
1303 3010 1418 3074 quatuor
1439 3005 1572 3061 ordilonis
1594 3015 1722 3081 tempore
1741 3011 1768 3066 in

122 3093 266 3166 corripitis,
289 3102 385 3165 quanta
408 3093 598 3150 benevolentia
614 3096 747 3168 diligatis.
769 3097 831 3153 Non
845 3099 917 3153 enim
966 3088 1129 3160 cogilalifflle
1143 3097 1190 3145 1¹18
1204 3089 1328 3147 revolvas
1338 3099 1365 3146 θῑ
1375 3091 1449 3147 illum
1459 3091 1587 3151 Videlicet
1598 3112 1685 3168 quem
1697 3114 1767 3167 orta,

122 3181 249 3247 carnalis,
262 3182 311 3236 sed
326 3181 474 3251 spiritualis
488 3182 559 3237 inter
574 3199 622 3238 voa
649 3184 732 3240 debet
750 3201 812 3240 esse
837 3186 918 3241 dilec·
966 3185 992 3232 0¹
1005 3177 1081 3231 illum
1095 3192 1144 3248 pel
1157 3193 1238 3249 (luem
1253 3193 1327 3247 ⁰¹⁸⁸&
1342 3186 1369 3234 θῑ
1382 3178 1449 3234 illud
1463 3180 1538 3252 ‘1¹¹⁰‘l
1552 3197 1631 3251 ΟΜ,
1647 3192 1675 3241 ei
1688 3193 1716 3242 ²0
1725 3185 1767 3258 i1³·

122 3270 169 3325 tio.
189 3293 200 3318 n
218 3269 298 3324 Certe
318 3268 386 3324 side
406 3270 551 3326 manubrio
574 3271 601 3325 in
625 3273 742 3328 caesione
766 3273 915 3346 lignorum,
966 3280 1025 3319 ⁵⁰¹¹]
1040 3264 1087 3335 <lui
1110 3279 1182 3320 ΟΜ·
1200 3264 1356 3337 01>0rl⁰iul
1370 3275 1508 3323 cortuum
1522 3269 1606 3327 Valde
1621 3270 1764 3343 lfllumsit,

121 3357 224 3413 ferrum
244 3357 386 3424 exsiliens,
403 3357 519 3413 amicum
540 3360 707 3429 percusserit
731 3368 757 3417 et
776 3361 915 3430 occiderit,
965 3360 1098 3425 quatenus
1113 3353 1171 3408 haec
1191 3352 1220 3408 in
1244 3369 1275 3408 ⁸0
1290 3355 1501 3425 qss³2110r⁸imul
1529 3361 1767 3430 comprehendere

121 3445 226 3501 amicus
241 3445 296 3512 ille,
312 3452 339 3501 et
354 3453 445 3502 tamen
459 3447 566 3502 occisor
581 3447 674 3517 amici,
695 3449 789 3505 vivere
804 3451 914 3521 poterit,

121 3533 144 3588 si
159 3534 194 3589 ad
218 3550 298 3589 unam
312 3533 394 3589 trium
412 3534 519 3589 urbium
544 3534 643 3607 fugerit
658 3538 751 3609 (Dent.
767 3541 843 3610 xtx).
875 3540 916 3594 lta

118 3621 245 3689 dicimus,
261 3622 286 3676 si
298 3622 458 3693 simpliciter
468 3623 504 3678 ad
514 3623 609 3679 silvam
622 3624 728 3681 abierit.
739 3627 773 3681 llt
782 3627 840 3683 ltaec
853 3628 915 3685 ideo

119 3709 247 3778 diximus,
261 3717 291 3765 ut
304 3710 424 3766 sciamus
438 3711 532 3782 quales
555 3712 589 3768 ad
614 3712 764 3770 orationem
786 3716 915 3774 accedere

119 3796 280 3854 debeamus.

330 3963 530 4020 caelibatui
561 3965 679 4022 XXXV.

117 4107 157 4163 lte
171 4109 292 4179 quatuor
305 4108 511 4177 cogitationum
525 4109 673 4233 genetibus
686 4127 748 4183 qoae
767 4113 846 4171 nobis
860 4131 912 4172 ae-

153 4177 306 4234 ceraoriom
316 4181 358 4233 cst
372 4178 404 4232 ia
418 4182 515 4234 meritc
544 4180 635 4249 obera,
651 4183 676 4236 ai
685 4197 757 4253 pore
772 4187 800 4240 et
815 4185 912 4242 devote

152 4253 236 4320 atque
249 4243 395 4318 [metticae
405 4249 555 4306 Dominum
570 4252 697 4308 volamus
713 4269 804 4310 ororc.

965 3439 1065 3510 possit.
1086 3439 1109 3496 0
1125 3454 1207 3511 quam
1221 3440 1299 3498 lactus
1323 3449 1382 3497 erat
1397 3442 1469 3499 beati
1487 3444 1630 3503 Benedicti
1644 3449 1764 3519 animus,

965 3527 1009 3583 cui
1033 3527 1122 3583 oranti
1144 3535 1171 3583 et
1189 3527 1291 3584 videnti
1304 3529 1339 3584 ad
1356 3530 1457 3586 coelum
1475 3530 1542 3587 ferri
1556 3534 1678 3591 animam
1702 3551 1765 3593 aaa·

964 3621 1037 3671 ctam
1051 3614 1140 3670 visum
1155 3622 1196 3670 est
1222 3616 1300 3687 quasi
1314 3624 1386 3672 totus
1400 3626 1474 3675 esset
1486 3620 1539 3675 sub
1552 3637 1610 3678 uno
1634 3624 1703 3680 solia
1717 3641 1763 3682 ra·

963 3701 1009 3758 dio
1023 3702 1138 3757 mundus
1150 3702 1280 3760 collectus
1296 3721 1304 3762 :
1319 3712 1350 3760 ut
1363 3705 1505 3764 evidenter
1513 3720 1682 3782 agnosceret
1700 3713 1764 3786 qnia

962 3788 1001 3844 illi
1015 3804 1032 3845 a
1046 3805 1100 3862 quo
1114 3790 1297 3848 universitatis
1320 3793 1426 3849 videtur
1443 3802 1560 3865 creator,
1585 3808 1710 3874 angusta
1723 3810 1763 3860 cat

963 3877 1051 3934 omnis
1066 3885 1198 3934 ereatura.
1213 3881 1308 3951 ltaque
1331 3889 1360 3936 tu
1383 3882 1494 3954 quando
1515 3900 1588 3955 oras,
1616 3886 1694 3944 illum
1708 3906 1764 3961 pra

962 3966 1048 4022 oculis
1061 3966 1153 4023 cordis
1163 3966 1202 4023 tui
1215 3968 1327 4036 babeas,
1340 3985 1420 4041 quem
1435 3986 1511 4028 oras.
1529 3974 1637 4046 thuis
1647 3975 1697 4034 ille
1710 3979 1764 4036 nisi

960 4052 1020 4125 ipse
1035 4055 1132 4111 Deus?
1154 4053 1235 4124 Quid,
1257 4055 1298 4112 ais
1320 4057 1449 4130 cogitabo
1469 4074 1533 4118 cum
1555 4062 1647 4120 Deum
1670 4082 1762 4123 meum

961 4141 1107 4212 cogitabo?
1120 4142 1177 4198 Nos
1190 4151 1279 4199 autem
1293 4146 1490 4216 respondemus
1504 4147 1563 4218 tibi,
1579 4153 1646 4224 quia
1669 4154 1724 4213 hoc
1739 4163 1765 4213 te

960 4229 1049 4302 magis
1063 4229 1172 4287 docebit
1186 4232 1320 4305 magistra
1334 4250 1394 4306 quae
1409 4234 1488 4292 docet
1506 4237 1543 4294 de
1555 4241 1689 4298 omnibus
1708 4260 1762 4300 un·

921 4321 948 4381 1)
962 4317 1027 4385 ctio,
1044 4333 1125 4390 quam
1148 4318 1240 4392 aliqua
1254 4321 1373 4377 humana
1387 4323 1514 4382 eruditio.
1530 4326 1594 4399 lpsa
1608 4336 1637 4386 te
1650 4330 1764 4388 docebit

151 4387 234 4453 Ecce,
256 4396 381 4460 exparte
403 4389 491 4462 aliqua
515 4391 556 4460 (ut
577 4391 752 4465 arbitramur)
777 4394 911 4463 trabeata
960 4404 1052 4462 unctio
1075 4405 1196 4479 cogitare
1211 4408 1298 4464 Deum
1312 4416 1389 4466 tuum
1403 4414 1540 4484 quandam
1554 4416 1761 4488 sempitemim.

117 4475 163 4545 qni
186 4475 294 4530 habitor
315 4477 400 4543 ‚cellae
419 4493 459 4546 es,
475 4479 585 4550 qualem
606 4488 632 4536 te
656 4481 758 4537 debeas
782 4499 833 4554 per
851 4500 911 4556 gra·
961 4499 1025 4559 tem,
1039 4492 1165 4564 quianec
1178 4494 1285 4551 initium
1298 4513 1349 4554 nee
1364 4497 1441 4568 finis3
1457 4501 1597 4572 quandam
1611 4504 1760 4565 immensi-

115 4562 179 4617 tiam
193 4563 242 4618 Dei
257 4579 422 4635 praeparare,
446 4581 508 4622 eum
523 4567 557 4621 ad
572 4568 704 4623 orandum
726 4571 812 4626 Deum
836 4580 910 4628 tuum
958 4587 1053 4648 tatem,
1069 4580 1133 4652 quia
1146 4582 1237 4638 nullus
1250 4582 1351 4653 locus;
1376 4588 1521 4659 quamdam
1542 4590 1760 4653 incommutabi-

113 4650 244 4722 proponis
261 4652 392 4708 accedere
414 4655 484 4724 (cap.
499 4655 558 4721 35).
586 4653 722 4728 Quidquid
736 4658 771 4714 de
785 4659 909 4716 oratioue
957 4667 1069 4738 litatem,
1085 4668 1149 4740 quia
1163 4671 1268 4726 nullam
1278 4680 1404 4744 tempus;
1419 4677 1566 4749 quamdam
1580 4681 1759 4754 omnipoten-

112 4737 239 4806 diximas,
256 4747 283 4795 et
304 4740 392 4796 adhuc
408 4740 523 4797 fortasse
544 4741 674 4812 dicemus,
699 4745 735 4800 ad
752 4745 829 4802 illum
853 4747 907 4803 flu·
957 4755 1032 4823 tiam,
1049 4758 1194 4829 quamdam
1209 4759 1388 4831 charitatem,
1410 4779 1509 4835 pacem
1533 4783 1596 4838 quan
1611 4780 1760 4843 exsuperat

110 4826 185 4881 vium
202 4827 309 4883 tertium
331 4827 482 4896 referimus,
509 4830 601 4901 quiet
622 4832 656 4888 de
677 4833 738 4889 loco
760 4834 907 4906 voluptatis
956 4857 1065 4899 omnem
1092 4861 1212 4913 sensum,
1241 4848 1342 4920 ubique
1369 4852 1551 4910 essentialiter
1576 4867 1756 4928 praeeuntem,

110 4915 258 4987 egreditur,
275 4924 300 4972 et
314 4917 402 4989 Tigris
417 4926 544 4986 vocatum
561 4919 595 4975 de
611 4937 664 4991 quo
679 4921 829 4993 etlegivnus
843 4924 906 4995 quia
954 4947 1036 5004 quern
1050 4939 1077 4988 et
1091 4933 1271 4991 desiderando
1285 4952 1416 5006 amanma,
1434 4946 1461 4996 et
1475 4941 1593 4999 amando
1609 4944 1757 5004 desidera·

108 5001 183 5058 vadit
197 5012 290 5059 eontra
305 5004 442 5074 Assyrios.
459 5007 510 5061 Diu
529 5006 557 5060 in
571 5023 604 5064 eo
618 5010 715 5064 morati
733 5027 826 5065 sumus
841 5013 905 5083 quia
953 5034 1031 5086 mus,
1056 5021 1268 5092 complectentes
1294 5040 1356 5080 eum
1380 5027 1458 5099 quasi
1486 5029 1650 5103 quibusdam
1684 5035 1756 5092 ulnis

108 5088 283 5160 obmagnam
300 5092 428 5147 nimirum
443 5094 502 5162 ejus
523 5102 577 5148 tam
592 5096 802 5166 profunditatem
822 5115 903 5171 quam
953 5107 1054 5163 sinceri
1077 5109 1186 5177 amoris,
1218 5111 1253 5167 de
1281 5129 1336 5185 que
1359 5115 1461 5172 scimus
1482 5118 1556 5189 quod
1581 5121 1755 5194 magnitudi-

106 5175 284 5246 latitudinem,
314 5181 368 5235 cito
396 5197 457 5236 eum
484 5183 651 5253 pertransire
678 5200 732 5240 non
753 5187 900 5257 potuimus.
951 5194 994 5248 nis
1022 5195 1080 5265 ejus
1107 5213 1162 5253 non
1190 5206 1232 5253 est
1260 5198 1331 5257 finis.
1348 5203 1426 5259 llunc
1450 5204 1552 5278 cogitet
1581 5206 1612 5263 in
1630 5211 1755 5268 emtione

103 5264 284 5321 Nuneautem
299 5273 327 5321 tu
341 5269 451 5338 quaeris,
467 5277 497 5324 ut
512 5276 539 5324 te
553 5271 625 5341 quod
640 5273 766 5343 superius
780 5276 901 5333 seeundo
949 5298 1028 5338 mens
1056 5293 1110 5352 tua,
1140 5286 1221 5342 dilata
1244 5287 1272 5343 in
1300 5305 1393 5348 amore
1413 5291 1496 5364 illius,
1524 5301 1554 5349 ut
1580 5311 1652 5367 pure
1681 5308 1753 5368 oret,

102 5351 165 5409 loco
193 5353 342 5425 posuimus,
366 5356 482 5427 qualiter
503 5357 631 5414 videlicet
645 5359 673 5414 in
696 5360 757 5431 ipsa
777 5364 900 5421 oratione
949 5386 1066 5443 eumque
1080 5373 1131 5428 sibi
1145 5374 1196 5431 soli
1211 5376 1497 5451 solumreproesentet.
1511 5381 1593 5439 lllum
1603 5401 1701 5443 coram
1717 5396 1754 5456 te,

100 5440 259 5512 persistere,
289 5450 316 5499 et
335 5443 482 5516 quidintra
496 5451 523 5502 tc
537 5445 602 5502 hora
621 5445 667 5503 illa
689 5447 717 5503 in
735 5450 898 5523 cogitatione
948 5466 975 5515 et
989 5466 1016 5517 tc
1029 5475 1123 5519 coram
1138 5463 1184 5520 illo
1207 5471 1316 5537 statue3
1332 5475 1359 5525 et
1377 5484 1437 5540 pra
1456 5485 1677 5549 magnoamore,
1699 5491 1754 5550 quo
