3750 5984
66 256 136 309 totto
748 257 840 315 vira.
857 286 892 299 -
905 255 970 313 ΗΒ.
991 257 1036 314 IV.
1654 262 1723 316 l⁰l0

67 379 129 434 dus.
148 378 236 434 illinus
251 395 315 435 vcro
326 379 391 446 dixi,
408 380 521 453 steterit,
545 396 607 438 eum
622 382 676 438 buc
689 389 715 437 et
730 381 792 438 illuc
807 380 903 443 dis-A
916 380 1027 436 tradidit
1040 388 1158 438 mortem
1173 382 1232 438 solo
1254 383 1435 455 anathemate,
1459 383 1505 456 qui
1529 383 1584 440 fine
1599 385 1727 444 horribili

68 468 204 524 currendo
219 468 340 540 gladium
356 469 466 541 spiritns
490 478 546 526 tota
560 488 622 526 cum
646 471 770 527 libertate
786 471 813 525 in
828 471 872 526 fn·
922 470 957 526 de
972 472 1022 527 hac
1038 472 1098 527 luce
1114 471 1277 546 migrarunt,
1292 489 1395 544 paucos
1409 473 1529 545 exempli
1543 475 1632 546 gratia
1647 489 1725 532 com-

66 565 173 615 rentes.
189 566 214 612 et
246 556 392 614 frementes
414 559 614 630 conspiratores
638 576 688 615 seu
721 560 871 615 intrusores
920 575 1074 616 memorare
1088 576 1143 616 non
1159 562 1211 616 erit
1226 561 1330 617 inutile.
1344 563 1409 617 Erat
1424 562 1451 617 in
1467 562 1603 619 territorio
1618 564 1725 621 Lincol·

65 645 224 712 vibraverit,
241 646 354 702 tradens
374 656 547 703 contumaces
569 649 677 705 Satanas
691 649 719 703 in
733 648 871 705 interitum
920 648 1009 704 nicusi
1025 649 1104 704 miles
1127 649 1237 722 quidam
1258 651 1314 720 jam
1338 651 1516 722 provectioris
1539 653 1635 721 aetatis,
1662 670 1726 710 uxe

66 735 165 800 camis,
182 743 210 789 ut
222 735 335 806 spiritus
351 736 443 792 salvus
462 734 539 793 deret
549 736 577 791 in
592 737 635 793 die
651 737 759 793 Domini
774 738 797 808 (f
808 737 869 795 Cor.
920 753 979 793 rem
994 738 1098 794 liabens
1114 739 1246 795 sterilem.
1264 739 1388 796 ilabebat
1402 755 1509 813 quoque
1523 740 1632 798 fratrem
1646 759 1725 816 eaque

66 840 96 890 v,
120 825 158 895 5).
185 824 269 893 Cujus
291 839 324 880 eo
349 825 503 881 constantia
528 824 670 881 sublimius
685 826 794 882 emicuit
818 842 873 898 quo
919 827 1032 882 militem
1047 827 1209 887 industrium
1226 837 1251 884 et
1274 830 1446 900 prudentem,
1469 832 1619 902 quemjure
1633 833 1724 890 haere-

66 911 168 967 ibidem
182 911 301 968 virorum
317 911 426 969 fortium
445 914 530 970 robur
553 914 691 970 formidini
716 914 871 971 evidentius
920 914 1029 985 ditario,
1044 915 1066 970 si
1078 915 1182 989 absque
1198 917 1292 973 liberis
1302 918 1347 974 ille
1363 918 1520 986 decederet,
1536 920 1725 979 habiturusvi·

66 1000 159 1065 cessit,
176 1016 263 1073 eoque
278 1001 352 1056 illius
374 1001 537 1058 confidentia
555 1003 684 1058 illustrius
706 1003 870 1076 claruitque
920 1003 1248 1063 debatursuccessorem.
1262 1007 1500 1064 invidebatautem
1511 1008 1722 1080 lruieuxorsua,

66 1105 178 1144 suorum
194 1089 341 1145 diffidentia
356 1090 486 1146 comitum
498 1099 524 1147 et
538 1091 693 1148 officialium
708 1093 736 1147 in
751 1100 825 1147 tauto
841 1110 870 1150 se
919 1109 1020 1149 verens
1036 1111 1070 1150 nc
1087 1093 1156 1151 forte
1170 1096 1280 1151 viduata
1305 1097 1401 1153 marito
1426 1099 1476 1154 sub
1496 1098 1570 1155 illius
1583 1100 1725 1156 deveniret

66 1178 222 1233 discrimine
237 1179 357 1250 apertius
371 1179 504 1251 probavit.
521 1180 569 1236 His
585 1197 704 1252 namque
718 1197 771 1236 nun
788 1182 870 1237 modo

65 1258 98 1321 ad
113 1283 174 1322 aras
190 1266 339 1339 confugere
358 1284 454 1339 parum
467 1267 525 1339 fuit,
542 1269 596 1324 imo
612 1270 696 1324 etsub
712 1269 778 1341 ipsis
794 1287 870 1326 men·

72 1357 110 1410 sis
124 1355 275 1412 Dominicis
290 1373 320 1412 se
333 1357 501 1413 abscondere
515 1357 658 1412 videbatur
669 1358 758 1413 rninus
773 1367 868 1414 tutum.

70 1443 175 1511 Quibus
187 1444 221 1498 ita
233 1444 452 1518 confugientibus
461 1452 487 1501 et
495 1445 611 1501 latebras
623 1445 777 1502 foventibus
787 1446 867 1520 Hugo

67 1532 228 1604 persistebat
244 1532 327 1599 solus,
344 1534 521 1606 cedebatque
535 1533 615 1589 labiis
631 1535 795 1591 intentantes
809 1551 869 1591 cer-

67 1621 171 1678 vicibus
186 1622 243 1676 suis
259 1621 374 1695 gladios.
392 1623 475 1692 Cuius
489 1623 658 1696 magnanimi
668 1624 806 1689 audentia,
819 1639 869 1680 nec

921 1181 1098 1251 dominatum,
1118 1200 1187 1256 erga
1202 1201 1282 1256 quem
1302 1185 1429 1257 placitum
1440 1203 1579 1261 nunquam
1593 1189 1727 1260 gessisset

919 1263 1054 1321 allectum.
1071 1267 1206 1339 Nequitias
1230 1268 1314 1340 igitur
1336 1269 1454 1341 vipereae
1477 1272 1548 1328 dolis
1561 1272 1679 1339 incitata,
1695 1280 1725 1328 ut

920 1354 1153 1427 eiconsequendae
1163 1357 1329 1412 hereditatis
1339 1360 1519 1429 praecluderet
1532 1361 1642 1430 aditum,
1660 1361 1724 1434 quia

919 1451 1028 1513 partum
1042 1460 1096 1499 nun
1112 1445 1232 1501 habebat
1247 1447 1397 1518 proprium,
1424 1451 1566 1521 supposuit
1591 1451 1642 1505 sibi
1657 1451 1724 1507 alie·

919 1548 985 1586 num
999 1533 1083 1603 (133).
1103 1534 1220 1590 Refertis
1235 1536 1369 1608 siquidem
1392 1554 1424 1594 ac
1438 1540 1603 1596 tumentibus
1618 1540 1724 1597 interna

920 1619 1016 1676 fraude
1040 1621 1193 1678 visceribus
1212 1625 1330 1680 cervical
1351 1627 1491 1699 praecingit
1515 1628 1658 1684 exterius?
1678 1628 1723 1685 Si-

64 1727 119 1766 non
136 1720 161 1766 et
175 1710 376 1783 protegentium
393 1728 422 1767 se
446 1710 604 1785 angelorum
628 1713 752 1768 custodia
767 1713 906 1804 ipsius-B
919 1710 1003 1764 mulat
1019 1726 1127 1783 quoque
1150 1718 1258 1767 uterum
1282 1714 1463 1772 intumescere
1486 1718 1642 1789 puerperio,
1663 1734 1724 1790 quas

65 1816 117 1871 que
133 1800 232 1856 divinae
246 1800 351 1856 virtutis
366 1809 504 1856 armatura
528 1799 606 1858 fracti
622 1809 649 1857 ct
665 1800 780 1871 confusi,
797 1802 870 1873 apud
922 1798 1092 1855 solummodo
1107 1800 1211 1856 scelere
1225 1800 1360 1858 fetabatur
1378 1802 1501 1861 infando.
1522 1806 1609 1876 lliles,
1626 1807 1654 1860 in
1673 1822 1723 1862 cu-

64 1888 230 1945 Liucolniam
246 1896 300 1943 tam
315 1889 406 1945 clerici
422 1905 504 1962 quam
517 1889 591 1957 laici,
614 1890 686 1961 apud
700 1890 871 1946 Hollandiam
918 1887 964 1956 jus
987 1888 1170 1958 praeJudicium
1205 1898 1323 1946 versutae
1355 1892 1530 1965 malignitatis
1553 1895 1725 1966 componitur

63 1977 163 2033 milites
187 1984 213 2033 at
249 1977 389 2051 armigeri,
420 1979 492 2050 apud
519 1979 736 2035 Northantonam
763 1995 870 2052 quoque
923 1977 1045 2046 stropha,
1063 1976 1155 2032 dolum
1173 1978 1226 2032 sibi
1241 1979 1309 2033 strui
1333 1979 1550 2051 deprehendens,
1574 1983 1621 2038 sed
1641 1981 1723 2038 artifi-

65 2067 215 2139 burgenses
244 2065 275 2139 [i.
303 2084 327 2123 a.
356 2065 451 2140 cives],
485 2061 584 2123 infensi
613 2075 752 2124 cesserunt
780 2068 873 2139 plures
920 2079 981 2120 cem
991 2064 1046 2120 doli
1062 2081 1117 2121 uon
1127 2067 1291 2123 convincere
1303 2084 1353 2124 nec
1364 2069 1492 2125 cohibere
1502 2068 1648 2139 sufficiens,
1665 2088 1724 2127 rem

63 2156 120 2225 uni,
137 2156 279 2212 sevientes
293 2156 360 2225 miti,
388 2164 413 2212 et
433 2155 578 2229 tranquillo
591 2157 700 2213 turbati.
920 2152 1007 2208 defert
1040 2154 1075 2208 ad
1099 2154 1220 2210 notitiam
1245 2157 1405 2214 amicornm.
1434 2158 1557 2214 llimatur
1581 2160 1723 2217 sollicitius

100 2244 178 2316 Apud
188 2244 359 2300 Hollandiam
376 2253 476 2313 tamen,
494 2246 566 2317 quod
583 2246 801 2318 pratereundum
815 2262 870 2302 non
920 2241 1026 2298 consilii
1042 2244 1202 2312 remedium,
1219 2245 1268 2300 sed
1287 2245 1399 2302 minime
1415 2248 1515 2319 reperit
1529 2257 1721 2320 opportunum.

64 2342 115 2398 est,
137 2333 302 2389 Wilbelmus
327 2335 361 2389 de
383 2334 499 2403 Avelim,
530 2334 712 2391 consobrinus
735 2335 866 2407 episcopi,

64 2423 144 2478 miles
169 2422 328 2491 acerrimus,
355 2423 484 2495 generosi
510 2424 652 2497 sanguinis
676 2440 744 2480 vona
767 2423 870 2480 incale-

66 2528 164 2578 scens,
191 2528 252 2568 cum
280 2512 374 2569 stricto
401 2528 533 2569 mucrone
560 2513 670 2585 quidam
698 2522 867 2568 armatorum

65 2599 222 2672 pontificem
236 2601 341 2657 funesta
356 2609 467 2672 pararet
493 2601 575 2658 ferire
597 2601 721 2670 andacia,
735 2602 791 2672 jam
807 2618 869 2673 per-

66 2706 182 2746 cussuro
197 2707 226 2746 se
241 2689 347 2746 fortiter
361 2690 470 2759 objecit.
500 2690 548 2747 Cui
571 2690 651 2746 ctiam
665 2691 692 2746 vi
708 2706 809 2764 magna
825 2709 867 2746 ex·

64 2786 194 2850 torquens
208 2779 339 2852 gladium,
362 2780 414 2835 nisi
442 2780 633 2851 prohiberetur
647 2796 662 2835 a
676 2779 794 2851 praesule
821 2780 866 2835 di-

61 2868 189 2936 strictins,
207 2884 269 2923 eum
284 2869 386 2941 absque
401 2868 515 2924 vulnere
529 2868 605 2924 abire
624 2884 678 2924 non
693 2868 810 2925 sivisset.

97 2958 137 3012 lta
147 2973 214 3012 vero
229 2966 338 3028 paratus
353 2965 412 3013 erat
423 2959 502 3030 llugo
513 2958 588 3027 juxta
603 2956 717 3013 formam
732 2957 865 3028 apostuli-

919 2331 1025 2387 lnterea
1037 2331 1134 2387 mulier
1148 2333 1287 2389 decumbit
1307 2334 1387 2404 lecto,
1404 2343 1430 2391 et
1445 2335 1515 2392 fictae
1535 2336 1723 2408 parturitionis

918 2418 1041 2492 indulget
1064 2421 1196 2492 suspiriis.
1222 2421 1371 2491 Quaesitum
1394 2441 1459 2480 vero
1478 2440 1494 2480 a
1514 2425 1574 2481 vico
1596 2426 1722 2497 proximo

918 2508 1085 2565 mulierculae
1114 2510 1252 2589 cujusdam
1282 2528 1378 2568 recens
1400 2520 1491 2568 natam
1513 2514 1619 2586 prolem
1640 2515 1722 2571 femi-

917 2611 998 2652 neam
1022 2598 1051 2653 in
1075 2598 1216 2669 publicum
1240 2600 1305 2665 edit,
1336 2616 1369 2657 ac
1390 2602 1505 2659 velutin
1531 2619 1561 2658 se
1588 2605 1723 2660 veraciter

917 2684 1024 2740 enixam
1040 2686 1113 2742 omni
1135 2703 1198 2743 cum
1210 2689 1351 2763 diligentia
1362 2690 1511 2746 studiosius
1522 2691 1628 2748 enutrit.
1638 2692 1722 2762 Cujus

917 2773 999 2828 etiam
1022 2775 1157 2831 veriorem
1178 2776 1213 2832 ad
1235 2794 1264 2833 se
1288 2777 1432 2834 accersivit
1447 2779 1616 2852 genitricem,
1642 2781 1722 2853 eique

917 2862 1051 2918 nutriendi
1065 2863 1189 2937 pignoris
1212 2865 1317 2937 proprii
1341 2867 1479 2938 delegavit
1501 2868 1720 2925 sollicitudinem.

951 2951 1022 3006 Dum
1038 2952 1102 3008 talia
1114 2962 1244 3025 geruntur
1263 2969 1318 3010 non
1340 2955 1466 3026 procula
1490 2956 1638 3020 Lincolnia,
1655 2973 1721 3013 con·

61 3062 131 3111 cam,
144 3061 253 3103 omnem
267 3046 296 3101 in
311 3046 404 3119 gladio
419 3045 531 3117 spiritus
545 3045 639 3102 ulcisci
654 3046 865 3101 inobedientiam
915 3038 976 3112 ligii
990 3039 1092 3096 instare
1104 3042 1160 3111 iam
1175 3042 1392 3100 Resurrectionis
1406 3043 1556 3100 Dominicis
1571 3043 1641 3100 testa
1654 3061 1719 3117 pas·

61 3134 100 3206 (ll
115 3134 179 3192 Cor.
199 3149 229 3201 x,
246 3134 285 3206 6),
301 3134 339 3190 ita
354 3150 464 3206 quoque
479 3134 538 3202 eius
553 3133 649 3190 ultioni
666 3133 865 3190 animadversio
881 3104 1016 3184 chalio.
1032 3129 1268 3203 Accedensigltur
1280 3130 1370 3197 miles,
1382 3131 1508 3188 muliebri
1518 3132 1720 3190 circumventus

63 3224 183 3280 celerem
198 3222 385 3280 subinferebat
404 3222 562 3288 vindictam,
579 3231 607 3278 ut
622 3222 650 3278 in
665 3223 752 3278 Deum
767 3230 865 3280 contu·
914 3215 1022 3284 astutia,
1060 3218 1094 3273 ad
1128 3216 1293 3289 pontificem,
1324 3219 1533 3291 astipulantibus
1569 3221 1621 3277 sibi
1655 3222 1720 3279 viris

64 3313 177 3367 maciter
191 3312 421 3385 delinquentibus,
438 3313 507 3368 sicut
521 3311 580 3383 ipse
594 3311 749 3368 nullatenus
763 3327 864 3383 parce·
914 3305 1051 3374 discretis,
1067 3322 1136 3379 quos
1158 3306 1227 3363 fama
1249 3307 1349 3365 certior
1363 3309 1431 3364 tanti
1455 3309 1619 3382 perflaverat
1633 3312 1720 3368 male·

66 3409 115 3467 ret,
130 3401 170 3456 sic
181 3417 371 3473 quemcunque
388 3400 447 3457 zelo
458 3400 580 3471 justitiae,
592 3400 865 3472 spiritualimucrone
913 3395 977 3466 ficii,
993 3412 1103 3452 omnem
1119 3397 1158 3452 rei
1180 3397 1285 3454 cunctis
1306 3397 1480 3454 audientibus
1504 3400 1574 3456 adeo
1586 3409 1720 3472 suspecta

65 3490 125 3562 ipse
140 3489 310 3560 percelleret,
328 3489 381 3544 nisi
409 3489 488 3545 citius
515 3488 698 3561 resipisceret,
728 3491 866 3562 corporali
914 3485 1008 3558 pandit
1023 3486 1166 3541 rationem.
1183 3487 1240 3542 Nec
1255 3502 1329 3552 vero,
1346 3487 1488 3556 cujusnam
1502 3497 1576 3545 esset
1588 3487 1653 3557 filia,
1670 3506 1719 3546 seu

63 3577 166 3650 pariter
180 3577 263 3634 exitro
287 3577 421 3635 interiret.
450 3577 520 3634 ilinc
548 3577 663 3635 rebelles
691 3595 813 3650 quosque
839 3585 865 3635 et
915 3574 1146 3647 quemadmodum
1174 3590 1191 3630 a
1236 3575 1305 3631 falsa
1333 3576 1467 3648 genitrice
1496 3577 1637 3649 aequisita,
1672 3595 1721 3651 per

60 3666 242 3722 ecelesiastici
253 3666 323 3737 juris
338 3666 495 3734 violatores,
516 3666 551 3723 de
572 3681 622 3722 sua
638 3667 802 3738 quandoque
816 3682 865 3738 po·
915 3679 997 3735 quam
1018 3664 1069 3718 sibi
1097 3663 1303 3720 exhereditatis
1326 3664 1482 3736 parabatur,
1507 3666 1597 3723 adbuc
1621 3667 1721 3723 certius

59 3754 145 3811 tentia
159 3755 309 3811 insolenter
324 3763 520 3827 praesumentes
535 3771 566 3811 ac
587 3769 643 3827 prae
663 3764 770 3811 tumore
785 3772 864 3811 men·
914 3752 966 3808 sibi
981 3751 1142 3808 innotuerat.
1159 3753 1247 3808 llotns
1270 3760 1361 3809 autem
1389 3755 1564 3810 vehementer
1578 3754 1620 3810 vir
1630 3757 1720 3826 justus

58 3843 94 3899 tis
110 3844 145 3899 ud
169 3843 257 3900 minas
279 3844 416 3900 interdum
444 3844 595 3915 procaciter
617 3851 799 3915 erumpentes,
825 3843 865 3901 sic
914 3841 1065 3914 etpiusad
1093 3840 1192 3908 audita,
1209 3840 1337 3915 malignas
1360 3843 1483 3898 maritum
1505 3842 1625 3900 mulieris
1639 3844 1674 3900 ad
1689 3860 1720 3902 se

58 3949 127 3988 voce
138 3931 258 3988 terrifica
266 3933 432 4006 objurgabat
448 3949 478 3987 :a
494 3931 565 4002 Quid
576 3932 611 3988 de
626 3933 729 4001 vestris,
740 3933 786 4002 alt,
799 3932 865 3988 viri·
911 3930 988 4000 jubet
1003 3930 1164 4002 quantocius
1188 3929 1326 3988 accersiri.
1348 3930 1436 4001 Quem
1451 3931 1583 3989 secretius
1597 3932 1719 3990 advoca-

59 4022 113 4076 bus
129 4021 170 4078 vel
186 4021 268 4076 armis
283 4030 379 4078 eontra
407 4037 519 4077 manum
536 4021 751 4093 omnipotentem
765 4037 867 4093 praesu·
914 4026 969 4074 turn
984 4019 1091 4075 discutit
1105 4019 1258 4086 instantius,
1283 4018 1388 4076 instmit
1403 4030 1429 4077 et
1447 4021 1580 4095 coarguit,
1598 4023 1719 4094 tantique

60 4110 145 4178 mitis,
162 4110 271 4182 quando
286 4111 365 4167 nobis
381 4111 461 4166 etiarn
487 4110 606 4182 indignis
622 4119 649 4166 et
667 4110 783 4166 infirmis
805 4112 865 4167 baec
914 4116 1006 4163 reatus
1015 4106 1214 4164 confessionem
1226 4108 1261 4163 ab
1271 4124 1304 4164 eo
1315 4108 1415 4165 elicere
1425 4126 1595 4182 magnopere
1606 4110 1715 4167 insistit.

59 4215 160 4254 manus
175 4199 244 4255 adeo
264 4199 383 4271 potentia
406 4214 484 4256 arma
512 4198 625 4257 contulit
638 4207 666 4254 ut
681 4198 721 4256 eis
749 4200 865 4256 humana
915 4197 1016 4253 Verum
1031 4196 1088 4262 ille,
1112 4197 1238 4269 coniugis
1259 4197 1372 4252 nimium
1396 4198 1522 4269 procacis
1544 4198 1604 4270 plus
1624 4198 1718 4272 jurgia

58 4287 216 4344 nullatenus
244 4297 401 4360 coaequetur
435 4287 592 4344 armatura?
615 4287 725 4344 loricas
756 4295 865 4344 nostras
915 4301 995 4356 quam
1010 4284 1060 4340 Dei
1081 4285 1211 4354 justitiam
1232 4285 1439 4356 pertimescens,
1465 4290 1523 4355 cius
1545 4301 1653 4360 quoque
1677 4287 1716 4343 si-

54 4376 148 4446 jacula
162 4384 252 4432 vestra
267 4392 321 4432 non
336 4383 487 4449 penetrant,
503 4385 530 4432 et
550 4375 638 4450 galam
661 4383 760 4432 nostrae
784 4392 865 4432 enses
914 4373 977 4428 bilis
1007 4373 1217 4445 praeincantatus
1245 4372 1374 4444 vipereis,
1399 4390 1429 4430 se
1453 4374 1571 4444 primum
1594 4375 1717 4433 criminis

58 4472 164 4521 vestros
180 4481 233 4521 nnn
249 4465 402 4521 formidant.
414 4465 521 4521 Nostris
536 4480 599 4522 vero
614 4465 726 4521 ensibus
739 4480 792 4522 nec
802 4468 900 4528 cas-1)
915 4462 994 4531 hujus
1018 4461 1153 4518 inficiatur
1176 4462 1278 4518 babere
1300 4462 1507 4519 conscientiam.
1533 4464 1654 4537 Urgeute
1669 4465 1717 4521 de-

58 4555 134 4609 sides
150 4563 247 4612 vestrae
261 4571 313 4611 nec
326 4557 452 4611 thoraces
466 4555 606 4610 resistunt.
633 4554 698 4621 Vos,
716 4554 739 4610 si
753 4555 863 4627 quando

59 4659 173 4700 carnem
189 4644 302 4712 caeditis,
332 4644 450 4698 animam
476 4659 589 4714 prorsus
618 4643 779 4715 contingere
808 4653 861 4701 ton

58 4731 165 4788 valetis.
183 4732 296 4788 Gladius
314 4740 407 4788 noster
422 4739 448 4788 et
471 4746 570 4803 corpus
593 4731 711 4803 perimit,
728 4740 755 4788 et
770 4733 860 4803 morti,

58 4837 113 4877 non
130 4821 302 4890 transitoriae,
323 4821 371 4876 sed
386 4829 494 4877 aetarnae
508 4836 601 4876 eorum
628 4836 698 4893 quos
725 4820 860 4893 percellit,

59 4905 166 4960 animas
190 4904 331 4961 addicit.»

375 4976 486 5032 ctrnr
505 4976 550 5030 lV.

59 5070 199 5130 Deponas
220 5068 250 5118 ab
272 5080 351 5118 acore
371 5067 498 5131 cujusdam
520 5066 610 5116 militis
631 5065 814 5128 suppositione,
836 5071 863 5116 et

93 5148 176 5185 eoram
197 5135 326 5195 punitione
345 5134 388 5196 qai
407 5139 473 5184 tamo
494 5133 602 5195 facinori
624 5137 812 5191 consenserant,
831 5135 862 5185 de

93 5202 189 5251 nuntiae
212 5201 359 5261 senatorii,
382 5205 407 5250 et
434 5202 465 5250 de
484 5200 579 5251 crudeli
602 5200 730 5261 cujusdam
752 5200 861 5262 episcopi

93 5268 286 5318 nraledictinnem
298 5267 430 5318 retinentis
442 5267 623 5328 intersectione.

96 5351 155 5403 iarn
173 5365 240 5405 vero
255 5349 288 5404 de
307 5365 419 5404 numero
437 5349 544 5404 illumm
568 5363 636 5420 quos
662 5347 690 5403 in
713 5348 861 5419 reprobam

916 4568 990 4606 mum
1012 4551 1141 4622 episcopo
1165 4559 1191 4607 et
1216 4551 1402 4607 aestimationis
1422 4552 1538 4623 publicae
1556 4561 1717 4625 argumenta

916 4641 1016 4697 acriter
1037 4640 1180 4708 inferente,
1220 4640 1319 4712 quibus
1350 4641 1460 4712 patebat
1483 4642 1716 4698 verosimillimum

916 4747 978 4786 esse
992 4745 1043 4786 nec
1057 4729 1082 4785 ei
1096 4729 1218 4785 sobolem
1227 4729 1302 4786 nasci
1317 4730 1438 4801 potuisse
1449 4731 1505 4801 jam
1521 4730 1717 4786 valetudinario

916 4828 942 4876 ct
956 4819 1024 4886 seni,
1041 4834 1092 4874 nec
1107 4834 1168 4874 eum
1192 4818 1276 4874 videri
1300 4819 1427 4891 ignarum
1449 4820 1538 4875 uxorii
1559 4819 1714 4888 commenti,

915 4916 1043 4965 attractus
1059 4907 1177 4963 evidenti
1189 4908 1296 4964 ratione
1316 4909 1377 4974 hac,
1399 4910 1507 4964 tandem
1527 4908 1647 4980 seipsum
1668 4924 1715 4964 re·

915 4995 1184 5067 sponsionedeludit.
1203 5016 1214 5046 ι
1231 4995 1456 5068 Quialongu,ait,
1468 5004 1599 5068 tempore,
1617 5013 1716 5068 corpo·

915 5085 951 5139 ris
966 5085 1139 5140 incommodo
1154 5100 1197 5139 me
1212 5093 1362 5155 premente,
1388 5085 1512 5158 conjugis
1526 5102 1595 5141 meaa
1610 5094 1716 5142 secreta

914 5173 1004 5227 minus
1017 5173 1136 5244 perfecte
1151 5173 1225 5242 novi,
1241 5173 1303 5229 ideo
1318 5173 1390 5240 volo,
1413 5173 1436 5227 si
1451 5174 1549 5245 placet,
1566 5177 1666 5231 arctius
1680 5176 1715 5231 dc

914 5261 956 5315 his
970 5262 1004 5314 ab
1020 5261 1063 5316 illa
1077 5260 1232 5332 perdiscere
1248 5260 1400 5317 veritatem.
1417 5259 1554 5334 Quidquid
1572 5279 1636 5319 reru
1651 5263 1715 5320 inde

914 5350 980 5404 milri
995 5359 1165 5421 compertum
1179 5349 1270 5414 fuerit,
1286 5349 1363 5405 vobis
1378 5365 1458 5406 mane
1469 5351 1607 5417 nuntiabo,
1624 5360 1714 5409 vestro

97 5530 167 5589 (155)
187 5532 276 5587 Anno,
298 5529 334 5581 uti
351 5529 485 5595 colligitur,
510 5529 585 5582 ttae.
610 5530 694 5583 Puella
714 5529 807 5582 etenim
831 5529 873 5583 vix
896 5533 1000 5597 quatuor
1021 5543 1139 5584 annorum
1160 5527 1332 5607 desponsatur,
1356 5532 1382 5582 ct
1404 5530 1472 5582 fraus
1494 5543 1557 5584 anno
1581 5532 1662 5599 ttvtt,
1690 5532 1717 5584 tn

58 5597 191 5666 presentia
202 5596 313 5651 auctoris
322 5596 456 5683 detegitur.
