3750 5984
104 169 169 222 ttbt
519 162 524 170 ’
794 168 884 225 VITA.
900 197 935 211 -
949 167 1012 225 ΠΒ.
1033 168 1066 226 V.
1679 165 1750 223 ttta

103 289 184 345 nobis
200 305 208 345 t
225 312 237 339 u
254 290 340 359 Huius
364 291 438 347 diem
462 291 558 362 iudicii
584 292 669 359 ibam,
698 292 807 350 uolente
832 293 940 361 Deo,A
954 287 1472 361 videlicetutcudclegitimejudiciaria
1485 286 1751 359 potestateadhac

104 378 250 445 habebitis,
268 393 322 449 qua
345 379 423 434 istius
447 381 536 436 caruis
565 380 699 436 sarcinam
719 380 872 452 deponetis.
891 403 903 430 ι
955 379 1002 436 ille
1012 379 1126 436 verbum
1141 377 1262 451 protulit,
1274 376 1347 450 quod
1355 376 1479 449 pluribus
1493 376 1660 432 audientium
1680 391 1752 449 gau·

104 465 152 519 lllc
167 474 277 521 econtra
294 482 300 522 :
320 466 410 521 «Non
425 475 508 532 recte,
524 467 818 539 inquit,sentitis.Non
832 467 904 524 euim
954 466 1000 522 dio
1014 466 1118 538 pariter
1132 474 1159 522 et
1186 465 1317 521 miraculo
1340 463 1434 520 fuit:‹
1465 463 1546 529 Odio,
1580 462 1678 535 inquit,
1707 469 1753 518 ant

101 551 207 621 judicii,
224 553 272 609 sed
296 554 393 625 gratia
416 562 443 610 et
466 555 660 612 misericordiae
680 556 740 613 dies
764 556 823 625 crit,
853 572 905 629 qua
955 570 1058 621 amore,
1075 555 1125 610 scd
1139 570 1189 610 uec
1200 553 1310 626 quidem
1319 569 1368 625 spe
1382 553 1426 610 vel
1440 552 1547 621 timore,
1563 566 1688 623 personae
1701 566 1751 607 seu

106 654 160 711 ego
174 640 348 715 defungar.»
955 642 995 699 rei
1012 642 1216 714 cujuscumque,
1246 655 1386 712 nunquam
1408 639 1559 696 acenteta
1584 638 1680 708 iudicii
1707 653 1753 695 me

140 729 250 799 Stupori
266 730 446 800 praesentibus
463 747 627 807 magnaeque
655 732 706 788 fuit
731 731 905 789 admirationi
954 730 1072 787 scienter
1086 729 1254 786 exorbitasse
1277 727 1397 785 memini.
1423 728 1452 784 si
1470 727 1619 798 judicando
1644 724 1751 783 deviari

105 821 176 872 iuter
190 816 351 889 multiplices
364 819 501 875 cruciatus
517 819 774 876 violentissimarum
791 820 904 893 aegritu·
954 824 1065 884 arceto,
1081 818 1135 874 hoc
1149 817 1268 889 proprie
1281 816 1453 897 ignorautiae,
1470 823 1516 872 aut
1531 823 1607 874 certe
1624 813 1750 871 assiden-

105 903 198 958 dinum
212 904 314 962 invicta
328 921 438 978 semper
452 906 536 963 ammi
555 908 614 978 ejus
623 908 764 965 fortitudo.
780 909 821 964 lta
832 909 904 964 cuim
954 905 1030 974 tium,
1046 905 1150 962 crimen
1165 903 1228 961 fuit.
1250 909 1262 954 i

104 1007 134 1047 se
149 990 176 1046 iu
191 992 300 1060 lectulo,
316 993 519 1061 cumvellet‚iu
535 995 606 1051 latus
634 996 707 1053 aliud
729 1013 759 1052 se
786 996 902 1071 girabat,
990 992 1279 1065 Necpraetereuudum
1292 990 1445 1049 inconsulte
1465 991 1573 1048 ridetur
1594 990 1667 1064 qnod
1694 989 1747 1060 vir,

104 1079 140 1133 ita
154 1079 265 1136 robuste
285 1079 425 1152 incedens,
440 1097 504 1139 cnm
526 1083 820 1148 secederetalectulo‚
849 1100 904 1157 quo
954 1082 1037 1139 totius
1051 1097 1160 1154 semper
1176 1080 1300 1138 vanitatis
1314 1087 1341 1137 et
1354 1079 1553 1152 superstitionis
1579 1079 1750 1147 adversator,

105 1168 356 1234 eratnecesse,ibat
370 1177 397 1225 et
407 1169 522 1241 redibat,
533 1179 563 1226 ut
569 1187 751 1245 congressum
759 1172 904 1244 quemdam
953 1178 1064 1244 gustum
1078 1169 1169 1242 potius
1182 1168 1305 1227 carnium
1318 1168 1347 1223 in
1354 1167 1484 1226 extremis
1490 1168 1571 1238 bidus
1577 1165 1749 1241 agritudinis

105 1261 131 1309 et
145 1253 301 1312 conflictum
317 1272 379 1313 cum
392 1256 551 1315 infirmitate
565 1259 691 1332 corporis
706 1259 792 1316 virtus
821 1259 904 1315 animi
954 1272 1036 1330 quam
1052 1273 1128 1314 esum
1143 1255 1278 1328 probouo
1292 1254 1454 1313 obedentiae
1472 1269 1646 1333 nequaquam
1664 1269 1748 1327 repu—
1841 1284 1845 1297 ·

105 1343 164 1412 ejus
192 1343 287 1400 iniisse
311 1345 462 1415 putaretur.
493 1345 562 1403 ilinc
592 1354 618 1403 et
645 1346 771 1404 dicebaut
792 1347 901 1418 medici,
953 1344 1076 1402 bavent.
1098 1342 1312 1419 suggerentibus
1336 1358 1435 1416 nempe
1453 1342 1558 1409 amicis,
1583 1351 1610 1399 et
1634 1341 1748 1400 medicis

103 1430 185 1499 hujus
209 1439 303 1502 gestus
329 1432 464 1489 intuentes
482 1449 518 1489 :u
547 1435 616 1491 Vere
645 1435 757 1506 spiritus
785 1435 903 1491 bominis
952 1432 1139 1490 asserentibus
1154 1432 1219 1505 qnia
1233 1430 1466 1488 hiemetransacta
1480 1430 1747 1498 faciliuscuraretur,

104 1517 182 1573 istius
197 1527 331 1575 sustentat
345 1519 526 1578 infirmitatem
542 1522 760 1591 eius.llerecum
770 1521 902 1595 apostolo
952 1520 977 1577 si
995 1521 1065 1578 cibis
1092 1519 1319 1578 esculentioribus
1344 1518 1471 1576 affectum
1496 1519 1553 1588 iam
1576 1534 1693 1591 corpus,
1720 1526 1749 1576 ct

104 1606 235 1662 insultare
249 1614 338 1678 potest
353 1608 404 1664 iste
419 1609 528 1682 corpori
543 1609 637 1666 mortis
650 1611 740 1681 huius,
753 1618 780 1667 et
794 1611 901 1668 dicere:
916 1609 1092 1702 Bquartanis
1105 1609 1245 1681 algoribus
1258 1616 1321 1682 post
1335 1607 1404 1664 alias
1425 1607 1517 1663 febres
1539 1606 1746 1679 congelascens,

107 1693 251 1764 «Quando
266 1694 397 1767 infirmor,
415 1705 480 1754 tuuc
508 1697 604 1755 fortior
632 1707 730 1755 sumet
757 1707 853 1771 potens
867 1699 907 1772 (ll
954 1697 1039 1754 foveri
1062 1697 1242 1770 permisisset,
1261 1696 1340 1767 jussit
1363 1695 1596 1769 archiepiscopus,
1616 1695 1685 1751 etin
1703 1710 1749 1752 re·

108 1781 169 1838 dor.
186 1797 238 1850 xtt,
255 1785 310 1854 ltl),
331 1807 342 1832 υ
359 1785 417 1842 Vox
432 1801 542 1857 quoqne
556 1786 593 1842 ita
608 1802 690 1845 succo
704 1786 794 1859 plena,
806 1787 903 1856 virilis,
954 1786 1114 1843 missionem
1127 1793 1303 1858 peccaturum
1316 1784 1431 1855 injuram
1446 1783 1482 1853 ei,
1497 1791 1527 1839 ut
1540 1782 1624 1840 iutali
1638 1798 1748 1856 quoque

106 1878 145 1936 ut,
157 1869 221 1926 licet
235 1871 407 1939 submissior,
424 1873 551 1930 subtilior
564 1882 657 1931 tamen
670 1875 750 1932 solito
765 1892 819 1932 uon
837 1875 905 1932 satis
955 1875 1033 1931 diaeta
1060 1874 1175 1932 consilio
1202 1874 1372 1931 medicorum
1400 1887 1500 1946 parere
1527 1870 1677 1928 debuisset.
1702 1870 1751 1929 luc

107 1957 257 2013 audiretur.
274 1958 430 2016 Lectionem
440 1969 502 2032 post
516 1963 738 2036 martyrologium
748 1964 783 2020 de
792 1963 906 2021 loannis
955 1978 1021 2020 vero
1049 1961 1237 2035 prescriptum
1260 1962 1393 2032 objiciens
1421 1960 1526 2017 ordinis
1554 1957 1751 2017 Cartbusiensis

107 2044 258 2118 Evangelio
265 2045 325 2117 ipsa
332 2048 501 2120 quoquedie,
509 2065 562 2122 qua
570 2051 696 2120 decessit,
706 2051 823 2124 propriae
831 2050 907 2109 vocis
956 2051 1021 2123 (quo
1034 2050 1062 2106 iu
1077 2066 1221 2108 commune
1233 2049 1360 2107 omnibus
1374 2048 1517 2117 morbidis,
1528 2046 1602 2105 sanis
1615 2055 1643 2105 et
1667 2046 1751 2105 mori·

108 2133 242 2189 souituita
252 2134 393 2191 terminari
406 2135 480 2203 fecit,
492 2145 521 2192 ut
533 2137 577 2194 die
588 2138 705 2195 crastino
713 2139 751 2194 ibi
760 2155 854 2196 coram
868 2139 906 2195 fu·
956 2138 1066 2205 buudis,
1075 2139 1285 2196 esuscarninum
1295 2138 1370 2211 (aab)
1378 2137 1525 2210 inhibetur)
1533 2137 1561 2193 id
1569 2135 1751 2194 sibiillicitum

109 2236 176 2277 nere
191 2222 250 2290 eius
264 2221 300 2278 ad
316 2223 429 2278 missam
443 2225 573 2296 inciperet
583 2225 638 2300 legi
652 2227 842 2301 Evangelium,
860 2226 907 2283 ubi
957 2225 1101 2283 fatebatur.
1118 2225 1184 2294 Sed,
1200 2243 1235 2284 ue
1257 2225 1348 2282 multis
1371 2225 1559 2293 immoremur,
1587 2225 1624 2280 nd
1641 2223 1752 2297 petitio·

108 2308 196 2380 pridie
210 2318 277 2366 nutu
293 2310 379 2382 ipsius
393 2318 480 2367 textus
491 2312 766 2385 Scripturaeejusdem
775 2316 907 2372 desiitre·
958 2332 1022 2373 uem
1036 2315 1146 2371 demum
1160 2315 1322 2372 clericorum
1337 2329 1458 2384 suorum,
1473 2312 1509 2370 de
1526 2311 1654 2369 mandato
1682 2326 1753 2385 quo·

111 2396 197 2452 citari.
213 2397 304 2466 Quod,
315 2406 458 2471 postquam
466 2401 640 2470 advertimus,
651 2410 744 2475 utpote
754 2419 787 2460 eo
796 2403 909 2461 minime
960 2420 1013 2477 que
1027 2411 1054 2459 et
1068 2402 1162 2460 sedula
1172 2403 1320 2460 monitione
1328 2401 1529 2459 cantuariensis
1539 2399 1753 2475 archipraesulis,

111 2493 283 2556 procurante,
300 2487 444 2558 accidisse,
460 2486 669 2560 glorificavimus
684 2491 909 2563 Deumquipul·
960 2491 1092 2563 susceptis
1106 2507 1157 2562 per
1183 2491 1322 2547 domiuum
1357 2490 1524 2560 liebertum,
1548 2496 1613 2546 tuuc
1645 2488 1755 2562 quidem

112 2573 177 2628 clrro
199 2574 324 2647 miroque
351 2575 447 2631 ordine
474 2576 565 2632 omnia
586 2576 644 2646 ejus
663 2593 746 2649 opera
771 2577 910 2652 vitamque
960 2587 1171 2653 procuratorem,
1187 2594 1220 2647 ac
1235 2579 1393 2651 paulopost
1411 2579 1530 2651 priorem
1544 2578 1573 2636 in
1595 2576 1757 2644 Witbamia,

112 2666 197 2716 totam
212 2677 299 2735 usque
313 2661 340 2717 iu
356 2661 437 2718 linem
451 2678 561 2735 semper
571 2664 715 2737 dirigebat.
726 2666 815 2723 Locus
828 2667 911 2723 etiarn
961 2682 995 2725 ac
1009 2667 1120 2723 fratrum
1132 2666 1254 2737 ejusdem
1264 2667 1319 2724 loci
1331 2667 1490 2724 hortatoriis
1506 2666 1639 2738 epistolis,
1664 2672 1693 2721 ut
1708 2679 1759 2722 sun

113 2747 262 2819 Scripturae
276 2765 389 2806 summae
404 2750 556 2807 dulcedinis
569 2753 734 2824 presagium
743 2753 804 2825 ipsa
818 2770 911 2811 rerum
962 2750 1150 2807 incunctanter
1165 2748 1372 2821 archiepiscopo
1382 2749 1410 2804 in
1424 2749 1478 2806 bac
1491 2749 1550 2818 eius
1562 2747 1686 2819 jussione
1706 2762 1760 2820 ps-

113 2836 193 2903 serie,
222 2853 282 2909 quae
311 2846 395 2911 gestae
418 2838 534 2906 fueraut,
569 2839 712 2897 manifeste
739 2841 910 2913 preferebat.
962 2846 1047 2905 reret,
1064 2853 1163 2894 carues
1176 2835 1405 2894 abadolescentia
1429 2851 1480 2892 sua
1498 2852 1586 2908 usque
1600 2844 1665 2892 tunc
1687 2835 1763 2891 nulla

113 2924 179 2979 Erat
193 2940 309 2997 namque
323 2925 450 2983 familiari
464 2926 684 2985 confabulatione
700 2929 848 2986 Salvatoris
864 2945 912 2987 no·
963 2924 1137 2985 occasiones
1152 2941 1183 2980 se
1193 2924 1347 2996 praelibatas
1361 2924 1390 2979 in
1404 2924 1494 2981 cibum
1509 2924 1633 2996 sumpsit.
1649 2923 1764 2980 Dicebat

114 3011 162 3067 stri
174 3019 201 3067 et
215 3013 327 3070 llarthae
337 3021 401 3070 aute
415 3015 618 3072 suscitationem
634 3017 725 3072 fratris
740 3018 799 3087 ejus
808 2991 949 3085 lazari,c
965 3028 1032 3072 vero
1042 3012 1141 3069 nobis:
1157 3011 1255 3069 Sciatis
1270 3011 1333 3084 quia
1348 3027 1401 3069 nec
1415 3011 1553 3069 desiderio
1567 3027 1619 3069 uec
1639 3009 1763 3069 remedio

118 3116 180 3172 quae
195 3100 233 3156 ita
243 3101 399 3158 contexitur
416 3118 423 3158 ε
442 3125 453 3155 ι
468 3103 542 3159 Dixit
555 3106 661 3161 Martha
677 3104 711 3160 ad
725 3106 816 3162 lesum
833 3123 840 3161 :
856 3107 915 3162 Do·
965 3102 1045 3158 uobis
1060 3099 1231 3173 aliquatenus
1245 3116 1307 3157 esse
1320 3100 1420 3172 poterit
1437 3100 1507 3157 adeo
1533 3115 1682 3173 persuasus
1709 3099 1763 3157 iste

115 3188 200 3255 minc,
216 3188 239 3244 si
253 3188 355 3247 fuisses
370 3191 424 3259 hic,
437 3189 523 3249 frater
532 3208 610 3249 meus
619 3192 779 3250 uoufuisset
792 3202 917 3251 mortuus
966 3189 1091 3246 carnium
1099 3204 1172 3244 esus.
1187 3189 1391 3258 Verumtamen,
1403 3204 1438 3245 ne
1452 3195 1492 3245 tot
1505 3188 1677 3246 venerabiles
1689 3187 1766 3246 siros

116 3276 209 3346 (loun.
224 3291 268 3347 xr,
285 3279 340 3349 32),
355 3298 367 3329 ι
382 3287 432 3335 etc.
446 3280 513 3336 Cum
524 3280 596 3336 euim
610 3281 678 3338 alias
688 3281 835 3339 canonicas
845 3281 916 3340 Scri·
967 3277 1190 3343 scandalizemus,
1219 3276 1274 3333 imo
1299 3293 1335 3335 ne
1356 3277 1392 3333 ab
1409 3277 1484 3334 illius
1512 3275 1636 3350 vestigiis
1670 3274 1715 3333 rel
1737 3274 1767 3332 in

117 3372 212 3437 pluras
227 3366 395 3438 temporibus
417 3368 533 3438 statutis,
557 3376 613 3424 tum
629 3370 663 3425 ad
687 3370 844 3441 matutinas,
859 3379 917 3427 tum
966 3373 1053 3422 morte
1064 3366 1122 3434 jam
1133 3364 1214 3437 positi
1231 3365 1390 3422 recedamus
1406 3365 1453 3438 qui
1467 3365 1555 3421 factus
1569 3372 1611 3421 est
1635 3363 1768 3422 obediens

118 3453 273 3508 admissam
290 3470 376 3525 suam,
392 3456 527 3511 aunuatim
539 3457 624 3528 relegi
646 3457 815 3525 instituisset,
846 3473 917 3531 qua·
967 3469 1055 3525 usque
1069 3453 1105 3509 ad
1118 3461 1245 3523 mortem,
1260 3453 1360 3509 deutur
1381 3452 1461 3508 nobis
1491 3468 1599 3510 carues.
1619 3452 1667 3508 llis
1694 3450 1769 3508 euim

118 3548 182 3597 tuor
190 3542 417 3614 evangelistamm
428 3543 540 3599 totidem
551 3544 716 3618 librostibl)
726 3553 790 3618 post
802 3545 917 3618 primam
967 3556 1041 3597 nuuc
1067 3541 1177 3597 demum
1198 3555 1250 3612 pro
1271 3539 1399 3597 fraternae
1421 3539 1574 3597 dilectionis
1594 3539 1768 3597 condimento

118 3627 173 3684 diei
190 3630 296 3696 horam,
312 3630 455 3701 praemisso
465 3632 584 3702 capitulo
595 3632 791 3705 martyrologii,
803 3640 919 3706 quatuor
968 3628 1084 3685 libenter
1097 3644 1252 3685 vescemur.
1272 3650 1283 3677 ι
1305 3628 1510 3686 sciscitantibus
1531 3636 1624 3685 autem
1651 3627 1767 3685 medicis

119 3716 184 3772 anui
199 3717 368 3789 temporibus
380 3718 486 3791 perlegi
504 3718 631 3779 faciebat.
647 3722 703 3776 llas
722 3721 795 3776 euim
820 3721 918 3778 lectio·
969 3716 1131 3789 quibusnam
1140 3716 1269 3773 carnibus
1282 3715 1357 3773 vesci
1371 3716 1527 3788 placuisset,
1544 3716 1582 3772 ita
1603 3714 1767 3788 respondit:

120 3820 171 3860 nes
187 3804 280 3873 etiam,
297 3821 360 3863 cum
383 3806 529 3878 equitando
552 3808 605 3865 iter
633 3816 737 3881 ageret,
766 3808 918 3866 nullatenus
971 3804 1102 3874 «Suillis,
1114 3804 1137 3859 si
1152 3803 1231 3861 vobis
1244 3804 1360 3874 videtur,
1383 3804 1510 3876 pedibus,
1534 3819 1604 3877 quos
1623 3800 1768 3859 infirman-

120 3893 268 3950 omittebat.
968 3892 1042 3948 tibus
1063 3907 1080 3947 a
1104 3892 1204 3949 sanctis
1227 3892 1363 3964 quondam
1394 3891 1519 3948 Patribus
1543 3891 1661 3965 legimus
1682 3888 1768 3948 fuisse

156 3981 285 4038 Hortalus
299 3995 367 4038 vero
381 3988 423 4038 est
441 3998 503 4039 eum
525 3983 638 4055 quidam
649 3999 681 4041 ex
697 3983 793 4042 amicis
805 3984 873 4055 suia,
885 3986 919 4041 ad
969 3995 1127 4038 concessos.
1151 4003 1163 4030 ι
1198 3979 1254 4035 llos
1276 3980 1359 4052 igitur
1381 3979 1533 4052 appositos,
1554 3980 1656 4052 vixque
1672 3976 1769 4052 primis

122 4067 286 4141 explendam
299 4077 485 4141 peccatorum,
501 4080 630 4143 quantum
641 4071 732 4141 sciret,
741 4072 920 4130 sufficientem
969 4069 1098 4125 dentibus
1109 4074 1224 4125 attactos
1230 4067 1312 4137 jussit
1325 4067 1456 4125 amoveri.
1468 4067 1598 4124 Similiter
1611 4066 1647 4123 de
1674 4065 1768 4123 minn-

122 4155 339 4226 coufessiouem,
364 4159 403 4213 ita
425 4158 520 4215 dicens
536 4174 572 4213 :a
596 4159 677 4229 Quia,
705 4160 825 4226 domiue,
851 4160 921 4218 siem
969 4156 1005 4213 tis
1019 4154 1172 4213 volatilibus
1187 4155 1328 4211 minimum
1338 4156 1404 4227 quid
1418 4155 1537 4228 gustavit
1550 4155 1635 4226 (366).

122 4243 181 4317 ipse
198 4245 295 4302 melius
308 4245 405 4314 nostis,
422 4232 558 4303 efficacior
571 4247 684 4319 Deoquc
699 4248 802 4320 gratior
811 4255 853 4305 est
873 4247 922 4304 illa
1007 4243 1116 4300 Solebat
1145 4242 1236 4310 etiam,
1252 4243 1317 4298 dum
1337 4240 1434 4299 fuisset
1450 4242 1603 4313 incolumis,
1634 4239 1768 4314 quondm

123 4330 341 4405 confessioque
364 4332 503 4405 specificat
526 4332 685 4407 singillatim
712 4335 812 4402 omnia,
841 4351 922 4407 quam
935 4331 1046 4397 Dviros
1063 4330 1218 4402 religiosos,
1238 4337 1266 4386 et
1289 4329 1408 4387 maxime
1435 4336 1555 4387 rectores
1577 4328 1767 4388 caenobiorum

124 4416 240 4490 illaquae
253 4419 305 4475 sub
319 4421 440 4493 quadam
459 4420 636 4495 generalitate
663 4421 776 4479 includit
802 4421 919 4494 singula,
971 4433 1099 4492 arguere,
1116 4417 1162 4490 qui
1174 4425 1276 4490 prater
1294 4417 1518 4475 cousuetudinem
1537 4417 1693 4493 regularem
1706 4417 1767 4474 fra·

125 4513 153 4561 et
170 4521 221 4563 ros
235 4507 452 4580 multotempure
470 4508 635 4579 ordinarius,
650 4524 702 4565 nec
720 4524 777 4565 non
796 4517 824 4565 et
842 4509 921 4567 dele-
970 4506 1058 4562 tribus
1081 4505 1138 4562 suis
1162 4520 1179 4561 a
1196 4506 1326 4563 carnibus
1349 4505 1513 4563 omnimodis
1534 4505 1658 4564 dicerent
1683 4504 1769 4565 absti-

124 4601 203 4665 gatus
222 4593 313 4664 judex,
343 4595 522 4667 plurimorum
542 4596 681 4652 exstitistis
696 4597 839 4669 (quantum
861 4613 921 4654 me·
971 4594 1100 4652 nendum.
1116 4593 1287 4650 Meminimus
1306 4593 1456 4652 enimcum
1483 4594 1589 4651 cuidam
1611 4592 1702 4649 abbati
1715 4592 1768 4649 ab·

125 4682 216 4737 moria
230 4682 346 4754 recolit),
362 4683 479 4756 satagite
493 4681 625 4751 confiteri,
642 4699 720 4757 quos,
737 4684 781 4741 rel
795 4693 870 4757 quot,
887 4686 923 4743 ob
972 4681 1070 4739 sternio
1084 4681 1148 4737 talia
1162 4682 1301 4755 quondam
1315 4683 1416 4740 dixisse
1432 4700 1440 4740 x
1462 4705 1474 4735 ι
1490 4683 1544 4750 Τη,
1560 4681 1657 4755 iuquit,
1672 4680 1767 4753 frater,

125 4769 459 4840 privatumamoremsive
481 4772 574 4828 odium
594 4772 797 4843 promoveritis,
820 4780 849 4829 ut
874 4787 922 4830 as·
972 4786 1053 4845 aquo
1063 4769 1188 4828 solatium
1202 4778 1228 4827 et
1243 4771 1398 4843 exemplum
1410 4786 1517 4828 sumere
1540 4769 1640 4826 debent
1654 4767 1770 4840 subiecti

126 4856 211 4923 solet,
237 4858 264 4913 iu
291 4858 410 4932 negotiis
433 4858 509 4928 suis,
535 4867 580 4916 aut
599 4860 807 4934 depresseritis,
833 4861 924 4919 miuus
973 4858 1146 4932 tui,propter
1166 4859 1359 4916 abstinentiam
1382 4860 1463 4916 istam
1485 4855 1770 4916 extmordinariamin

162 5031 314 5098 (bellttum
327 5035 398 5087 anuis
414 5034 517 5098 siugulis
525 5035 639 5100 lequuntur
651 5049 666 5088 a
678 5036 891 5089 cambusieualbus
899 5035 925 5088 lu
975 5036 1020 5101 tlc,
1033 5038 1059 5088 ct
1070 5036 1179 5102 taudem,
1192 5048 1256 5090 anuo
1269 5037 1343 5100 taes,
1357 5049 1429 5102 puna
1446 5035 1472 5088 in
1482 5037 1676 5101 transgressores
1686 5034 1771 5090 dacer·

129 5100 234 5161 capitulo
244 5105 298 5163 pust
306 5112 396 5152 nouam
406 5102 548 5152 canonicam
556 5101 641 5153 dicbus
651 5102 753 5168 festivis,
763 5104 926 5157 luterl’ascba
976 5104 1053 5155 uitur.

129 5166 249 5216 ettestum
262 5167 735 5220 OmniumSanctorumoceurreutlbus.
1012 5185 1083 5251 (566)
1095 5184 1238 5240 obgqqenqa
1249 5189 1349 5237 emptus
1368 5198 1397 5238 ω
1415 5184 1494 5238 ,dhus
1512 5188 1563 5240 tam
1644 5199 1693 5254 qm
1714 5184 1776 5241 mo

166 5248 238 5315 (hab)
252 5249 289 5303 hb
300 5251 400 5330 exordio
415 5250 481 5303 sacri
493 5250 600 5309 ordinis.
623 5265 672 5329 non
686 5264 716 5304 cx
729 5256 865 5371 praecepto,
886 5255 930 5308 scd
977 5253 1083 5307 noudum
1094 5248 1236 5307 solemniter
1248 5253 1430 5306 muuntlaterat
1441 5253 1492 5305 esui
1504 5198 1625 5306 carum

132 5326 163 5367 cx
175 5317 348 5370 cousuetudine
358 5317 398 5371 cul
409 5330 474 5370 anuo
486 5317 561 5382 tate,
573 5321 677 5373 acoessrt
696 5331 728 5383 pu
746 5319 794 5373 hca
802 5320 931 5374 cmunda-
