3750 5984
92 248 143 307 8l³
650 258 752 318 LIBER
770 260 818 317 DE
837 255 1031 318 EXERCITIO
1050 260 1179 321 CELLAE.
1458 300 1462 305 -
1694 266 1745 323 dli

93 394 163 435 rena
176 380 269 435 omnia
284 381 362 453 quasi
376 382 499 454 quaedam
510 383 634 454 corporis
648 392 711 439 sunt
726 385 893 441 indumenta.
909 387 1049 447 Acelsum
1064 396 1090 444 et
1106 388 1240 444 elevatum
1255 388 1319 461 (lsa.
1335 403 1373 455 vr,
1405 390 1440 460 ι),
1457 388 1548 460 ipsum
1575 389 1604 445 in
1626 389 1743 462 puritate

95 467 200 524 Idcirco
214 468 316 524 dormit
328 471 358 524 in
372 471 501 527 suavibus
520 471 624 545 Abisag
639 472 819 544 amplexibus,
835 489 896 546 quas
945 476 1180 548 contemplationis
1194 477 1307 533 internae
1317 476 1426 533 intuens
1440 495 1447 543 ;
1464 477 1646 533 universitatis
1669 480 1743 535 Con-

94 556 187 627 patras
201 558 258 613 mci
272 561 383 629 sapitas
394 558 596 631 interpretatur,
610 576 751 633 perquam
765 577 832 617 vera
847 578 895 618 sa·
944 566 1058 621 ditarem
1069 564 1217 621 intellectui
1231 564 1379 636 praesidere
1393 574 1524 621 creaturae
1544 566 1684 638 augebam,
1715 566 1744 622 in

94 643 195 714 pientia
209 645 371 718 disignatur.
388 647 453 703 Haeo
474 656 516 703 est
539 649 743 705 adolescentula
758 650 892 720 speciosa,
944 669 993 708 sua
1008 653 1191 724 permanentis
1207 652 1379 719 sublimitate,
1399 661 1426 708 et
1437 654 1562 709 bumana
1586 670 1635 725 per
1658 669 1742 709 unum

95 734 207 804 quaesita
220 733 248 788 in
263 734 390 790 omnibus
400 735 498 791 linibus
514 736 598 794 lsrael
615 756 621 804 ;
639 746 666 793 et
680 738 790 793 inventa
805 738 894 793 addu·
942 742 1122 796 mediatorem
1132 757 1147 795 a
1157 741 1233 812 lapsu
1245 749 1353 797 erectae.
1370 741 1424 797 Sed
1432 742 1484 797 hoc
1494 757 1549 797 non
1567 742 1620 797 nisi
1647 742 1675 797 in
1690 757 1742 797 an-

94 829 136 877 cta
150 828 192 877 est
207 822 242 877 ad
255 839 373 896 regern,
389 841 450 896 quae
465 832 517 880 stat
539 841 633 882 coram
648 841 681 881 eo
700 826 735 881 ad
750 825 893 882 rectitudi·
942 844 978 884 uo
994 845 1047 901 quo
1062 837 1183 885 mortuus
1195 836 1236 884 est
1251 845 1300 884 ιιι
1317 827 1408 899 Ozias,
1428 837 1662 900 presumptuosus
1686 830 1742 887 sci-

93 925 167 976 nem,
182 910 255 967 iavet
270 927 330 989 eum
355 912 390 967 ad
410 912 580 980 suavitatem,
604 913 705 969 dormit
724 929 785 970 cum
809 930 841 970 eo
857 913 892 969 ad
942 917 1005 973 licet
1019 917 1064 973 ille
1077 926 1102 974 et
1116 918 1252 989 leprosus.
1281 918 1315 972 Et
1329 925 1357 973 ut
1380 918 1445 989 quid
1459 919 1541 974 haeci
1566 918 1699 974 Nimirum
1713 926 1742 974 ut

93 996 223 1068 quietem,
240 998 364 1055 calefacit
378 1001 485 1056 eumad
498 1017 593 1056 verum
609 1010 635 1058 et
645 1013 750 1058 castum
759 1018 889 1059 amorem.
942 1006 1059 1062 sciamus
1074 1006 1114 1060 illi
1127 1022 1183 1062 non
1195 1021 1277 1078 posse
1293 1006 1391 1060 adesse
1406 1006 1550 1077 puritatem
1565 1006 1739 1078 contempla-

92 1084 160 1154 Quae
175 1086 212 1142 ita
231 1086 319 1143 calida
329 1096 371 1143 est
384 1095 413 1143 ιιι
423 1088 451 1143 ιιι
461 1105 494 1145 eo
509 1091 641 1146 accendat
651 1091 778 1147 ardorem
792 1090 891 1147 divinae
941 1093 1033 1164 tionis,
1050 1094 1077 1148 in
1094 1110 1149 1165 quo
1162 1109 1213 1165 per
1227 1091 1353 1149 affectum
1369 1094 1458 1150 adhuc
1468 1101 1496 1149 et
1510 1094 1636 1150 ellectum
1652 1094 1741 1150 domi·

90 1173 249 1243 charitatis;
267 1184 293 1231 et
315 1183 371 1231 tam
395 1185 470 1234 casta
493 1185 543 1247 est,
560 1186 589 1233 ut
604 1194 665 1234 eum
688 1195 743 1234 non
767 1178 892 1235 stimulet
941 1190 1019 1237 natur
1041 1189 1067 1238 et
1081 1181 1156 1249 vivit,
1167 1189 1193 1238 et
1208 1188 1298 1237 tumor
1313 1181 1448 1249 elationis,
1461 1189 1487 1237 ιι
1496 1181 1567 1238 letor
1585 1183 1740 1254 corruptio·

88 1277 179 1334 neque
193 1263 291 1319 excitet
305 1265 340 1320 ad
354 1264 496 1322 libidinem
516 1267 670 1335 mundaum,
699 1283 746 1322 seu
761 1266 888 1334 carnalis,
940 1269 996 1324 nis.
1015 1269 1140 1341 Denique
1155 1276 1217 1341 post
1231 1268 1537 1327 baecdieit28ccrctam
1546 1287 1640 1328 meam
1654 1272 1740 1328 mihi.

89 1350 134 1406 vel
148 1351 291 1408 diabolicae
306 1353 441 1421 vanitatis,
452 1354 609 1426 voluptatis,
620 1354 792 1411 curiositatis.
808 1355 888 1424 Nam,
943 1359 1089 1415 secretam
1101 1374 1197 1413 meum
1211 1358 1284 1413 mihi
1312 1359 1377 1426 (lea.
1407 1358 1632 1429 xxiv,16).Cor
1659 1375 1739 1415 sunm

90 1446 120 1495 ut
135 1439 275 1512 Scriptura
289 1442 353 1498 dicit
369 1459 378 1498 z
393 1445 452 1500 ltca
475 1444 564 1500 Dauid
589 1461 647 1502 aaa
675 1444 890 1514 coenobiacam
939 1445 1230 1517 percutittosiaseum
1254 1445 1400 1502 lectionem
1426 1446 1501 1501 audit
1514 1446 1575 1501 libri
1602 1463 1684 1518 quern
1711 1447 1740 1503 in

89 1528 178 1595 (itta,
197 1529 234 1601 t).
252 1529 321 1584 Nam
335 1538 516 1605 cognosceret
531 1531 554 1587 si
575 1531 610 1587 de
625 1532 689 1588 data
704 1531 756 1588 sibi
771 1532 890 1603 desuper
939 1536 1021 1590 domo
1035 1534 1086 1590 Dei
1100 1534 1228 1590 llelcbias
1238 1533 1339 1605 reperit
1354 1533 1401 1606 (ll'
1419 1536 1483 1604 Rea.
1500 1537 1575 1600 ιιιι)
1592 1552 1599 1589 :
1622 1551 1739 1608 eumque

89 1616 221 1688 sapientia
235 1617 351 1674 inaniter
371 1619 535 1691 superbiret.
561 1621 675 1677 Sanctus
704 1620 778 1677 Elias
801 1620 889 1675 minas
939 1623 1096 1679 consolatur
1110 1622 1181 1679 Olda
1192 1638 1348 1695 quanquam
1371 1621 1482 1693 semina,
1505 1639 1566 1693 quae
1586 1622 1688 1678 habitat
1711 1623 1740 1678 in

88 1705 240 1761 meretricis
264 1714 290 1762 et
313 1706 443 1764 veneticae
464 1716 587 1763 metuens
611 1708 661 1778 (ΙΙΙ
682 1710 746 1780 ltcp.
771 1712 844 1779 ιιι),
861 1711 1069 1795 etBsecunda.
1092 1709 1226 1767 Jeremias
1247 1710 1352 1783 virgam
1391 1710 1465 1766 videt
1485 1710 1645 1783 vigilantem
1668 1711 1737 1783 (lar.

87 1791 227 1848 dimittens
237 1810 352 1865 puerum
362 1812 440 1851 suum
451 1795 596 1868 (puerilem
611 1795 737 1853 videlicet
753 1798 886 1870 sensum),
938 1815 957 1867 1,
975 1801 1030 1870 lt),
1047 1806 1180 1871 quatenus
1200 1799 1268 1855 sciat
1292 1798 1354 1870 quia
1382 1798 1477 1872 vigilat
1504 1799 1636 1854 Dominus
1656 1814 1740 1870 super

88 1882 179 1954 pergit
192 1882 227 1937 ad
240 1883 349 1938 latibula
359 1884 471 1950 deserti,
488 1891 515 1940 et
528 1884 676 1956 projiciens
691 1900 730 1954 se,
746 1885 845 1944 dormit
859 1885 887 1940 ιιι
938 1888 1052 1944 verbum
1068 1903 1146 1942 saum
1161 1894 1188 1942 ut
1202 1885 1284 1943 iaciat
1306 1886 1373 1942 illud
1389 1905 1396 1953 ;
1414 1887 1540 1958 quamde
1555 1886 1645 1942 lutoso
1672 1901 1738 1958 pro·

87 1971 184 2025 umbra
196 1971 325 2043 juniperi.
342 1972 515 2028 Desiderium
534 1989 600 2029 vero
615 1973 719 2028 babens
733 1972 846 2028 dissolvi
861 1980 887 2028 et
937 1975 1031 2044 lunda,
1048 1984 1074 2031 et
1084 1973 1253 2048 profundoso
1262 1975 1318 2030 luto
1332 1974 1422 2030 levant
1436 1973 1525 2042 funes,
1542 1974 1639 2046 quibus
1653 1973 1737 2030 inter·

86 2074 148 2114 cum
171 2059 278 2116 Christo
301 2076 373 2128 esse,
408 2061 474 2132 petit
496 2069 524 2115 ut
548 2061 656 2116 tollatur
679 2060 767 2115 anima
784 2077 843 2127 sua,
860 2067 887 2115 et
937 2071 998 2119 sunt
1014 2063 1069 2119 imo
1085 2064 1242 2118 subtersunt
1265 2062 1339 2135 [Par.
1365 2061 1489 2135 subsunt]
1511 2062 1595 2133 panni
1617 2068 1735 2118 veteres.

84 2147 212 2202 universa
227 2165 288 2219 quae
303 2156 437 2218 sursunt,
454 2149 482 2203 in
492 2148 637 2206 dilectione
652 2149 712 2219 Dei,
729 2157 757 2205 et
770 2148 886 2220 proximi
935 2152 971 2206 Et
985 2152 1047 2208 ideo
1062 2151 1171 2224 quidem
1184 2152 1246 2218 hoc,
1257 2159 1287 2206 ιιι
1306 2151 1458 2207 ascendens
1474 2165 1490 2206 a
1509 2149 1633 2208 convalle
1643 2150 1737 2221 plora-

84 2236 262 2305 constitueus,
289 2236 331 2292 bis
355 2244 509 2308 soporatus,
534 2237 576 2291 bis
591 2237 731 2302 excitatus,
750 2237 791 2291 bis
805 2236 886 2291 deni·
935 2239 1027 2307 tionis,
1044 2248 1070 2295 et
1084 2247 1195 2296 cantans
1210 2239 1317 2295 cantica
1330 2239 1475 2310 graduum,
1491 2237 1632 2294 vulnerato
1645 2255 1660 2292 a
1673 2239 1736 2295 aba·

83 2340 137 2394 que
153 2322 282 2391 reiectus,
298 2324 364 2379 abiit
386 2325 414 2379 in
436 2324 593 2380 fortitudine
617 2325 670 2382 eibi
693 2325 775 2381 illius.
792 2326 886 2380 Donec
936 2328 1014 2384 ritate
1029 2328 1129 2384 Christi
1139 2328 1223 2385 corde
1237 2329 1306 2397 ejus,
1319 2335 1407 2399 gestet
1426 2327 1510 2382 verba
1525 2327 1582 2397 ejus
1605 2326 1633 2381 in
1647 2326 1736 2382 visce-

83 2419 146 2482 post
160 2412 379 2468 observationem
400 2413 544 2484 Evangelii
559 2422 585 2468 et
611 2413 690 2486 legis,
722 2412 798 2485 quasi
823 2420 886 2484 post
936 2417 1044 2472 ceribus
1059 2417 1138 2488 quasi
1152 2417 1264 2488 sagittas
1282 2423 1384 2471 acutas.
1407 2415 1442 2469 Et
1456 2415 1509 2471 hoc
1533 2414 1642 2486 quidem
1666 2430 1733 2485 pro·

83 2501 265 2573 quadraginta
280 2501 340 2557 dies
354 2501 444 2558 veniat
457 2502 491 2556 ad
502 2510 622 2557 montem
632 2502 700 2567 Dei;
717 2501 764 2556 ubi
777 2502 805 2555 in
819 2516 884 2558 oar·
935 2512 996 2576 pter
1019 2505 1108 2560 iunes.
1148 2489 1219 2559 Sa'ne
1242 2512 1354 2577 propter
1376 2517 1482 2574 pannos
1504 2510 1619 2570 veteres,
1645 2510 1736 2576 gestat

82 2589 125 2643 nis
136 2603 249 2644 manens
264 2589 404 2660 spelunca,
421 2596 483 2660 post
498 2589 623 2662 spiritum
637 2590 770 2661 grandem
784 2597 811 2645 et
825 2589 884 2644 ior·
935 2593 1017 2648 etiarn
1032 2592 1157 2663 exempla
1168 2608 1310 2647 servorum
1324 2591 1384 2661 Dei,
1398 2605 1466 2662 quos
1477 2591 1511 2675 de
1521 2590 1635 2645 mortuis
1644 2590 1732 2659 vivos,

83 2683 149 2746 tem,
165 2677 253 2749 quiet
277 2678 432 2733 altitudines
454 2677 555 2747 dejicit,
573 2685 599 2733 et
622 2677 736 2733 duritias
751 2677 883 2746 conterit,
934 2682 1003 2737 etde
1018 2680 1105 2754 nigris
1122 2680 1229 2735 lucidos
1241 2679 1315 2746 iacit,
1338 2688 1465 2750 tanquam
1492 2678 1626 2735 carbones
1640 2685 1733 2734 vasta-

82 2774 145 2837 post
160 2766 372 2822 commotionem
394 2766 508 2834 timoris,
530 2774 592 2838 post
606 2765 699 2839 ignem
714 2765 826 2832 amoris,
843 2766 879 2821 si·
933 2777 1018 2824 tores.
1033 2767 1206 2824 Ezechielem
1220 2767 1248 2823 in
1263 2767 1389 2823 cincinno
1405 2766 1501 2838 capitis
1516 2765 1568 2832 sui,
1590 2766 1675 2821 missa
1697 2766 1733 2823 ad

82 2853 166 2909 bilum
183 2855 257 2911 audit
277 2870 351 2911 aurae
373 2855 471 2920 tenuis,
498 2855 527 2909 in
550 2855 697 2910 subtilitate
720 2870 796 2926 purae
817 2869 883 2911 con·
932 2874 995 2914 eum
1010 2857 1158 2913 similitudo
1172 2871 1269 2912 manus
1283 2855 1463 2927 apprehendit
1477 2855 1588 2925 (Ezccb.
1605 2870 1665 2922 vin,
1682 2854 1731 2926 3);

81 2941 283 3014 templatiouis;
299 2950 327 2998 et
344 2944 397 3000 boc
421 2943 513 2998 audito
537 2943 627 3010 sibilo,
653 2942 731 3016 quasi
746 2943 792 3014 qui
807 2943 883 2998 olau—
932 2953 958 3001 et
974 2942 1109 3002 elevatum
1120 2945 1191 3001 inter
1206 2951 1307 3000 terram
1323 2950 1351 2999 ιι
1364 2943 1473 3010 caelum,
1489 2943 1517 2997 in
1531 2941 1681 2998 Jemsalem
1697 2942 1732 2998 de

80 3038 138 3087 stra
151 3031 224 3102 eupit
238 3031 326 3087 carnis
341 3032 424 3099 exire,
441 3047 571 3105 egressus
591 3039 644 3087 stat
657 3031 685 3085 in
700 3030 789 3096 ostio;
806 3038 833 3086 ιι
847 3046 882 3086 ιιι
932 3033 1059 3090 Chaldaea
1074 3033 1101 3088 in
1113 3031 1209 3104 spiritu
1233 3032 1317 3101 ducit,
1336 3038 1365 3086 ut
1387 3030 1603 3086 abominationes
1618 3046 1679 3102 qaae
1692 3028 1730 3085 ibi

79 3128 217 3176 scrutator
240 3120 391 3189 majestatis
409 3120 576 3192 opprimatur
590 3135 607 3175 a
621 3119 712 3192 gloria
727 3119 807 3174 etiarn
821 3084 916 3174 vul·G
931 3129 994 3177 sunt
1008 3122 1153 3193 aspiciens,
1170 3122 1205 3176 de
1219 3119 1349 3177 funiculis
1359 3119 1430 3176 lacto
1439 3118 1557 3192 flagello,
1568 3126 1595 3175 et
1608 3126 1730 3174 ementes

79 3216 136 3264 tum
151 3224 228 3264 snum
242 3208 331 3280 operit
352 3208 448 3280 pallio.
477 3209 585 3265 Eliseus
605 3208 727 3276 moritur,
753 3216 778 3264 et
802 3222 879 3263 mor·
930 3219 957 3266 et
970 3211 1120 3265 vendentes
1130 3209 1216 3279 ejiciat
1230 3208 1265 3264 de
1290 3207 1401 3280 templo,
1427 3206 1561 3264 dicendo:
1590 3207 1730 3275 Quoniam

78 3303 141 3352 tuus
156 3296 285 3368 sepelitur
298 3298 326 3369 (l
330 3299 349 3354 V
360 3300 425 3370 llep.
449 3312 512 3364 ιιιι,
535 3299 595 3367 20).
624 3295 679 3352 Cur
693 3296 745 3351 hoo
760 3302 819 3351 erat
833 3295 877 3350 di·
928 3300 1007 3355 aetas
1022 3299 1120 3354 domas
1138 3302 1195 3354 tace
1209 3297 1332 3354 comedit
1346 3312 1391 3352 mc
1406 3295 1498 3368 (loca.
1514 3310 1544 3362 ιι,
1562 3297 1617 3365 li).
1632 3293 1729 3350 Daniel

78 3386 206 3454 cendum,
223 3401 284 3442 curn
302 3402 358 3456 non
381 3385 415 3440 sit
437 3400 548 3455 novum,
572 3384 621 3441 sed
643 3383 808 3456 antiquum?
823 3399 878 3439 non
928 3402 990 3443 curn
1005 3386 1093 3442 tribus
1108 3385 1191 3442 sociis
1205 3384 1262 3441 sais
1276 3384 1394 3441 abstinet
1407 3384 1485 3438 abeo
1500 3382 1574 3454 quod
1590 3398 1673 3438 suave
1687 3390 1730 3439 ost

77 3473 158 3529 alicui
173 3473 320 3545 singulare,
336 3473 522 3531 sodomaibus
532 3474 635 3545 absque
649 3472 705 3528 ulla
717 3472 877 3544 exceptione
927 3475 1025 3544 ventri,
1041 3475 1113 3531 atad
1127 3474 1154 3529 id
1163 3473 1321 3547 pertingere
1347 3471 1435 3544 possit
1450 3471 1523 3543 quod
1537 3485 1592 3526 non
1618 3469 1727 3526 laliaci·

76 3563 243 3619 aommune‘l
257 3563 323 3619 ldeo
337 3563 458 3636 quidem,
479 3570 509 3618 ut
523 3561 602 3618 valde
616 3561 771 3618 venerabile
787 3560 876 3632 sepul·
927 3571 967 3619 ter
981 3563 1060 3619 dulce
1074 3570 1116 3618 est
1130 3562 1212 3619 menti
1225 3581 1233 3629 ;
1248 3561 1348 3633 dignus
1369 3559 1482 3617 effeetus
1495 3565 1603 3626 extunc,
1633 3557 1725 3630 perci·

76 3666 153 3706 crum
164 3650 236 3707 illius
251 3651 419 3719 ostendatur,
433 3651 507 3723 quia,
527 3665 589 3706 eum
608 3650 637 3705 in
649 3649 696 3704 illo
711 3648 785 3722 [dod.
802 3651 874 3705 Par·
926 3667 992 3722 pere
1006 3650 1213 3724 intelligentiam
1232 3648 1353 3706 omniurn
1362 3649 1497 3705 visionum
1506 3654 1533 3702 ιι
1543 3645 1722 3701 somniorum.

76 3740 113 3807 ci,
130 3738 206 3812 illud]
220 3740 314 3797 nescio
329 3740 390 3812 quis
408 3747 531 3794 mortuus
554 3737 705 3810 projicitur,
723 3736 800 3793 tactis
816 3738 875 3807 ejus
924 3739 987 3794 Non
1001 3740 1089 3795 solum
1104 3747 1212 3804 autem,
1229 3738 1277 3794 sed
1297 3746 1324 3794 ιι
1351 3753 1433 3808 super
1447 3735 1558 3791 flumina
1576 3732 1724 3805 Babylonis

75 3828 176 3884 sanctis
191 3829 300 3885 ossibus
314 3829 396 3884 etiam
410 3828 472 3885 vitm
490 3827 611 3899 pristinae
625 3826 781 3882 redonatur.
797 3824 873 3881 Reli·
925 3828 1035 3893 sedens,
1047 3835 1073 3883 et
1087 3827 1115 3883 in
1130 3826 1319 3884 recordatione
1334 3841 1461 3897 supernae
1476 3823 1541 3879 Sion
1555 3822 1633 3892 llens,
1650 3821 1726 3878 lene-

74 3916 171 3990 giosus
182 3933 229 3973 rex
238 3916 380 3986 Ezechias,
391 3917 420 3972 in
429 3916 612 3988 promissione
626 3915 787 3986 apropheta
802 3913 873 3970 acci·
924 3917 986 3971 stris
1000 3916 1092 3973 cordis
1106 3915 1148 3971 sui
1173 3915 1208 3971 ad
1226 3915 1313 3972 Deum
1324 3913 1531 3985 apertis,tribus
1541 3911 1646 3967 vicibus
1660 3919 1722 3968 orat

72 4004 122 4077 pit,
139 4005 201 4077 quia
216 4006 289 4077 quod
301 4006 336 4062 de
351 4005 421 4061 luda
440 4005 566 4072 salvatur,
590 4010 617 4060 et
642 4003 713 4076 quod
738 4002 872 4074 reliquum
922 4004 950 4059 in
964 4004 1008 4061 die
1022 4012 1116 4062 contra
1129 4003 1281 4060 Jerusalem
1298 4022 1304 4070 ;
1321 4003 1464 4075 suspirans
1477 4001 1505 4056 in
1519 4016 1585 4058 vera
1611 3999 1722 4071 spiritus

74 4101 125 4160 est,
141 4093 228 4149 mittet
250 4093 370 4151 radicem
393 4095 521 4150 deorsum
544 4094 570 4164 (l
575 4094 594 4150 V
611 4095 674 4165 Rea.
690 4093 763 4162 ιιι),
780 4107 870 4163 quan·
923 4093 964 4148 sui
980 4093 1113 4162 claritate,
1130 4091 1202 4148 etad
1218 4091 1391 4148 securitatem
1404 4105 1529 4162 supemae
1542 4088 1628 4160 pacis,
1644 4086 1719 4143 etad

72 4189 130 4239 tum
153 4182 189 4238 ad
207 4183 343 4239 occultum
364 4183 473 4239 mundae
496 4181 688 4255 cogitationis3
706 4188 733 4236 et
754 4179 871 4236 fructum
912 4173 1029 4236 'beatam
1043 4189 1069 4236 et
1080 4178 1278 4237 beatificantem
1298 4179 1431 4235 visionem
1459 4177 1633 4247 sempiternae
1659 4175 1717 4230 Tri·

73 4269 155 4327 faciet
169 4287 286 4341 sursum,
304 4280 434 4343 quantum
447 4271 482 4326 ad
496 4270 635 4342 publicum
649 4267 769 4340 egregie
783 4267 883 4323 actio-r
919 4269 1019 4325 nitatis.
1028 4270 1165 4341 Praeparat
1175 4283 1223 4325 cor
1237 4284 1314 4323 suum
1323 4266 1424 4322 Esdras
1435 4265 1527 4322 scriba
1537 4262 1712 4320 doctissimus

71 4357 126 4413 ais.
142 4358 195 4427 Qui
209 4359 290 4415 etiam
304 4361 338 4415 ad
356 4367 531 4431 peccatorum
552 4374 661 4414 suorum
684 4357 730 4429 qui
743 4356 814 4411 inter
828 4355 869 4426 ip-
921 4365 946 4414 et
955 4373 1018 4428 vox,
1029 4364 1058 4413 ut
1067 4357 1211 4429 investiget
1224 4356 1315 4427 legem
1328 4352 1438 4411 Domini
1451 4354 1476 4426 (l
1488 4352 1568 4409 Esdr.
1584 4367 1633 4419 vu,
1658 4352 1713 4421 lb),

72 4462 133 4501 sum
150 4454 176 4501 et
190 4448 278 4502 Deum
304 4447 400 4504 dividit
420 4447 561 4518 parietem,
586 4453 750 4503 convertens
771 4436 904 4500 iaciemD
917 4445 1019 4503 iaciens
1047 4452 1075 4502 ιι
1097 4445 1200 4502 docens
1228 4451 1395 4516 praeceptum
1428 4443 1456 4497 in
1483 4440 1567 4497 lsrael
1590 4448 1616 4496 et
1638 4439 1714 4509 judi-

71 4533 118 4602 (Ν
131 4536 194 4607 Rea·
206 4550 257 4604 xx,
273 4538 311 4607 2),
328 4535 393 4591 dicit
408 4535 484 4607 prius
499 4533 654 4606 iniquitates
668 4548 731 4588 suas
746 4539 774 4586 ul
786 4530 867 4601 jusli-
917 4535 1008 4604 dium3
1024 4534 1114 4592 sciens
1143 4532 1244 4589 animal
1271 4548 1333 4588 esse
1360 4530 1493 4587 mundum
1510 4529 1584 4602 qnod
1610 4528 1714 4600 pariter

68 4619 166 4678 ficetur
181 4641 188 4678 :
203 4623 323 4680 imitatus
336 4624 365 4680 ia
378 4624 430 4680 hoo
450 4623 527 4679 illum
548 4623 593 4694 qui
608 4622 645 4677 ait
661 4635 668 4677 ι
685 4621 868 4694 iniquitatem
916 4624 1031 4680 ruminat
1045 4631 1072 4679 et
1085 4621 1216 4696 ungulam
1244 4619 1330 4676 findit.
1355 4621 1390 4676 Et
1408 4620 1477 4675 bene
1487 4619 1606 4691 primum
1621 4616 1713 4684 iaciat,

71 4726 165 4766 meam
175 4727 221 4785 epo
235 4729 379 4785 coenosae,
393 4717 421 4769 ct
434 4715 583 4785 peccatam
599 4725 695 4766 meam
711 4713 813 4765 contra
823 4723 868 4764 rac
916 4713 1015 4768 deinde
1029 4712 1134 4777 doceat,
1146 4718 1175 4767 ut
1191 4717 1242 4766 eta
1254 4707 1391 4764 mandatis
1405 4707 1514 4764 Domini
1527 4705 1669 4777 intelligat,
1686 4711 1714 4759 et

69 4803 113 4856 ert
121 4815 231 4872 semper
241 4802 366 4871 (Paula,
377 4802 414 4873 5).
424 4802 457 4857 Et
466 4801 527 4856 ideo
537 4799 650 4871 plorans
658 4805 727 4866 orat,
744 4805 771 4852 ιι
785 4812 867 4851 orans
916 4801 1048 4856 inornata
1058 4798 1195 4871 pontificis
1208 4798 1284 4871 prius
1299 4795 1532 4869 superhumerale,
1556 4794 1655 4849 deinde
1671 4807 1713 4847 ra-

68 4887 165 4958 plorat,
177 4897 202 4945 et
213 4889 318 4946 diluere
328 4890 441 4945 studens
451 4896 562 4961 peccata
573 4902 674 4960 magna
683 4901 782 4957 magno
792 4884 865 4953 iletu,
916 4889 1016 4946 tiouale
1031 4888 1187 4960 ponendum
1206 4894 1347 4960 agnoscat.
1377 4884 1539 4941 Consolator
1552 4881 1709 4947 Nehemias,

67 4975 139 5032 sicut
153 4977 243 5048 pullus
265 4978 416 5035 hirundinis
436 4978 475 5033 sic
493 4978 603 5045 clamat,
620 4974 761 5039 meditatur
773 4980 802 5028 ut
816 4988 867 5029 co·
913 4978 990 5048 juxta
1004 4976 1255 5048 interpretationem
1276 4973 1394 5031 nominis
1417 4973 1458 5028 sui
1488 4986 1581 5027 muros
1602 4975 1714 5041 reparat

69 5063 173 5122 lumba.
915 5066 1065 5122 Jerusalem
1077 5065 1114 5136 (ll
1125 5065 1203 5120 Esdr.
1220 5063 1270 5135 ιιι),
1287 5060 1425 5119 aedificans
1439 5060 1468 5116 in
1482 5059 1522 5116 eis
1541 5065 1637 5131 portas
1652 5073 1710 5125 sex,

325 5136 522 5195 CAHTULUM
543 5135 613 5191 vm·
916 5151 1280 5226 qaaesuntiortassisvisus,
1304 5150 1421 5216 auditus,
1437 5157 1542 5221 gustus,
1570 5147 1711 5214 odoratus,

67 5223 359 5296 chaibasdamor're's
369 5225 535 5298 “numqui
549 5224 583 5280 “b
597 5223 799 5305 mmmm
816 5236 866 5276 m·
916 5240 1012 5297 aliatus
1026 5248 1053 5296 et
1066 5246 1161 5296 tactus.
1176 5240 1248 5296 Eece
1261 5246 1340 5310 porta
1356 5237 1467 5311 Gregis,
1482 5243 1561 5307 porta
1584 5234 1714 5302 Piscium,

105 5312 157 5365 Μ
172 5299 208 5354 ad
229 5297 384 5364 chriam
398 5301 427 5354 θ’
450 5297 483 5352 de
506 5296 670 5368 quibmam
687 5294 867 5364 qmswum
915 5337 994 5401 porta
1009 5329 1190 5401 Vetus,porta
1207 5327 1301 5393 Vallis,
1325 5334 1404 5398 porta
1429 5322 1606 5396 sterquilinii,
1636 5329 1715 5394 porta

104 5368 456 5510 &gtqzt‘igincteullfflmu’
472 5366 596 5439 qualiter
614 5379 666 5436 per
690 5378 735 5419 eos
744 5362 867 5434 murata
915 5416 1018 5474 Fontis.
1034 5417 1070 5474 Et
1083 5425 1113 5473 ut
1127 5417 1161 5472 ad
1176 5423 1301 5488 tempora
1315 5414 1411 5488 gratiae
1423 5413 1543 5478 veniam,
1555 5411 1652 5469 ridens
1665 5411 1714 5466 Je-

109 5528 183 5587 vidit
196 5528 279 5585 [naias
294 5526 440 5584 nominum
455 5524 596 5580 sedentem
605 5536 688 5593 ,uper
702 5518 802 5577 solium
816 5534 866 5576 ex.
916 5524 964 5565 ιιιι
981 5506 1086 5576 turbas,
1097 5505 1227 5562 ascendit
1239 5505 1271 5560 ia
1285 5499 1649 5573 marcommannas
1663 5496 1718 5553 alia
