3750 5984
74 213 129 270 bili

379 211 568 273 nxrosttto
587 215 624 272 IN
641 214 832 273 Ertstotas
851 216 963 274 PAULI.
979 248 1014 260 -
1046 218 1082 276 ΙΝ
1096 219 1205 276 EPlS'l'.
1227 220 1316 276 ttlb
1332 220 1403 276 lel.
1671 216 1722 275 toa

75 337 157 393 horto
171 335 239 402 tuit;
256 337 321 410 quis
335 338 485 395 secundum
500 354 610 395 carnem
625 339 714 395 solum
728 338 799 395 filius
813 341 870 395 ba-
886 343 910 402 Α
922 341 1157 416 boandoNegare
1164 343 1291 399 enimDei
1299 352 1340 399 est
1348 344 1418 400 bona
1424 351 1524 400 aeterna
1531 358 1585 399 non
1591 342 1720 398 tribuere.

76 424 123 480 vid
137 424 196 481 tait.
221 426 378 482 llesurrexit
393 427 485 499 utique
509 428 664 484 seeundum
690 428 876 500 Euanpetium
963 430 1070 486 Diceret
1083 430 1208 487 fortassis
1231 432 1389 488 Timotheus
1406 447 1412 486 ε
1430 431 1589 487 Incredibile
1603 430 1720 496 videtur,
1813 423 1816 432 '

76 528 181 578 meum,
198 513 225 568 id
241 522 282 569 εει
296 515 446 571 secundum
455 516 528 587 quod
543 530 596 588 ego
607 514 742 587 praedico,
759 515 803 572 cui
816 531 875 572 cre·
926 519 999 590 quod
1014 519 1086 573 Deus
1100 527 1211 591 propter
1225 528 1366 591 peccatam
1380 520 1498 594 abneget
1507 536 1567 575 eum
1580 519 1625 590 qui
1640 516 1722 573 tidem

77 600 197 656 dandum
213 611 264 669 est,
281 602 344 673 quia
354 603 493 674 apostolus
511 619 527 657 a
551 604 609 659 Deo
624 604 723 658 missas
739 620 808 659 sum.
826 603 875 659 Vel
927 606 952 661 ei
966 606 1109 662 confessus
1125 607 1169 662 sit.
1187 609 1288 664 Contra
1302 609 1354 664 hoc
1378 608 1478 664 Paulus
1494 623 1500 663 :
1517 609 1544 663 Si
1560 623 1615 663 non
1631 606 1721 664 credi-

77 687 116 743 ita
132 703 139 742 :
156 689 196 744 En
211 689 315 745 semine
330 690 417 746 David
429 690 769 747 tuitChristussecundum
780 691 875 747 Evan-
926 709 986 749 mus
1002 694 1074 767 quod
1089 703 1235 768 negantem
1251 712 1281 752 se
1293 697 1327 751 sit
1355 703 1502 769 negaturus
1516 696 1600 761 Deus,
1616 695 1666 750 itte
1676 701 1721 749 ta·

77 774 180 848 galium
193 792 283 832 rueum
301 792 307 831 :
327 778 359 833 in
380 794 432 850 qua
448 778 509 852 quia
530 778 687 845 resurrexit,
703 778 875 849 praedicando
925 798 987 837 men
1002 787 1152 854 permanet
1166 783 1267 853 fidelis,
1283 784 1310 839 id
1325 792 1366 840 εει
1381 799 1462 839 verax
1477 791 1502 839 ct
1517 782 1666 849 credibilis,
1677 780 1723 854 qui

77 879 132 936 ego
143 864 237 921 taboro
248 866 380 938 usquead
390 867 514 923 vinculo.
526 866 754 940 Propterenenim
764 866 875 939 quiasic
925 870 963 924 ait
979 889 1016 925 :‹
1047 870 1098 939 Qui
1127 871 1263 926 erubuerit
1283 887 1327 926 me
1355 886 1447 927 coram
1474 871 1639 937 hominihus,
1668 884 1722 941 ego

76 952 207 1023 praedico,
220 952 248 1007 in
265 953 495 1026 vinculispositus
516 954 699 1026 constringor,
712 956 876 1028 quasimala
926 958 1087 1014 erubescam
1113 975 1174 1014 eum
1197 975 1290 1016 coram
1314 958 1688 1030 Patremeottac.1x,aa).
1707 981 1719 1005 a

76 1055 206 1112 operans,
222 1039 342 1097 339
353 1041 380 1096 id
388 1042 516 1114 estquasi
535 1042 721 1114 deprehensus
739 1043 767 1097 in
783 1042 875 1115 aliquo
926 1045 971 1101 Sic
985 1054 1075 1101 autem
1090 1046 1334 1116 permanetiidelis,
1346 1046 1592 1118 quodimpossibile
1603 1053 1645 1101 est
1659 1061 1722 1101 euru
1742 1035 1744 1039 ’

77 1127 202 1184 crirniue.
221 1128 306 1197 Quasi
324 1129 426 1186 diceret
442 1149 448 1185 :
466 1132 502 1185 Et
513 1145 621 1202 poeuam
634 1130 733 1202 patior,
751 1131 788 1200 (et
803 1130 875 1201 quod
925 1150 980 1189 non
990 1151 1118 1190 veracem
1128 1150 1199 1190 esse.
1212 1136 1272 1190 lton
1283 1135 1355 1191 enim
1365 1138 1457 1207 potest
1467 1151 1570 1207 negare
1584 1139 1720 1206 reipsum,

76 1215 194 1287 amplius
205 1219 312 1290 gravat)
323 1219 480 1290 opprobria.
494 1219 522 1275 si
534 1219 605 1274 enim
625 1225 748 1289 putarent
761 1235 805 1274 me
820 1219 876 1290 pati
925 1222 1009 1278 idest
1036 1238 1066 1278 se
1081 1238 1143 1278 esse
1173 1223 1258 1278 Deum
1276 1241 1282 1277 :
1299 1223 1322 1277 si
1341 1223 1412 1278 enim
1440 1223 1609 1285 mentiretur,
1630 1221 1722 1294 utique

76 1319 128 1375 pro
139 1304 254 1373 justitia,
272 1305 368 1362 solatio
391 1307 457 1362 mihi
485 1305 576 1363 tieret.
611 1308 644 1362 Et
659 1323 711 1380 ego
726 1306 836 1379 quidem
848 1308 876 1362 iu
926 1311 999 1366 Deus
1014 1325 1069 1365 non
1082 1318 1165 1366 esset.
1180 1311 1245 1376 Hoc,
1270 1310 1382 1378 scilicet,
1398 1318 1427 1365 ut
1441 1309 1628 1367 commoriaris
1643 1309 1721 1364 Chri·

76 1390 193 1448 vinculis
204 1395 372 1450 teneorzred
386 1395 500 1451 uerbum
510 1396 560 1451 Det
574 1412 632 1451 non
647 1399 690 1451 est
703 1396 875 1466 alligatum.-
925 1407 978 1465 sto,
994 1407 1020 1454 et
1031 1398 1069 1454 sic
1084 1398 1186 1455 doceas
1199 1398 1267 1454 alios
1278 1414 1326 1470 spe
1340 1398 1503 1455 convivendi
1519 1398 1581 1469 ipsi,
1599 1414 1722 1456 commo·

78 1478 140 1552 quia
151 1479 268 1535 etiamin
280 1481 394 1538 vinculis
404 1481 535 1554 praedico.
546 1482 614 1538 Vide
624 1482 716 1555 igitur,
727 1498 762 1538 ne
772 1490 797 1537 et
808 1483 835 1537 in
850 1490 876 1538 te
925 1504 987 1556 neo,
1002 1491 1030 1543 te
1046 1488 1212 1557 testificans,
1229 1487 1281 1543 hoc
1296 1486 1343 1541 tibi
1356 1503 1453 1544 caram
1469 1489 1534 1553 lieo,
1551 1502 1586 1542 ne
1606 1485 1721 1556 amplius
1742 1497 1745 1508 ⁴

77 1568 160 1624 timor
174 1567 268 1643 alliget
282 1570 396 1627 uerbum
411 1572 470 1628 Dei.
485 1571 590 1626 Memor
608 1587 670 1627 esse
693 1571 779 1627 debes
793 1571 875 1627 Chri·
926 1575 1049 1646 rcquirat
1065 1575 1139 1630 Deus
1154 1574 1315 1648 sanguinem
1329 1574 1463 1631 Timothei
1477 1575 1512 1630 de
1525 1590 1607 1641 manu
1634 1572 1720 1629 Pauli.

77 1663 149 1712 stum
164 1658 317 1714 surrexisse
335 1674 342 1713 :
359 1658 423 1730 quia
449 1659 510 1716 ideo
525 1659 597 1730 qaod
613 1674 718 1715 memor
732 1676 802 1729 sum,
818 1659 873 1715 sci·
889 1662 1028 1754 BEtlicet
1043 1671 1069 1718 te
1081 1669 1155 1717 tanta
1163 1661 1331 1718 districtione
1345 1677 1541 1729 commoneam,
1556 1670 1646 1717 tumen
1661 1661 1722 1717 noli

77 1746 141 1802 licet
164 1747 375 1803 resurrectionis
390 1747 472 1811 illius.
489 1747 571 1803 credo
585 1763 620 1802 ue
633 1755 848 1804 resurrecturum
865 1763 872 1803 :

77 1855 128 1912 per
142 1854 215 1903 eum,
229 1836 355 1891 sustineo
371 1838 467 1892 omnic
483 1835 590 1890 vincula
613 1843 639 1890 ει
652 1835 807 1907 opprobria.
823 1835 873 1890 Di·

77 1935 154 1987 eeret
179 1924 278 1997 aliquis
295 1942 302 1978 :
318 1923 407 1979 Etiam
422 1923 446 1978 si
459 1924 518 1980 haec
545 1940 601 1979 non
616 1924 776 1991 sustineres,
792 1941 873 1979 mun-

78 2017 145 2072 ditia
159 2015 222 2071 sitae
245 2020 271 2069 et
285 2011 354 2068 fides
382 2027 447 2067 sana
472 2009 619 2069 sufficeret.
636 2012 733 2067 Contra
748 2013 799 2068 hoc
814 2012 872 2068 ait:

77 2106 209 2163 Sustineo
224 2101 319 2174 utique
345 2105 462 2174 propter
475 2102 576 2157 eleetos
591 2100 640 2155 Dei
656 2099 801 2155 salvandos
817 2117 824 2155 ε
842 2104 874 2157 ut

78 2194 171 2265 stipsi
181 2189 318 2264 preelecti
332 2190 414 2244 abeo
423 2192 633 2261 consequantur
647 2189 780 2255 salutem,
791 2187 819 2243 id
833 2195 874 2243 εει

75 2279 298 2351 justificationem
312 2293 328 2333 a
343 2276 463 2348 peccatis
478 2275 506 2330 in
520 2275 658 2347 presenti,
670 2293 731 2349 qaae
745 2275 818 2331 salus
832 2280 875 2332 est

79 2370 112 2425 in
126 2367 237 2424 Christo
250 2368 326 2423 iesu.
341 2366 557 2436 Consequentur,
573 2364 694 2437 inquam,
709 2365 779 2420 hanc
799 2364 874 2419 salu-

78 2464 132 2513 tem
147 2471 211 2512 cum
226 2455 331 2512 celesti
339 2454 431 2526 picria
447 2473 456 2508 .·
471 2453 533 2524 quia
549 2469 597 2525 per
608 2452 796 2508 remissionem
807 2468 874 2524 pec-

77 2552 212 2611 catorum,
224 2558 285 2616 quae
294 2542 338 2598 hic
349 2540 387 2608 fit,
399 2541 598 2612 perveniturad
606 2548 736 2596 eternam
746 2540 872 2612 gloriam.

58 2629 128 2690 'tlte
143 2641 232 2688 autem
261 2646 353 2688 sermo
382 2646 463 2702 quem
487 2628 552 2695 dixi,
575 2629 751 2684 laborandum
771 2629 874 2685 scilicet

77 2737 140 2778 esse
154 2738 203 2793 spc
231 2718 451 2784 resurrectioniS,
467 2718 560 2787 ridetis
575 2725 616 2772 cst
626 2726 653 2771 et
666 2717 737 2773 bene
753 2716 874 2773 credibi-

75 2809 121 2865 lis.
137 2809 229 2865 Fidele
245 2816 286 2864 est
300 2808 392 2880 utique
407 2813 433 2862 ct
447 2806 516 2862 hene
535 2804 667 2861 credibile
684 2822 691 2859 z
708 2805 778 2877 quod
796 2805 819 2860 si
832 2805 874 2861 le-

75 2897 171 2972 gitime
195 2896 319 2966 laboras,
343 2910 472 2968 resurges
496 2892 727 2965 quemadmodum
742 2893 873 2949 Christus.

74 2987 183 3043 llamri
197 3001 295 3041 samus
310 2983 488 3051 commortui,
504 2980 726 3054 derelinquentes
741 2989 818 3039 actus
828 2997 875 3038 ve·

925 1750 1093 1807 contendere
1102 1749 1202 1817 uerbis,
1214 1750 1392 1807 immoderate
1402 1750 1526 1807 docendo
1537 1750 1610 1822 quod
1624 1750 1720 1805 doceo.

925 1839 976 1894 Vel
988 1838 1023 1892 ita
1040 1856 1047 1893 :
1062 1840 1127 1904 lloc,
1155 1838 1238 1894 idest
1267 1838 1500 1895 commoriendum
1522 1853 1585 1894 esse
1614 1837 1721 1893 Christo

924 1942 973 1998 spe
987 1925 1164 1996 convivendi,
1181 1942 1325 1985 commone
1343 1926 1428 1993 alios,
1447 1924 1593 1983 testificans
1609 1925 1667 1981 bec
1681 1925 1721 1981 eis

924 2030 1015 2072 coram
1030 2016 1087 2070 Deo
1104 2030 1110 2068 :
1127 2031 1162 2070 ne
1176 2015 1287 2086 sanguis
1316 2030 1409 2070 corum
1420 2015 1455 2070 de
1469 2030 1552 2069 manu
1567 2021 1612 2069 tua
1627 2014 1721 2085 requi-

926 2110 1008 2158 ratur.
1024 2103 1059 2159 Et
1072 2103 1100 2157 in
1125 2102 1324 2159 commonendo
1338 2104 1400 2158 noli
1426 2101 1595 2159 contendere
1621 2101 1720 2168 verbis,

924 2191 960 2248 ad
969 2191 1045 2248 nibil
1055 2193 1131 2247 enirn
1143 2192 1214 2248 utile
1222 2195 1265 2247 est
1275 2190 1394 2263 litigare,
1403 2191 1460 2246 nisi
1470 2190 1506 2245 ad
1514 2191 1721 2247 subversionem

924 2280 1103 2336 audientum.
1126 2280 1155 2335 si
1170 2278 1243 2335 enim
1269 2278 1430 2350 insipientes
1458 2278 1570 2334 audiunt
1584 2277 1721 2349 quoslibet

924 2368 1040 2440 litigare,
1056 2383 1103 2424 eoa
1117 2368 1163 2440 qui
1177 2367 1265 2439 magis
1292 2366 1405 2423 clamosi
1420 2375 1492 2434 sunt,
1517 2374 1610 2437 putant
1620 2365 1720 2434 justio-

925 2473 982 2512 rem
998 2471 1107 2512 causam
1123 2457 1235 2512 habere.
1258 2456 1407 2511 Stultorum
1422 2463 1463 2511 εει
1478 2455 1550 2510 enim
1566 2453 1654 2510 stultis
1668 2454 1719 2510 ad·

924 2545 1037 2600 haerere.
1054 2544 1082 2599 Si
1098 2560 1164 2600 vero
1179 2553 1275 2600 neuter
1288 2544 1451 2615 litigantium
1475 2543 1593 2599 clamore
1608 2557 1721 2614 supera-

925 2632 1002 2700 verit,
1015 2631 1265 2688 340dubitant
1274 2631 1421 2703 simplices,
1428 2631 1482 2688 utri
1489 2631 1721 2703 magisadhaercn-

924 2721 989 2776 dum
1005 2721 1049 2776 sit.
1066 2721 1129 2778 Noti
1143 2721 1312 2778 contendere
1325 2739 1334 2775 .·
1349 2721 1398 2776 sed
1417 2721 1539 2777 sollicite
1554 2735 1624 2776 eura
1638 2719 1721 2777 exti-

925 2809 987 2865 bere
999 2811 1223 2882 teipsamtotum,
1236 2816 1262 2864 ct
1271 2823 1387 2880 corpore
1402 2816 1429 2863 et
1439 2807 1718 2879 animoprobnbitem,

924 2897 952 2952 id
968 2905 1010 2952 εει
1023 2897 1189 2952 laudabilem
1197 2898 1264 2952 Deo.
1283 2897 1314 2952 Ut
1324 2904 1413 2953 autem
1424 2896 1462 2950 sis
1471 2894 1629 2967 probabilis,
1640 2911 1721 2967 opor·

924 2992 961 3041 tct
976 2993 1001 3041 ιε
1016 3001 1078 3041 εεεε
1105 2986 1266 3057 operariam
1290 2985 1521 3056 inconfusibitem
1544 3004 1553 3040 :
1575 2982 1649 3054 quod
1664 2998 1719 3038 non

73 3074 142 3131 teris
156 3073 274 3128 hominis
289 3073 364 3138 tdae,
394 3073 573 3127 convivemus
602 3070 683 3126 etiam
712 3086 774 3127 cum
802 3070 872 3142 ipso,
890 3044 1072 3129 cerubescas
1087 3073 1233 3144 predicare
1248 3088 1358 3129 crucem
1375 3072 1485 3139 Christi,
1506 3072 1613 3141 etalii
1631 3075 1717 3140 recta,

76 3162 140 3221 lacti
154 3161 338 3234 impassibiles
353 3168 379 3215 et
393 3159 560 3216 immortales
575 3158 671 3225 utille;
688 3159 813 3214 Christus
822 3159 873 3213 uti·
922 3162 950 3217 id
965 3162 1079 3217 estsine
1094 3161 1285 3226 contentione,
1303 3176 1365 3216 cum
1379 3160 1453 3216 omni
1467 3159 1613 3225 modestia,
1644 3163 1720 3215 trae·

75 3266 129 3324 que
144 3249 263 3322 quandiu
278 3248 306 3303 in
320 3248 421 3304 mando
436 3255 612 3304 conversatus
627 3254 677 3313 cst,
687 3255 764 3304 actus
778 3263 874 3302 omnes
924 3254 1034 3306 tantem
1046 3249 1159 3305 verbam
1169 3249 1309 3304 ueritatis.
1320 3249 1451 3306 Utautem
1469 3255 1543 3304 recte
1554 3255 1719 3317 qucastrac·

72 3337 175 3395 veteris
190 3336 308 3392 hominis
331 3344 441 3407 tpraeter
456 3338 609 3408 peccatam)
624 3335 728 3391 habuit.
754 3335 874 3391 Esurivit
924 3346 980 3394 tare
999 3337 1112 3393 verbum
1125 3337 1185 3403 Dei,
1202 3336 1296 3392 devitu
1308 3338 1441 3409 profana,
1454 3336 1482 3391 id
1496 3344 1538 3393 est
1552 3336 1598 3391 illa
1612 3334 1719 3408 penitus

73 3426 147 3483 enim
162 3426 273 3497 (ltattb.
289 3426 340 3497 tv),
357 3424 438 3480 sitivit
453 3427 534 3482 toan.
550 3424 624 3494 xix),
637 3423 767 3496 fatigatus
777 3430 828 3488 εει,
845 3431 874 3479 ut
924 3425 1115 3482 abominanda.
1131 3424 1225 3480 Devita
1236 3424 1316 3480 etiam
1327 3424 1514 3496 inaniloquia,
1524 3424 1601 3479 idest
1616 3439 1682 3495 quar.
1695 3422 1719 3478 si

73 3522 148 3589 patet
158 3513 345 3585 inEvangelio
368 3512 481 3569 loannis
496 3514 588 3583 (ioan.
604 3528 643 3578 ιν,
661 3514 698 3583 6),
715 3512 749 3567 ad
763 3520 874 3584 puteum
923 3514 1025 3569 nonita
1035 3512 1148 3584 prolana
1159 3520 1230 3581 sunt,
1242 3512 1524 3568 inutiliatamensunt.
1537 3511 1634 3566 Devita
1645 3510 1718 3576 idco,

73 3619 136 3660 cum
152 3603 307 3659 Chananaea
322 3603 414 3676 (toan.
430 3600 596 3673 rviloqucns
610 3600 656 3673 qui
670 3616 736 3656 vere
751 3600 874 3655 mortalis
924 3602 990 3674 quia
1000 3600 1157 3657 haeclnania
1167 3602 1383 3656 verbamuttum
1393 3598 1721 3673 proficientadimpieta·

78 3699 104 3747 ct
115 3690 253 3764 passibilis
265 3697 331 3746 erat.
345 3689 398 3746 Sed
408 3696 555 3761 postquam
565 3696 678 3744 mortem
687 3704 736 3759 pro
747 3687 875 3744 omnibus
925 3695 980 3746 tem
991 3689 1208 3762 persuadendam
1219 3693 1362 3745 :etsermc
1376 3705 1482 3755 eorum,
1499 3686 1589 3742 inania
1602 3686 1720 3758 loquen-

71 3779 193 3854 pertulit,
211 3794 299 3850 neque
314 3794 439 3842 manum,
456 3793 545 3848 nequa
560 3777 668 3848 pedem,
684 3777 718 3831 ad
733 3784 809 3832 actus
823 3791 873 3832 ve·
924 3777 1094 3850 tiam,serpit
1104 3777 1235 3849 paulatim
1244 3781 1276 3833 ut
1287 3793 1398 3846 cancer,
1406 3776 1452 3849 qui
1461 3775 1575 3831 morbus
1582 3773 1721 3846 paululum

71 3868 266 3926 terishominis
281 3866 401 3923 extendit
414 3883 421 3920 :
433 3864 520 3922 lactus
533 3864 709 3937 impassibilis
725 3873 751 3920 et
761 3863 874 3919 immor·
924 3865 1016 3922 carnis
1031 3865 1144 3938 primum
1160 3873 1285 3936 occupat,
1302 3865 1352 3920 scd
1366 3863 1495 3935 paulatim
1512 3862 1600 3934 magis
1614 3878 1645 3919 ac
1659 3878 1720 3917 mn·

71 3957 145 4014 talis.
158 3956 186 4012 Si
197 3972 261 4013 vero
271 3954 522 4010 noscommorimur
537 3953 562 4010 ei
571 3953 601 4008 in
613 3953 786 4024 baptismate,
802 3952 874 4024 quod
924 3954 967 4026 gis
990 3961 1190 4026 augmentatur,
1215 3954 1303 4010 donea
1326 3952 1440 4010 occidat.
1470 3954 1504 4008 Et
1532 3952 1572 4008 sic
1600 3950 1720 4007 haeretici

71 4046 101 4101 in
122 4060 204 4102 onice
219 4044 253 4099 ad
261 4042 482 4113 justificationem
491 4040 631 4097 hominum
641 4040 820 4106 consecravit,
830 4039 873 4095 cl·
923 4042 999 4114 prius
1013 4041 1109 4098 callide
1123 4041 1271 4108 inducunt,
1288 4041 1362 4113 quod
1385 4057 1436 4097 nec
1454 4041 1588 4112 prodesse
1602 4056 1654 4097 aec
1668 4055 1720 4096 no-

72 4133 191 4189 tundens
202 4148 298 4204 aquam
314 4131 442 4187 delatore
454 4146 513 4196 suo,
530 4137 555 4184 ct
562 4128 700 4199 justificati
715 4145 765 4201 per
776 4128 875 4199 baptis·
924 4146 987 4186 cere
1001 4129 1136 4198 videatur,
1153 4137 1180 4185 ει
1194 4128 1292 4185 dehinc
1307 4128 1468 4184 alternando
1479 4127 1607 4194 rationes,
1619 4127 1722 4184 sensim

74 4238 148 4278 mum
159 4220 272 4276 ulterius
285 4220 320 4274 ad
336 4226 413 4275 actus
428 4217 527 4274 veteris
543 4217 670 4283 hominis,
680 4217 707 4272 id
722 4224 762 4271 est
778 4217 812 4271 ad
827 4215 875 4270 mi·
923 4219 951 4274 in
966 4217 1110 4273 maximam
1131 4217 1256 4273 haercsim
1271 4217 1402 4273 excrescit
1417 4215 1540 4272 doctrina
1555 4230 1660 4270 eorum.
1676 4216 1721 4272 Ea

72 4310 161 4368 serias
171 4308 284 4380 peccati,
294 4314 570 4362 sensusnostrosnon
580 4305 874 4360 extenderemusmon·
924 4305 1184 4380 quibasvaniloquis
1201 4310 1244 4361 eet
1264 4307 1441 4378 Hymeaoeus,
1458 4307 1486 4359 et
1511 4304 1651 4372 Philetus,
1673 4302 1722 4376 qai

75 4400 199 4455 marmus
214 4396 253 4451 illi
270 4411 276 4450 :
292 4394 356 4452 lacti
372 4411 434 4451 cum
449 4410 482 4450 eo
497 4392 681 4465 impassibiles
697 4400 723 4448 et
738 4392 910 4458 immone-1)
925 4394 1096 4451 exciderant
1109 4411 1127 4449 a
1141 4395 1263 4450 veritate
1277 4391 1351 4449 fidei.

76 4486 127 4542 les.
139 4485 242 4541 Sivero
251 4484 331 4553 hujus
341 4483 438 4538 mortis
447 4482 592 4555 participes
602 4497 657 4536 non
666 4480 808 4547 fuerimus,
824 4496 875 4538 nec
961 4481 1128 4537 Determinat
1144 4497 1205 4553 quae
1218 4481 1252 4536 sit
1265 4479 1380 4538 haercsis
1395 4495 1499 4547 eorum,
1515 4488 1543 4535 ut
1557 4478 1580 4534 si
1594 4478 1664 4535 torte
1674 4495 1721 4535 ve-

75 4573 138 4630 vitae
160 4573 219 4642 eius
247 4571 480 4644 participabimur.
498 4570 527 4626 si
541 4570 712 4626 solummodo
727 4569 875 4625 commori·
925 4570 1015 4627 neriat
1025 4570 1059 4625 ad
1075 4569 1254 4637 Timotheum,
1270 4577 1422 4641 precaveat
1446 4568 1498 4624 sibi
1514 4586 1522 4622 :
1536 4568 1663 4624 duentes
1677 4583 1721 4623 re·

75 4678 138 4717 mur
152 4661 177 4718 ei
194 4676 200 4716 :
217 4660 340 4716 vivemus
353 4674 414 4715 cum
430 4674 473 4714 eo.
490 4658 519 4714 Si
534 4673 600 4714 vero
623 4657 707 4729 (quod
720 4657 807 4726 majus
822 4656 875 4728 εει)
925 4658 1131 4715 surrectionem
1141 4658 1202 4729 jam
1217 4672 1276 4715 esse
1293 4660 1413 4730 sociam,
1439 4655 1481 4713 vel
1499 4655 1527 4711 ia
1542 4655 1644 4728 hirqui
1659 4670 1721 4710 cum

75 4749 294 4814 sustinebimus,
318 4756 347 4803 ut
374 4755 521 4818 martyres,
551 4747 649 4819 quibus
672 4745 742 4801 mori
756 4745 876 4816 peccatis
926 4746 1034 4802 Christo
1044 4754 1231 4813 surrexerunt,
1244 4745 1287 4801 vel
1299 4744 1328 4800 in
1337 4745 1482 4816 baptismo,
1493 4744 1520 4798 in
1534 4758 1587 4816 quo
1602 4758 1619 4798 a
1633 4749 1721 4797 morta

76 4852 132 4894 non
150 4835 283 4903 satisfuit,
295 4833 814 4906 sedprojustitiavolueruntpati:nos
828 4832 875 4887 uti·
925 4834 1029 4906 peccati
1051 4833 1189 4889 advitam
1217 4834 1344 4890 virtutum
1373 4832 1550 4906 resurgimus.
1580 4831 1629 4886 llla
1647 4829 1721 4887 enim

76 4941 130 4998 que
145 4925 207 4997 quia
234 4923 438 4992 sustinebimus,
458 4922 702 4994 conregnabimus,
718 4921 746 4977 id
765 4929 805 4978 εει
821 4936 874 4976 non
926 4923 995 4977 trina
1010 4921 1165 4989 immersio,
1196 4921 1363 4993 sepulturam
1380 4920 1479 4979 Christi
1495 4920 1576 4975 trium
1591 4919 1722 4976 dierum:

75 5013 163 5070 solum
179 5012 312 5078 vivemus,
325 5011 374 5067 sed
389 5012 472 5068 etiam
499 5010 591 5082 palma
606 5018 633 5066 et
648 5010 760 5082 quidam
776 5009 874 5064 trium·
925 5010 1040 5068 elevatio
1056 5026 1134 5076 vero,
1165 5010 1391 5067 resurrectionem
1406 5008 1504 5065 Christi
1526 5007 1670 5080 significat.
1687 5008 1723 5065 Et

75 5097 146 5168 pbus
162 5094 208 5151 liet
227 5096 305 5152 nobis
320 5112 369 5166 pro
379 5095 510 5168 dignitate
521 5094 654 5166 martyrii.
666 5094 740 5151 Licet
749 5094 875 5149 amnibus
926 5099 966 5156 sie
979 5099 1101 5155 dicentes
1115 5097 1282 5154 rubuertant
1293 5099 1377 5167 fidem
1391 5096 1586 5171 quorumdam.
1599 5098 1651 5154 Sed
1661 5097 1723 5153 licet

76 5200 139 5241 esse
153 5201 214 5242 cum
231 5184 338 5239 Christo
362 5182 484 5249 sufficiat,
501 5183 633 5238 tamenin
648 5183 694 5237 illa
709 5182 876 5238 beatitudine
925 5187 964 5243 illi
983 5187 1149 5253 subvertant,
1166 5194 1255 5242 tamen
1270 5187 1494 5258 fundamentum
1509 5186 1569 5255 Dei,
1595 5185 1623 5240 id
1638 5184 1721 5240 estin

76 5273 257 5329 discretiones
271 5280 332 5328 sunt
347 5271 517 5343 dignitatum.
534 5271 603 5326 Vere
627 5271 650 5326 si
672 5270 874 5339 commorimur,
926 5276 1024 5348 quibus
1035 5275 1103 5331 fidos
1119 5275 1188 5331 beno
1204 5274 1316 5330 tundata
1334 5278 1386 5340 est,
1404 5281 1431 5330 et
1446 5273 1523 5346 quie
1544 5288 1678 5328 converso
1694 5272 1722 5326 in

75 5360 345 5432 convivemusrquia
356 5360 382 5415 si
395 5359 590 5432 negaverimus
605 5360 691 5413 Deum
701 5400 707 5423 ,
719 5357 876 5429 meleager·
926 5363 979 5420 fide
993 5381 1043 5436 pcr
1065 5365 1151 5420 Deum
1173 5362 1279 5418 fundati
1294 5370 1356 5417 sunt
1372 5380 1379 5416 ε
1397 5362 1459 5428 hoa,
1481 5361 1601 5433 iuquam,
1618 5361 1724 5433 sunda-

75 5450 113 5511 d0
125 5467 131 5513 t
145 5450 197 5510 tue
208 5449 289 5506 etiam
307 5449 419 5526 negabit
428 5465 489 5519 nar,
502 5446 584 5505 vitatu
600 5454 729 5507 aetcmam
747 5461 800 5502 non
824 5445 875 5501 tri·
925 5457 1055 5510 mentum
1065 5460 1105 5508 cst
1114 5451 1540 5524 firmumltobenssipuacatum.
1552 5449 1610 5506 lloc
1621 5447 1722 5505 dictum
