3742 5986
96 208 100 213 1
174 126 226 181 615
597 127 769 188 GUIGONIS
788 128 799 184 l
818 125 1022 186 CARTHUSIAE
1042 124 1187 183 uatoms
1206 127 1346 190 emotus
1364 130 1397 190 V.
1772 136 1822 190 616

175 250 348 307 inimiecest
357 251 420 308 Deo.
434 251 487 319 Qut
496 252 1010 312 enimvotueritesseamicaasoecc·A
1060 250 1113 319 Qui
1123 259 1149 310 te
1163 253 1192 309 in
1206 262 1232 311 te
1246 255 1298 311 frui
1312 256 1379 324 vult,
1391 270 1439 311 eas
1455 262 1509 312 ate
1523 253 1628 328 gratim
1640 253 1745 310 meruit
1759 271 1825 329 quas

177 337 198 392 ii
206 337 300 411 bajus,
309 340 444 396 inimicas
456 341 505 396 liei
515 343 703 397 constituitur
712 341 782 413 (fac.
803 357 842 409 iv,
862 341 900 413 l).
920 339 973 409 Qui
1022 355 1123 397 muscae
1138 349 1164 397 et
1177 342 1294 415 pulices,
1311 352 1386 400 tuum
1401 352 1531 418 sugentes
1547 344 1721 416 sanguinem.

72 477 77 486 ,
175 432 267 481 ιιιιιι
281 426 368 498 diligit
383 427 426 484 vel
440 444 521 484 unam
531 444 653 485 muscam
666 429 875 494 iuhoemundo,
888 437 972 485 totum
1059 429 1086 484 Si
1106 430 1164 486 haec
1187 430 1298 504 (quibus
1317 433 1344 488 in
1368 440 1516 489 mentetua
1539 431 1682 503 impressis
1707 431 1825 488 adrnira-

174 515 304 570 mundum
320 515 414 589 diligat
438 533 552 573 necesse
572 526 622 572 est.
645 519 727 574 Totus
747 519 818 574 enirn
843 517 868 574 ei
891 533 972 590 quam
1021 517 1094 574 tione
1109 528 1135 573 et
1148 535 1251 587 amore,
1264 522 1309 594 qui
1320 523 1408 578 cultus
1423 521 1475 577 soli
1492 523 1551 578 Deo
1562 520 1687 590 debetur,
1704 535 1828 578 succum·

175 602 263 674 diligit
277 604 318 658 rei
333 605 506 660 necessarius
521 613 572 662 est.
589 607 674 662 Porro
690 606 811 679 quandiu
826 621 904 662 amor
918 607 972 661 hu·
1022 606 1076 676 bis)
1091 607 1118 661 in
1132 607 1222 679 aliquo
1237 610 1338 681 angulo
1352 612 1461 679 domus,
1477 627 1526 666 ιιι
1541 610 1659 681 sculpta,
1677 625 1727 665 seu
1743 609 1825 682 pieta,

173 690 217 759 jus
231 693 334 759 mundi,
351 693 443 748 tandiu
457 693 604 750 inimicitiae
619 695 691 750 inter
706 696 792 750 Deum
807 702 834 750 et
848 693 973 750 homines
1022 694 1202 751 admiratione
1228 713 1276 754 seu
1300 714 1405 766 amore,
1430 715 1478 754 seu
1503 697 1627 769 corporis
1650 697 1827 754 inclinatione

176 786 247 834 sunt.
264 780 331 836 Cum
345 796 413 853 ergo
427 782 460 837 ab
474 781 513 838 eis
537 790 565 838 te
584 783 626 837 vis
654 783 740 855 diligi,
757 791 785 838 ut
799 782 901 838 inimici
915 783 973 838 Deo
1023 784 1206 850 venerareris,
1223 792 1250 841 et
1273 787 1458 844 innotesceret
1478 785 1591 859 populo,
1607 785 1674 859 quid
1687 785 1723 843 de
1738 793 1766 842 te
1788 784 1827 842 fa·

175 864 240 922 fiant
254 868 305 922 vis.
323 869 457 925 Praediaas
471 878 562 927 autem
576 878 605 925 ut
620 871 751 943 quidquid
774 879 816 926 est
838 879 971 937 creatum,
1023 882 1120 936 cerer?

175 962 372 1026 contemnatur,
390 967 522 1030 quatenus
537 960 594 1015 Deo
609 958 829 1015 reconcilientur.
845 958 972 1030 Nunquid
1058 968 1154 1024 Mulier
1168 978 1229 1040 quae
1242 966 1354 1037 propter
1368 964 1421 1022 boc
1435 978 1490 1019 non
1504 962 1664 1031 fornicatur,
1681 969 1710 1018 et
1725 962 1827 1019 deserit

175 1061 244 1120 ergo
264 1053 290 1101 te
304 1046 393 1102 solum
408 1055 569 1119 excepturus
589 1063 629 1113 es,
654 1047 830 1119 dicturusque
853 1047 973 1102 homini·
1022 1056 1162 1127 proprium
1186 1055 1283 1121 virum,
1314 1052 1446 1125 quianon
1474 1052 1578 1108 invenit
1602 1050 1758 1106 adulterum
1782 1051 1826 1106 dia

175 1134 226 1189 bus
243 1152 249 1189 τ
267 1133 364 1190 Omnia
378 1136 542 1191 contemnite
564 1143 674 1207 propter
694 1137 781 1191 naun
806 1142 904 1206 nraeter
917 1151 971 1202 ne,
1022 1160 1192 1210 mansurum,
1207 1158 1263 1199 non
1277 1139 1521 1206 ntatadulreriun,
1543 1138 1592 1195 sed
1606 1139 1705 1211 querit
1719 1139 1826 1194 nutur-

174 1230 202 1277 ιι
218 1222 321 1279 ιιιιιιιι
336 1223 374 1277 nil
396 1223 430 1278 sit
453 1223 526 1278 aliud
547 1224 621 1295 quod
644 1223 776 1295 impediat
799 1224 974 1280 reconciliari
1022 1229 1384 1288 num,·ruaute1nadmall
1408 1228 1545 1285 cumulum
1569 1227 1729 1283 divaricasti
1748 1243 1826 1284 crura

172 1311 379 1378 h⁰¹¹¹i1108000.
406 1312 458 1366 nisi
482 1319 520 1379 1¹1,
543 1320 622 1384 alque
645 1312 683 1366 ita
703 1319 861 1382 propterte
885 1313 973 1368 solum
1023 1321 1122 1376 mentis
1145 1327 1198 1375 ιιι
1218 1319 1293 1375 omni
1322 1316 1483 1380 transeunti,
1506 1323 1534 1371 ut
1558 1315 1601 1371 vel
1626 1316 1826 1372 momentaneis

173 1399 321 1457 inimicitiae
336 1399 407 1455 inter
421 1401 508 1455 Deum
523 1407 549 1455 et
566 1400 692 1456 homines
713 1409 900 1471 perseverent,
926 1402 974 1456 sit·
1023 1409 1163 1464 adulteriis
1178 1406 1319 1473 fruereris,
1335 1406 1398 1479 quia
1412 1403 1546 1461 diuturnis
1569 1402 1614 1460 vel
1636 1402 1753 1460 aeternis
1772 1419 1825 1460 non

175 1503 228 1560 que
242 1503 324 1543 nemo
338 1487 441 1556 salvus,
457 1487 522 1543 dum
537 1487 676 1559 diligendo
691 1496 727 1554 te,
743 1495 828 1544 totum
843 1489 973 1545 mundum
1022 1505 1145 1569 poteras.

173 1576 289 1648 diligere
304 1584 438 1648 coguntur
452 1583 581 1647 tanquam
597 1576 650 1631 sibi
664 1572 851 1633 necessarium
863 1578 877 1633 i
891 1577 1008 1666 AliudB
1059 1586 1123 1641 flaec
1137 1591 1179 1641 est
1193 1599 1306 1655 prorsus
1322 1581 1462 1654 pravitatis
1485 1580 1611 1636 humanae
1630 1571 1750 1649 summa,
1766 1595 1824 1636 me-

173 1673 216 1719 est
230 1671 319 1719 autem
343 1664 458 1736 diligere
473 1664 597 1720 homines
612 1665 640 1719 in
666 1664 770 1720 muodo
792 1664 837 1721 vel
861 1673 973 1736 propter
1021 1674 1088 1730 liora
1102 1688 1132 1728 se
1147 1672 1286 1739 deserere,
1302 1671 1329 1725 id
1344 1678 1386 1726 est
1401 1670 1507 1734 neum
1524 1676 1550 1724 ea
1568 1666 1722 1724 minoribns
1737 1683 1769 1725 se
1782 1669 1825 1724 jn.

175 1753 317 1819 mundum,
333 1752 406 1808 aliud
419 1753 447 1809 in
462 1754 519 1810 Deo
534 1754 576 1809 vel
601 1760 712 1825 propter
725 1754 822 1823 Deum,
838 1752 912 1810 aliud
927 1771 971 1808 au·
1022 1760 1145 1830 tendere,
1161 1760 1332 1832 fruendoque
1355 1758 1397 1815 eis
1420 1757 1562 1824 inhaerere,
1577 1755 1664 1813 idest
1685 1763 1824 1829 tempora-

174 1841 238 1912 pide
251 1840 295 1897 vel
308 1841 532 1898 misericorditer.
1022 1850 1103 1907 libus.

1059 1937 1218 1995 Scarabaeus
1248 1936 1312 1992 dum
1346 1933 1512 2007 supervolat,
1528 1940 1626 1990 cuncta
1654 1932 1767 1989 intuens
1789 1933 1826 1990 nil

405 2001 602 2059 CAPITULUM
621 2001 670 2058 ῙΧ·
1022 2025 1165 2099 pulchrum
1178 2033 1224 2081 aut
1238 2039 1334 2081 sanum
1349 2024 1407 2080 sive
1422 2021 1545 2078 durabile
1559 2020 1644 2092 eligit,
1661 2021 1723 2090 sed,
1738 2021 1825 2079 sicubi

175 2127 213 2183 De
227 2126 325 2182 animo
339 2141 400 2197 ιιι
413 2141 465 2197 per
478 2126 649 2196 fruitionem
667 2127 696 2180 at
720 2139 844 2182 amorem
864 2129 972 2197 tempo.
1023 2123 1144 2170 stercora
1155 2115 1247 2183 jacent
1259 2113 1380 2179 fetentia,
1397 2111 1437 2168 eis
1461 2110 1585 2183 protinus
1599 2109 1710 2176 insidet,
1726 2110 1825 2181 spretis

211 2197 319 2252 rollum
333 2197 413 2252 nfteo
435 2195 550 2264 recedit,
576 2199 635 2253 etc
660 2197 832 2252 comanitas
855 2200 972 2253 consta·
1022 2210 1062 2258 tot
1075 2202 1205 2274 pulchris.
1221 2203 1260 2257 Ita
1275 2201 1383 2257 animm
1403 2207 1465 2255 tuus
1487 2197 1587 2255 coelum
1610 2206 1777 2272 terramque,
1800 2206 1825 2254 et

210 2271 324 2339 fiatur·
1023 2307 1084 2364 quae
1094 2290 1121 2346 in
1132 2291 1172 2346 eis
1182 2305 1283 2362 magna
1298 2297 1324 2345 et
1342 2288 1463 2361 pretiosa
1473 2294 1544 2354 sunt,
1558 2286 1654 2342 iutuitu
1665 2287 1822 2358 pervolans,

210 2392 308 2448 Dicant
323 2389 479 2462 temporalia
494 2390 587 2446 bona:
604 2391 632 2446 Si
647 2392 721 2447 Deus
735 2391 874 2448 sanaverit
888 2406 938 2447 uos
958 2408 973 2447 ι
1022 2378 1090 2434 nulli
1105 2379 1235 2446 adbaeret,
1253 2377 1469 2449 contemptisque
1490 2373 1627 2441 munibus,
1649 2374 1715 2430 Vilia
1739 2374 1823 2431 muli&

173 2480 269 2537 morbo
284 2479 475 2551 corruptionis,
491 2479 556 2551 quid
570 2481 705 2551 agesila
729 2481 788 2552 ipso
813 2497 864 2535 usu
878 2479 972 2536 consi·
1022 2483 1056 2526 80
1070 2467 1190 2536 ⁵01d5dflr
1207 2484 1268 2540 (11¹ae
1282 2465 1411 2539 ⁰⁰dil³¹¹fi
1435 2469 1593 2533 ⁰⁰⁰¹11'ffl1122
1612 2462 1703 2520 uben-i
1717 2463 1825 2537 mille·

174 2571 243 2626 dara
256 2570 284 2624 in
299 2584 353 2641 quo
366 2568 465 2624 melior
479 2584 512 2624 ex
527 2568 606 2624 nobis
620 2567 678 2636 iias,
694 2569 737 2626 vel
753 2568 817 2642 quid
832 2568 896 2625 inde
910 2585 974 2640 spe-
1022 2556 1113 2612 Giiiur·
1130 2555 1271 2613 Erubesce
1286 2571 1319 2612 0¹
1334 2555 1387 2610 hif-

175 2674 221 2714 res
234 2657 262 2712 in
277 2663 426 2728 posterum.
442 2656 578 2726 Expertus
600 2673 630 2713 es
653 2673 713 2713 nos.
732 2656 804 2726 Quid
819 2658 911 2730 ergo?
925 2658 973 2713 Via
1267 2669 1466 2728 cqpqpufflffl
1481 2667 1518 2721 x,

173 2746 203 2803 in
216 2761 267 2801 nos
290 2743 397 2808 mutari,
421 2758 456 2799 an
480 2759 530 2799 nos
552 2744 580 2799 in
593 2744 723 2813 teiQuid
748 2745 795 2799 tibi
822 2752 850 2800 et
870 2745 973 2802 nobis?
1022 2766 1061 2822 03
1075 2760 1255 2836 impudentia
1268 2764 1298 2818 gt
1312 2760 1496 2832 frontosum
1517 2760 1623 2815 anim
1635 2757 1819 2828 somam,

175 2832 246 2903 Quid
260 2832 338 2888 doles
360 2832 394 2888 de
409 2832 523 2886 transitu
546 2834 665 2889 nostro?
689 2833 832 2888 blaluimus
850 2833 970 2901 interire,
1133 2850 1195 2908 qaoe
1208 2832 1281 2906 petit
1296 2848 1314 2886 a
1328 2831 1382 2889 Dec
1400 2830 1433 2887 in
1447 2845 1497 2888 sno
1512 2831 1615 2888 scetere
1630 2831 1787 2900 consoceri.

175 2920 325 2978 secundum
355 2920 463 2976 Domini
490 2919 667 2988 voluntatem,
690 2937 772 2994 quarn
791 2936 903 2978 manere
926 2937 972 2978 se·
1058 2925 1125 2982 Cum
1140 2936 1224 2995 rogas
1238 2919 1324 2976 Deum
1339 2927 1369 2974 ut
1383 2935 1437 2976 non
1460 2919 1565 2977 auferat
1588 2916 1637 2973 tibi
1661 2915 1767 2990 aliquid
1781 2914 1821 2972 cui

174 3010 293 3068 cundum
307 3018 379 3065 tuam
394 3009 577 3080 cupiditatem.
593 3009 689 3065 Nullas
703 3010 750 3065 tibi
765 3025 815 3082 pro
830 3011 882 3073 hoc
895 3026 972 3066 amo-
1020 3011 1152 3069 inhaesisti
1168 3008 1276 3080 cupide,
1292 3007 1330 3063 ita
1345 3015 1387 3063 est
1399 3023 1432 3065 ac
1447 3008 1471 3063 si
1489 3007 1598 3073 mulier,
1614 3021 1630 3060 a
1644 3004 1706 3062 viro
1728 3018 1781 3060 sao
1793 3003 1821 3059 in

172 3115 202 3156 re
217 3107 263 3155 tuo
277 3097 422 3154 referimus
436 3097 549 3170 gratias,
565 3098 615 3153 sed
629 3098 718 3169 potius
732 3105 762 3153 ut
781 3098 892 3153 stultum
906 3098 970 3154 irri·
1020 3101 1080 3174 ipso
1091 3097 1223 3155 adulterio
1234 3096 1414 3168 deprehensa,
1426 3111 1487 3153 cum
1498 3096 1597 3153 debeat
1605 3101 1702 3166 petere
1715 3091 1821 3148 veniam

89 3206 91 3211 ¹
174 3187 341 3244 demus.Cui
356 3187 429 3241 enim
444 3185 614 3257 potissimum
629 3186 742 3242 obedire
753 3187 895 3254 debemnn,
912 3187 970 3242 Deo
1020 3188 1152 3256 oriminis,
1169 3191 1247 3257 roget
1261 3183 1351 3256 potius
1364 3199 1399 3240 ne
1413 3185 1593 3257 interrumpat
1607 3182 1632 3239 ei
1645 3180 1735 3253 ipsius
1744 3178 1821 3237 adnl-

80 3260 90 3277 *
174 3290 209 3332 an
224 3274 294 3330 ubit
308 3274 366 3343 Dic,
383 3274 407 3329 si
420 3275 515 3343 audes,
530 3289 621 3330 nonne
635 3276 686 3330 boc
701 3283 742 3330 est
765 3275 822 3331 fere
836 3283 911 3331 tuum
926 3282 970 3331 to·
1020 3278 1081 3335 terii
1094 3275 1274 3348 voluptatem.

172 3372 230 3420 turn
244 3362 370 3432 officium,
386 3377 437 3419 nos
451 3362 480 3419 in
503 3363 661 3436 putredines
684 3363 839 3420 devorando
854 3379 971 3420 conver·
1055 3366 1117 3422 Nou
1134 3363 1199 3420 satis
1213 3362 1260 3418 tibi
1274 3368 1317 3418 ιιι
1330 3377 1346 3416 a
1360 3362 1418 3418 Deo
1439 3360 1574 3428 fornicari,
1600 3357 1654 3415 nisi
1675 3357 1768 3431 ipsum
1788 3355 1823 3413 ad

175 3453 256 3510 ῑθιθῖ
1020 3456 1074 3512 boc
1087 3453 1211 3520 inclines,
1231 3459 1261 3507 ut
1274 3467 1307 3507 ea
1321 3450 1419 3521 quibus
1434 3448 1618 3521 corrumperis
1632 3446 1761 3516 fruendo,
1778 3460 1821 3502 an·

212 3542 276 3598 Haec
290 3548 337 3597 tua
349 3540 458 3606 utilitas,
475 3547 521 3595 tua
531 3539 662 3613 potentia,
679 3548 709 3597 ut
723 3556 772 3612 per
786 3549 812 3597 te
826 3547 920 3597 nostra
930 3555 972 3596 ιι-
1021 3550 1094 3616 geat,
1109 3546 1262 3605 conservet,
1278 3545 1305 3595 et
1318 3546 1437 3611 coaptet,
1453 3539 1481 3595 id
1495 3545 1536 3595 est
1550 3536 1650 3594 fornice
1664 3549 1820 3608 corporum,

174 3631 233 3687 uies
248 3636 367 3687 transeat
381 3628 540 3695 affluenter;
567 3644 622 3685 non
644 3629 716 3685 enim
739 3629 833 3686 facere
851 3629 928 3686 vales
941 3636 971 3684 ut
1021 3647 1134 3705 sapores
1148 3637 1175 3687 et
1189 3628 1308 3686 colores.
1835 3620 1839 3626 ’

172 3727 283 3775 maneat
296 3720 349 3776 boc
369 3725 444 3773 tuum
463 3717 595 3773 studium.
622 3719 686 3774 llaec
709 3725 756 3774 ιιι
778 3718 926 3785 beatitudo,
942 3724 972 3773 ut
1057 3719 1125 3789 Quae
1139 3725 1182 3775 est
1195 3710 1265 3790 tideo
1274 3715 1418 3787 impudens
1427 3714 1525 3771 mulier
1538 3720 1569 3770 ut
1581 3712 1654 3770 dieat
1670 3712 1731 3771 viro
1746 3726 1819 3770 snos

173 3808 276 3864 nostris
288 3821 343 3863 non
358 3821 452 3862 careas
467 3805 603 3873 sordibus,
620 3806 718 3877 quibus
741 3806 832 3863 votive
845 3821 971 3863 succum·
1021 3807 1120 3878 Quaere
1132 3806 1198 3862 mihi
1211 3805 1287 3861 illum
1301 3810 1346 3860 ιιι
1360 3803 1436 3860 illurn
1451 3818 1514 3861 cum
1528 3816 1583 3875 quo
1597 3800 1743 3866 dormiam,
1759 3799 1822 3873 quic

175 3895 229 3965 bis,
244 3901 437 3965 corrumpente
447 3901 473 3949 et
487 3901 679 3965 constuprante
689 3900 715 3950 ιι
725 3910 775 3966 per
790 3909 837 3951 eas
851 3894 969 3961 diaholo,
1020 3895 1120 3969 placuit
1134 3894 1201 3950 mibi
1215 3892 1277 3966 plus
1291 3901 1328 3962 te,
1344 3890 1464 3964 alioquin
1478 3906 1532 3948 non
1552 3889 1716 3963 quiescant
1728 3889 1772 3946 Tu
1785 3896 1822 3945 ta·

176 3999 232 4039 non
247 3982 306 4038 sine
320 3997 370 4038 sua
381 3981 518 4053 voluptate
532 3996 643 4053 magna,
658 3991 684 4039 et
697 3983 799 4056 gaudio
809 3984 844 4040 de
859 3990 905 4041 tua
919 3982 970 4040 de·
1020 4001 1084 4041 men
1097 3983 1163 4039 facis
1178 3984 1231 4039 boc
1244 3981 1304 4038 viro
1318 3988 1373 4047 tuo,
1391 3979 1420 4035 id
1438 3986 1481 4036 est
1501 3978 1628 4046 Domino,
1643 3992 1707 4035 cum
1721 3985 1822 4050 preter

175 4071 301 4144 ceptione
316 4077 343 4126 et
352 4069 469 4126 interitu.
1021 4072 1111 4145 ipsum
1126 4070 1229 4144 aliquid
1243 4069 1370 4141 diligens,
1386 4066 1415 4123 id
1428 4067 1518 4139 ipsum
1531 4067 1566 4123 ab
1580 4081 1613 4123 ιο
1629 4066 1711 4138 petia.

212 4159 380 4232 Quocunque
394 4158 483 4214 forma
495 4157 604 4227 frueris,
626 4173 660 4215 ea
681 4159 761 4232 quasi
780 4160 916 4218 masculus
931 4167 973 4217 est
1057 4160 1126 4216 Cum
1140 4158 1209 4215 dicis
1222 4158 1280 4215 Deo
1298 4172 1304 4212 :
1321 4158 1361 4212 Da
1376 4155 1440 4211 mibi
1454 4157 1507 4212 boc
1517 4162 1563 4211 aut
1571 4154 1648 4222 illud,
1664 4155 1718 4212 boc
1732 4153 1820 4212 ealdi·

174 4260 227 4306 tuae
240 4248 334 4306 menti.
349 4247 426 4303 Cedit
442 4246 514 4302 enim
529 4254 556 4304 et
569 4247 721 4304 succumbit
735 4249 779 4315 ei;
796 4256 822 4306 ιι
845 4266 900 4305 non
913 4249 972 4321 ipsa
1021 4263 1085 4307 cere
1101 4262 1108 4303 :
1125 4248 1166 4303 Da
1180 4245 1246 4302 mihi
1258 4245 1287 4300 in
1301 4261 1355 4317 quo
1370 4253 1397 4301 te
1413 4242 1560 4310 offendam,
1574 4252 1602 4299 et
1617 4257 1633 4299 a
1647 4249 1675 4299 te
1689 4241 1819 4300 fornicar.

174 4337 232 4404 tibi,
249 4336 338 4393 sedtu
359 4335 411 4408 ipsi
434 4334 615 4393 conformaris
638 4344 664 4394 et
684 4337 865 4393 assimiliaris.
890 4338 972 4407 Ejus·
986 4320 1090 4395 Deum
1108 4336 1181 4392 enim
1205 4334 1307 4407 aliquid
1328 4331 1400 4389 aliud
1414 4332 1449 4388 ab
1464 4347 1497 4389 eo
1521 4347 1601 4405 quam
1624 4331 1714 4402 ipsum
1737 4331 1817 4403 petis,

176 4426 294 4497 demque
317 4424 411 4481 formae
429 4425 522 4498 imago
543 4433 664 4482 remanet
684 4426 820 4497 impressa
842 4434 971 4499 tanquam
1020 4424 1080 4498 ipsa
1089 4424 1219 4497 petitione
1234 4430 1278 4478 tua
1292 4419 1439 4478 reatumei
1461 4428 1537 4476 tuum
1560 4427 1587 4477 ιι
1613 4418 1820 4477 fornicationem

174 4514 346 4570 simulacrum
361 4514 388 4568 in
403 4513 504 4585 templo
519 4528 579 4579 suo,
594 4513 638 4570 cui
655 4530 711 4571 non
725 4515 832 4582 bovem,
849 4529 904 4572 uon
918 4515 972 4570 hir·
1021 4514 1056 4570 ab
1070 4528 1105 4570 eo
1117 4511 1247 4581 ostendis,
1263 4518 1289 4567 et
1302 4509 1402 4567 nescis.

174 4618 246 4671 cum,
262 4602 311 4658 sed
324 4601 443 4657 animam
457 4601 617 4658 rationalem
638 4610 665 4658 et
685 4618 795 4674 corpus,
818 4602 846 4658 id
867 4609 909 4659 est
930 4610 971 4660 te·
1055 4600 1209 4658 Misericors
1237 4599 1367 4668 vindicta,
1392 4597 1415 4653 si
1439 4612 1564 4669 sponsus,
1590 4611 1719 4669 sponsam
1744 4609 1821 4652 suam

172 4692 261 4764 ipsum
276 4698 360 4747 totum
376 4690 510 4757 immolas,
527 4705 589 4747 cum
603 4705 637 4747 ea
650 4689 758 4746 frueris.
1019 4689 1170 4746 aduiteram
1200 4687 1417 4760 deprehendens,
1434 4701 1495 4743 eam
1513 4693 1619 4741 tantum
1633 4683 1767 4740 subtrabit
1780 4683 1820 4742 eis

209 4779 275 4836 Vide
290 4778 437 4852 quomodo,
453 4779 529 4850 quasi
555 4778 583 4833 iu
603 4779 730 4848 taberna,
752 4793 871 4836 amorem
893 4787 969 4836 tuum
1019 4794 1082 4836 curn
1097 4777 1197 4850 quibus
1217 4774 1414 4832 fornicabatur.
1442 4773 1531 4843 Quam
1552 4789 1619 4832 vero
1640 4758 1781 4846 impu'dica
1794 4779 1822 4829 et

172 4864 250 4937 quasi
263 4864 388 4920 venalem
403 4862 584 4935 prostitueris,
601 4871 628 4918 et
642 4863 677 4918 ad
695 4878 854 4920 mensuram
868 4880 967 4921 mune·
1019 4865 1205 4923 inverecunda
1218 4872 1260 4920 est
1274 4864 1344 4935 ipsa,
1369 4861 1392 4918 si
1412 4861 1446 4918 ad
1460 4860 1586 4932 iniuriam
1607 4861 1661 4919 hoc
1684 4860 1818 4934 accipiml

169 4969 230 5008 rum
243 4952 347 5024 pariter
360 4952 449 5024 ipsum
463 4950 618 5006 hominibus
626 4950 771 5023 impendis.
785 4951 859 5007 Nihil
873 4953 902 5007 in
917 4954 968 5009 bac
1018 4955 1099 5011 Nulla
1113 4953 1166 5009 alia
1180 4952 1238 5008 fere
1252 4953 1301 5008 tihi
1316 4959 1359 5007 est
1384 4966 1464 5007 causa
1485 4950 1606 5018 dolendi,
1630 4949 1684 5006 nisi
1703 4950 1777 5018 talis,
1792 4949 1820 5006 id

168 5040 281 5095 taberna
295 5040 393 5113 accipit
406 5039 451 5113 qui
473 5039 539 5095 nibil
555 5040 612 5107 dat,
627 5049 671 5096 aut
695 5041 808 5098 daturus
831 5049 965 5113 speratur.
1018 5051 1060 5100 est
1073 5043 1108 5099 de
1123 5041 1269 5097 subtractis
1283 5039 1508 5096 fornicationibus
1528 5039 1591 5095 tuis.
1616 5039 1672 5110 Ipsi
1687 5055 1755 5113 ergo
1768 5039 1820 5095 do·

166 5127 202 5184 Et
216 5135 307 5183 tamea
321 5143 372 5185 nec
385 5128 458 5200 quod
473 5129 608 5184 venderes
631 5129 757 5196 haberes,
783 5129 835 5185 uisi
858 5129 908 5186 tibi
929 5131 967 5186 nil
1018 5131 1092 5187 fores
1107 5130 1145 5186 tui
1158 5135 1276 5202 arguunt
1297 5127 1491 5185 fornicationes
1513 5135 1583 5196 tuas,
1606 5127 1643 5184 ita
1657 5135 1686 5184 ιι
1706 5143 1764 5184 non
1786 5126 1820 5184 ιιι

166 5215 242 5271 danti
260 5215 348 5289 gratis
372 5223 445 5272 esset
468 5216 560 5273 datum
583 5217 712 5289 desuper.
739 5218 874 5290 llecepisti
898 5234 966 5292 ergo
1017 5234 1087 5291 opus
1101 5219 1162 5274 aliis
1177 5218 1303 5276 testibus.

165 5303 319 5361 mercedem
334 5311 417 5359 tuam.
1052 5308 1118 5364 Haec
1133 5307 1201 5363 solet
1216 5321 1233 5363 a
1247 5307 1341 5379 spousi
1355 5306 1441 5364 oculis
1465 5306 1615 5379 quamlibet
1633 5304 1820 5362 inverecunda

197 5392 345 5450 Evacuatio
360 5400 387 5450 et
402 5393 539 5466 elongatio
553 5409 569 5450 a
584 5395 642 5452 Deo
655 5401 791 5467 preparat
815 5393 851 5473 ad
865 5407 966 5451 coucu·
1017 5405 1044 5452 et
1062 5396 1201 5467 impudica
1215 5395 1312 5452 mulier
1326 5396 1509 5465 abscondere,
1534 5394 1672 5468 lacrymas
1687 5409 1758 5468 quas
1771 5408 1821 5468 pro

163 5480 336 5553 piscendam.
1016 5483 1200 5556 ιιιιιιιιιιιιι
1213 5483 1374 5558 contingunt
1387 5483 1559 5551 adultero,et
1574 5497 1703 5556 quaspro
1715 5480 1823 5554 iniuriis
1858 5478 1862 5485 '
