3742 5986
787 206 1092 266 CONSUETUDINES.

753 359 1019 417 CAPITULUII
1053 360 1134 416 LII.

787 485 827 540 Dc
839 483 951 555 jejunio
968 486 1105 555 fratrum.

149 620 175 670 t.
192 614 274 671 Sexta
288 628 397 685 semper
411 611 480 669 teria
493 626 565 684 pane
579 619 606 667 et
619 624 690 682 aqua
704 616 731 665 et
743 606 800 666 sale
814 605 934 665 contenti
947 613 1019 675 sunt,
1036 607 1157 679 exceptis
1172 609 1398 667 solemnitatibus.
1413 612 1455 667 .ln
1478 611 1597 668 adventu
1612 626 1721 684 quoque
1736 619 1764 668 ot

112 710 348 784 Qninquugssima
362 718 389 766 et
400 709 510 781 jejuniis
524 709 645 779 Quatuor
672 708 847 779 Tempornm‚
877 713 972 777 quarta
986 704 1068 761 etiarn
1084 703 1151 759 feria
1165 704 1292 761 eamdem
1306 706 1497 764 abstInentiam
1512 707 1624 766 iaciunt.
1654 707 1762 780 Vigiliis

111 808 233 874 Pascha,
260 805 454 873 decessionis,
481 806 673 872 Pentecostes,
694 802 782 859 sancti
808 801 937 870 lamnia,
958 800 1030 858 Petri
1044 809 1072 856 et
1094 801 1186 869 Pauli,
1202 803 1421 875 assumptionis,
1444 803 1572 860 Omnium
1587 804 1759 874 Sanctorum,

112 903 217 959 NataIIs
232 902 341 959 Domini
355 901 480 957 sirnilitor
494 901 596 959 vivunt.
901 950 905 955 .

148 1005 175 1057 2.
192 1001 222 1055 ln
246 999 347 1073 vigiliis
362 1015 429 1055 vero
443 999 627 1071 apostolorum
650 995 755 1064 iacobi,
770 993 974 1061 bartholomaei,
990 993 1127 1061 Matthaei,
1144 993 1263 1051 Simonis
1278 1000 1305 1050 et
1318 995 1414 1064 tude,
1430 997 1563 1064 Andreae,
1580 998 1609 1054 S.
1623 996 1763 1054 Laurentii

113 1096 254 1168 martyris,
267 1095 355 1152 semel
369 1095 478 1168 quidem
495 1096 650 1163 comedunt,
660 1095 709 1151 sed
724 1095 893 1169 pulmentum
907 1093 1017 1149 habent.
1029 1090 1140 1148 Ceteris
1154 1100 1245 1148 autem
1260 1093 1366 1162 dlebus,
1376 1111 1410 1152 ne
1423 1094 1507 1152 obuio
1520 1094 1615 1151 labore
1631 1094 1762 1168 trangun-

112 1202 166 1261 tur,
183 1193 226 1249 bis
240 1192 396 1260 comedunt,
412 1195 462 1250 sed
478 1192 564 1250 semel
578 1201 681 1249 tantum
697 1193 865 1265 pulmentum
880 1191 1029 1266 accipiunt.

147 1295 174 1346 3.
191 1290 362 1347 Generaliter
376 1299 468 1347 autom
482 1306 640 1348 communes
655 1290 736 1359 hujus
750 1289 847 1345 domus
863 1288 918 1346 cibi
929 1287 985 1344 sale
1000 1295 1104 1343 tantum
1118 1286 1288 1344 condiuntur.
1306 1287 1404 1357 Quinta
1418 1289 1486 1346 teria
1501 1298 1528 1347 et
1542 1288 1760 1347 solemnitatibus

111 1386 231 1458 capituli,
260 1386 330 1442 ultra
344 1395 522 1456 consuetum,
538 1386 638 1460 aliquid
660 1386 783 1442 melioris
806 1401 877 1443 esoae
891 1384 1051 1457 suscipiunt.
1069 1386 1180 1442 Paschae
1193 1392 1284 1441 tamen
1299 1396 1326 1443 et
1340 1387 1514 1444 Pentecostes
1536 1387 1603 1443 feria
1618 1387 1719 1460 quinta,
1735 1395 1763 1443 et

112 1482 199 1538 altera
212 1491 274 1555 post
288 1482 388 1540 testum
402 1485 579 1542 Innocenturn
593 1483 647 1552 die,
662 1483 686 1538 si
700 1484 765 1550 bac,
780 1482 808 1538 id
822 1489 864 1539 est
877 1482 970 1553 quinta
994 1481 1070 1550 teria,
1086 1481 1124 1537 ibi
1151 1482 1311 1556 contigerit,
1328 1483 1420 1542 vinum
1439 1484 1499 1542 sine
1522 1485 1612 1558 aliqua
1625 1484 1675 1558 [ul.
1695 1481 1760 1559 alia]

111 1581 226 1655 pitantia
240 1591 359 1640 sumunt.

789 1651 1076 1709 COMMENTARIUS.

147 1779 213 1835 Cur.
239 1778 295 1834 LII.
310 1806 346 1820 -
359 1777 442 1833 Num.
460 1781 485 1833 l.
501 1777 591 1834 Scuta
612 1792 723 1850 semiper
744 1778 828 1848 sarto,
845 1783 909 1842 etc,
924 1774 1055 1837 Aherbia
1070 1774 1176 1841 crudis,
1202 1774 1333 1832 fructibus
1347 1782 1395 1831 ant
1415 1774 1552 1832 radicibus
1574 1785 1760 1849 pascerentur,

111 1865 488 1941 cacapttasolamuttotihur,
504 1873 560 1922 etc.
580 1864 671 1921 Semel
685 1881 753 1938 ergo
767 1864 909 1919 tantnmiu
961 1879 1024 1922 cum
1047 1864 1101 1919 Illis
1121 1864 1219 1921 eadem
1234 1864 1377 1920 laborandi
1400 1865 1509 1922 adesset
1532 1866 1682 1923 necessitas
1702 1882 1763 1939 qua

110 1956 285 2012 hebdomada
294 1955 485 2011 abstinentium
496 1953 641 2021 iaciebant,
651 1953 734 2025 idque
743 1952 812 2009 teria
822 1960 909 2019 sexta,
961 1954 1022 2009 aliis
1036 1953 1142 2009 diebus.

110 2043 164 2100 nisi
178 2043 277 2100 testum
301 2043 412 2115 capituli
426 2051 601 2108 occurreret,
626 2049 691 2099 tuno
714 2041 786 2096 enim
810 2041 845 2096 ab
863 2040 911 2097 illa
995 2043 1077 2099 Num.
1093 2046 1119 2097 3.
1137 2043 1315 2099 Generaliter
1323 2047 1420 2099 cutem
1437 2059 1600 2100 communes
1615 2043 1700 2115 bajus
1714 2044 1762 2103 dc·

110 2133 275 2189 abstinentia
290 2132 486 2200 eximebantur,
499 2129 572 2203 quod
586 2130 667 2186 etiam
677 2129 750 2186 circa
762 2129 911 2185 monachos
960 2131 1086 2187 muscidi
1095 2132 1155 2187 aule
1164 2135 1280 2187 tautum
1290 2132 1474 2188 condiamur.
1490 2132 1553 2186 Erat
1567 2147 1669 2204 magna
1684 2131 1762 2189 diffe-

111 2221 283 2277 observatum
298 2219 383 2276 luisse
396 2219 576 2275 indubitatum
590 2226 642 2275 est.
658 2218 712 2273 Cur
725 2218 797 2274 enim
811 2232 911 2273 mona·
960 2219 1049 2275 tentia
1071 2219 1142 2274 inter
1165 2218 1276 2275 modum
1291 2219 1430 2276 esculenta
1444 2219 1590 2276 condiendi
1613 2219 1667 2275 illis
1691 2228 1760 2276 tem·

111 2310 225 2368 chinon
240 2308 355 2365 fuissent
368 2309 465 2365 eadem
480 2308 586 2364 ratione
601 2307 728 2379 exempti,
746 2306 792 2378 qui
807 2315 863 2362 tres
883 2306 911 2361 in
960 2307 1084 2379 poribus,
1096 2315 1194 2363 etcum
1212 2323 1294 2379 quem
1303 2324 1375 2363 nunc
1385 2308 1486 2380 ubique
1501 2307 1608 2364 servari
1620 2307 1760 2377 videmus3

111 2397 285 2455 hebdomada
315 2396 452 2454 fauebunt
483 2396 678 2465 abstinentias,
707 2411 770 2452 cum
801 2394 909 2462 tratres,
960 2397 1109 2453 nonenim
1132 2403 1196 2452 tunc
1218 2396 1387 2453 habebantur
1412 2397 1518 2469 species
1542 2405 1712 2464 aromatum,
1735 2405 1784 2462 et,

111 2486 158 2559 qui
171 2501 254 2542 unam
264 2484 574 2552 tantumobservabant,
591 2484 625 2539 ab
640 2499 689 2551 ea,
706 2483 808 2539 ratione
820 2499 912 2555 super
960 2485 1088 2557 butyrum
1112 2484 1158 2539 vix
1180 2493 1240 2541 erat
1266 2485 1293 2540 iu
1315 2502 1376 2541 usu.
1393 2486 1469 2542 Tunc
1483 2486 1565 2542 etiam
1579 2493 1652 2554 erat,
1677 2494 1759 2558 prout

110 2575 246 2632 venientis
278 2574 339 2630 testi
366 2573 478 2645 capituli
501 2573 547 2629 hic
570 2571 746 2629 eximantur?
773 2572 855 2628 Nulla
874 2570 912 2638 ,tu
960 2589 1032 2629 nunc
1054 2573 1194 2643 videmus,
1218 2573 1246 2627 in
1269 2573 1351 2629 variis
1365 2574 1539 2645 regionibus,
1561 2589 1664 2647 magna
1685 2574 1760 2631 circa

110 2663 214 2719 mentio
239 2662 425 2719 translationis
451 2661 636 2727 abstinentias,
651 2660 723 2717 unde
736 2661 910 2733 perspicuum
959 2678 1019 2718 rom
1033 2662 1114 2717 istam
1134 2662 1293 2728 diversitas,
1318 2663 1468 2718 secundum
1483 2663 1696 2720 consuetudines
1709 2679 1759 2720 ta·

110 2760 153 2809 cst
167 2752 241 2824 qnod
263 2767 296 2808 eo
320 2766 385 2808 casn
400 2750 574 2807 inobservata
589 2749 732 2816 transiret3
757 2765 829 2805 nunc
844 2764 910 2805 vero
960 2750 1014 2806 rias
1027 2750 1105 2808 cibos
1119 2750 1279 2817 condiendi,
1295 2767 1328 2807 ex
1342 2765 1458 2822 quarum
1472 2767 1522 2806 usu
1538 2767 1592 2823 quo
1608 2751 1694 2807 semel
1710 2766 1760 2807 na·

109 2855 166 2897 non
181 2840 238 2906 sio,
264 2854 325 2895 nam
342 2839 451 2912 quando
465 2838 566 2895 testum
579 2837 689 2909 capituli
711 2836 830 2895 occurrit
843 2836 911 2894 lenis
959 2847 1022 2895 tura
1036 2838 1141 2894 imbuta
1155 2846 1213 2906 est,
1239 2837 1361 2895 nascitur
1374 2854 1474 2895 nausea
1498 2839 1572 2896 circa
1592 2838 1669 2896 cibos
1683 2839 1761 2896 aliter

110 2935 199 2996 sexta,
215 2927 378 2984 abstinentia
392 2927 426 2982 ad
448 2926 531 2983 aliam
545 2925 618 2982 dlem
632 2925 802 2982 transfertur.
959 2935 1143 2999 praeparntos,
1169 2935 1197 2983 et
1220 2926 1282 2982 talis
1297 2943 1399 2982 nausea
1414 2943 1475 2999 quae
1498 2928 1542 2982 vix
1565 2927 1638 2984 vinci
1661 2927 1757 2998 possit.

147 3017 216 3073 Ibid.
229 3017 598 3089 tntdoentuquoqua,eto.,
611 3016 810 3089 quartaatiam
825 3017 909 3087 sarim
960 3014 1039 3084 Quod
1053 3015 1081 3070 in
1095 3015 1147 3072 hac
1171 3022 1265 3070 nostra
1286 3016 1369 3071 domo
1391 3015 1578 3086 experimento
1599 3030 1654 3071 non
1674 3016 1760 3071 semel

110 3105 141 3162 Id
155 3105 234 3161 etiam
249 3120 321 3161 nunc
335 3104 512 3170 observatur,
536 3103 687 3174 iisdemque
701 3102 799 3158 diebus
823 3103 910 3158 absti-
959 3104 1135 3176 probavimus
1150 3111 1273 3175 tempore
1288 3103 1398 3175 capituli
1411 3104 1562 3176 generalia,
1586 3118 1650 3160 cum
1665 3105 1760 3160 Patres

108 3193 203 3250 nentia
216 3192 274 3248 litu
290 3193 429 3258 fratribus,
446 3192 575 3248 eomodo
591 3206 646 3263 quo
659 3206 732 3247 nunc
746 3190 798 3246 iste
821 3190 908 3247 absti-
923 3183 1102 3259 BGermani,
1119 3191 1190 3259 Itali,
1205 3192 1327 3264 IlispanI,
1344 3192 1444 3264 Belgae,
1460 3192 1566 3259 Poloni,
1583 3191 1663 3259 Galli,
1680 3192 1761 3249 simol

108 3282 264 3338 nautiorum
278 3281 345 3337 ritus
359 3289 483 3337 servatur
505 3282 577 3353 apud
598 3295 659 3336 nos.
959 3280 1142 3347 conveniunt;
1159 3280 1204 3352 qui
1219 3288 1310 3336 umen
1325 3279 1438 3336 Gallicas
1451 3280 1641 3337 cousuetudIni
1655 3280 1684 3336 ln
1706 3281 1761 3339 hoc

145 3371 227 3426 Num.
243 3374 270 3428 2.
282 3370 433 3443 Iuoiqiliis
455 3371 645 3441 apostotorum
665 3367 770 3435 Iacchi,
781 3375 834 3425 etc.
856 3369 909 3426 Sed
958 3367 1064 3424 taedius
1076 3375 1254 3436 assuescunt,
1271 3383 1353 3441 quam
1368 3368 1482 3423 aliarum
1497 3369 1652 3440 reginnum.
1677 3371 1710 3425 Et
1731 3378 1761 3426 ut

107 3459 292 3532 pulmentum
307 3457 425 3524 bolant,
450 3465 501 3513 etc.
527 3455 661 3511 Pulmenti
674 3456 784 3512 nornine
797 3456 908 3528 pitantia
958 3456 1074 3513 vicinius
1085 3473 1143 3513 rem
1156 3464 1311 3528 tangamus,
1322 3457 1387 3512 boni
1401 3458 1494 3513 Patres
1504 3456 1618 3528 IIispani
1631 3456 1759 3528 butyrum

106 3546 278 3618 iutelligitur,
291 3561 355 3602 nam
366 3545 444 3617 quasi
459 3560 609 3617 synonyma
624 3545 675 3600 ista
688 3560 750 3601 esse
764 3560 798 3600 ex
810 3545 908 3601 eodem
958 3545 986 3601 In
1009 3545 1190 3601 condimentis
1212 3545 1258 3602 vix
1281 3545 1354 3601 ierne
1377 3553 1507 3616 possunt,
1531 3545 1676 3617 piscesque
1697 3561 1759 3600 cum

107 3634 227 3707 capitulo
251 3635 401 3691 innotescet
413 3653 421 3701 ς
443 3642 470 3690 et
484 3634 547 3690 inde
562 3634 652 3707 magis
666 3633 808 3704 probatum
821 3633 909 3689 habe·
958 3648 1047 3706 aqua,
1064 3633 1136 3700 sale,
1153 3633 1246 3690 herbis
1259 3640 1287 3689 st
1296 3633 1429 3689 similibus
1439 3634 1509 3690 cocti
1524 3633 1564 3689 ais
1578 3633 1697 3704 sapiunt,
1709 3633 1759 3690 ssd

108 3723 152 3779 bis
175 3723 247 3796 quod
270 3738 354 3795 supra
377 3722 508 3789 diuimnn,
535 3722 588 3778 sub
608 3738 668 3793 cap.
682 3726 730 3788 33,
752 3730 779 3777 et
794 3722 909 3794 qualiter
958 3737 1021 3779 cum
1035 3722 1100 3779 vino
1110 3729 1203 3779 coctos
1213 3723 1355 3778 mirantur.
1366 3721 1434 3791 Quae
1448 3722 1492 3778 bic
1507 3730 1611 3778 tantum
1621 3730 1758 3790 notamus,

105 3811 282 3885 intelligenda
297 3812 351 3867 sint
366 3811 418 3866 ista
427 3811 513 3867 verbu
522 3811 555 3868 li.
568 3812 597 3866 P.
610 3810 752 3882 Guigonis,
765 3827 792 3865 n.
805 3813 821 3865 tt
836 3812 908 3881 eius·
958 3818 987 3867 ut
1001 3810 1161 3867 advertatur
1184 3810 1386 3867 distinctionem
1409 3810 1437 3866 in
1456 3809 1593 3866 similibus
1606 3809 1760 3867 taciendam

106 3900 170 3957 dem
180 3901 298 3973 capituli
310 3901 346 3956 ad
356 3902 528 3967 cunum,val
539 3899 575 3956 ad
583 3898 808 3972 prandiomcum
819 3902 907 3957 amuel
958 3914 1020 3956 esse
1029 3900 1110 3970 -juxta
1123 3898 1293 3956 differentias
1305 3906 1470 3970 temporum,
1487 3899 1630 3971 regionum
1644 3907 1672 3955 et
1693 3915 1759 3956 con·

108 3990 227 4054 adimat,
248 3988 345 4045 bardos
361 3988 813 4060 amdaruclfructur,riodsiat,
829 3991 904 4046 occi·
957 3988 1144 4045 sustndinum.
1179 3988 1266 4044 Porro
1292 3987 1338 4043 hic
1366 3987 1485 4060 loquitur
1505 3988 1540 4044 de
1569 3988 1759 4045 communibus

107 4079 212 4151 pimus.
235 4076 342 4132 llerbas
355 4076 455 4133 crudas
469 4083 548 4132 vocat
564 4076 599 4131 ad
615 4074 794 4132 differentium
812 4084 906 4133 cocta·
957 4076 1041 4145 cibis,
1066 4092 1119 4133 nec
1140 4077 1203 4132 inde
1216 4083 1306 4148 potest
1318 4076 1463 4147 concludi,
1489 4076 1563 4148 quod
1588 4076 1616 4131 in
1631 4075 1758 4132 omnibus

107 4180 178 4221 rum.
195 4164 348 4220 Absurdum
372 4172 462 4220 nutem
484 4172 556 4221 esset
580 4164 694 4221 credere
719 4164 791 4236 quod
805 4164 906 4220 herbas
957 4180 1008 4221 nec
1031 4165 1109 4234 oleo,
1132 4180 1183 4221 nec
1204 4165 1298 4220 herbis
1310 4163 1345 4219 ad
1359 4163 1527 4221 condiendas
1548 4164 1675 4235 pitantias
1695 4171 1757 4220 ute-

105 4253 173 4310 istus
188 4253 288 4310 crudas
306 4254 484 4310 comederent
509 4253 613 4325 absquo
636 4253 692 4309 ullu
719 4253 904 4320 condimento,
957 4261 1057 4310 rentur.
1082 4252 1144 4310 Sale
1165 4260 1269 4308 tantum
1285 4252 1428 4308 utebantur
1451 4259 1477 4308 et
1500 4267 1555 4308 non
1569 4251 1629 4307 aliia
1647 4266 1758 4308 aroma-

107 4350 189 4413 prout
203 4357 220 4397 a
235 4341 330 4398 bestiis
352 4342 547 4408 comeduntur,
572 4357 636 4396 nam
651 4341 773 4413 quaedam
798 4341 907 4398 illorum
957 4348 1014 4396 tum
1027 4341 1188 4412 speciebus,
1214 4346 1351 4411 quatenu
1366 4355 1437 4396 rarae
1451 4347 1546 4406 eraut,
1572 4339 1628 4396 imo
1643 4339 1757 4397 forsitan

103 4429 211 4487 sanitati
227 4429 339 4484 multum
354 4429 514 4485 abluissent.
957 4446 972 4484 a
986 4427 1129 4501 splendide
1143 4437 1170 4484 et
1184 4428 1300 4485 delicate
1313 4427 1523 4485 convivantibus
1536 4435 1641 4484 tautum
1655 4428 1758 4501 impen-

142 4518 211 4573 lbid.
228 4519 342 4574 Caturia
359 4522 457 4574 uatem
473 4517 580 4586 dubus,
602 4525 666 4585 etc,
686 4519 728 4575 bis
741 4518 903 4583 comedant,
957 4518 1102 4574 debentur.

105 4607 249 4664 aadaemcl
261 4610 376 4664 tautum
391 4608 571 4678 pulmentum
579 4607 734 4680 ascipiunt.
746 4607 849 4664 Sensus
864 4615 905 4663 est
991 4605 1059 4661 lbid.
1077 4606 1181 4674 Quinto
1190 4606 1685 4680 scmoctroicmuimtibuscopt'toti,
1701 4614 1754 4663 etc.

106 4694 904 4767 quodjejuniaordinis‚quaeservanturamouacbiaafesto
954 4696 995 4751 De
1009 4694 1155 4766 pulmentis
1179 4693 1261 4750 etiam
1275 4693 1372 4749 diebus
1382 4693 1479 4764 jejunii
1501 4693 1648 4749 mibistrari
1668 4693 1755 4750 solitis

104 4783 284 4839 Exultationis
298 4783 327 4838 S.
340 4783 439 4848 crucis,
456 4783 582 4840 conversi
596 4798 650 4839 non
661 4790 779 4850 servant,
791 4793 904 4856 excepto
955 4798 1036 4855 supra
1060 4781 1090 4837 lit
1112 4783 1228 4849 mentio,
1253 4791 1278 4838 et
1302 4782 1346 4838 hic
1360 4782 1441 4838 etiam
1456 4782 1525 4838 teria
1543 4782 1637 4854 quinta
1651 4780 1756 4854 aliquid

105 4871 407 4943 adventantemque,
436 4872 521 4928 semel
545 4878 636 4927 tamen
661 4871 715 4926 illis
737 4872 905 4928 ministratur
954 4873 1026 4928 ultra
1050 4879 1209 4927 consuetum
1232 4870 1291 4926 dari
1312 4870 1477 4943 perhibetur.
1504 4869 1575 4938 Quid
1597 4871 1651 4926 hoc
1681 4877 1754 4926 esset

104 4959 228 5030 pitantia,
245 4966 272 5015 et
286 4958 397 5030 insuper
412 4960 525 5029 herbas,
541 4968 587 5015 aut
601 4959 712 5029 tructus,
738 4969 785 5016 aut
798 4961 905 5018 radices
955 4960 1139 5034 ignoramus:
1155 4959 1205 5015 sed
1218 4966 1324 5014 certum
1337 4967 1379 5015 est
1403 4958 1475 5030 quod
1498 4958 1570 5013 ultra
1593 4966 1753 5015 consuetum

102 5047 240 5119 accipiunt
255 5063 304 5118 pro
327 5063 420 5116 coena,
438 5063 499 5119 quae
513 5047 594 5103 etiam
614 5047 754 5119 pulmento
777 5049 804 5104 iu
819 5064 904 5121 pran-
955 5048 1058 5121 aliquid
1071 5047 1190 5104 mehoris
1205 5063 1276 5103 escae
1290 5047 1467 5118 susciperent.

104 5134 151 5190 dio
172 5134 539 5205 addunturdiebusjejunii‚
562 5137 670 5209 quando
694 5145 794 5193 tantum
819 5138 906 5194 semel
992 5135 1751 5204 lbid.Paschoetomanethtaccrtet,etc.‚aine,etc.

104 5223 268 5288 comedunt,
294 5224 366 5295 quod
389 5223 443 5278 illis
467 5223 560 5281 verbis
581 5224 786 5297 intelligendum
801 5234 857 5294 est,
873 5228 905 5282 in
955 5225 1012 5280 lllis
1036 5224 1227 5281 festivitatibus
1240 5225 1267 5279 iu
1283 5225 1365 5280 domo
1381 5223 1512 5295 superiori
1526 5231 1603 5280 erant
1615 5232 1642 5280 et
1656 5225 1752 5280 diebus
1852 5275 1857 5281 .

102 5311 225 5385 prandio
236 5312 261 5368 ai
273 5313 361 5367 camel
375 5312 535 5368 comeduut.
553 5312 619 5368 Cum
634 5313 707 5368 enim
723 5313 852 5383 ajejunio
863 5330 906 5370 or·
954 5313 999 5370 hic
1013 5313 1114 5370 notatis
1127 5313 1191 5368 inde
1206 5313 1390 5382 recedebant,
1415 5319 1443 5366 ut
1466 5311 1500 5367 ad
1515 5311 1626 5367 domum
1641 5312 1752 5369 interio-

102 5398 176 5454 dinis
191 5415 224 5455 ex
238 5400 363 5472 professo
377 5401 574 5469 eximerentur,
597 5418 632 5458 ne
646 5401 729 5457 nimio
743 5402 838 5458 labore
852 5403 904 5458 de·
954 5418 1009 5458 rem
1026 5402 1165 5466 redirent,
1187 5401 1234 5456 ubi
1248 5401 1288 5457 eis
1311 5408 1442 5457 consueta
1465 5398 1700 5466 ministrabantur,
1726 5408 1754 5456 ct

102 5484 284 5556 bilitarentur,
300 5488 479 5561 incongruum
496 5495 568 5546 esset
582 5489 695 5547 credero
709 5490 784 5563 qnod
806 5489 903 5549 diebus
951 5491 1011 5548 haec
1026 5498 1067 5547 est
1082 5489 1150 5546 ratio
1173 5505 1224 5546 cur
1242 5489 1335 5550 uuum
1351 5495 1455 5549 tuntum
1469 5495 1497 5545 et
1510 5486 1577 5544 nihil
1591 5486 1664 5542 aliud
1677 5487 1751 5553 reci.

100 5574 211 5650 jejunii,
235 5575 334 5654 quibus
357 5577 443 5637 seruet
457 5577 603 5638 comedere
627 5578 730 5637 licitum
753 5585 811 5651 ast,
835 5578 902 5640 solis
951 5579 1104 5655 pereuthis
1118 5577 1225 5636 diebus.
