3750 5984
115 194 183 248 1019
803 187 944 248 vlrts-
963 187 1027 244 LIB.
1047 188 1080 246 V.
1703 192 1773 248 todo

114 331 224 386 semper
238 313 311 371 velut
324 314 426 370 nudato
443 313 578 387 supplicat
602 329 668 371 ense
688 313 739 370 iste
757 319 875 385 potens3
891 314 953 374 etii
967 312 1071 368 niensis
1093 313 1251 384 canonicos,
1275 315 1322 388 qui
1343 315 1494 374 innumeris
1517 315 1667 373 redditibus
1689 315 1767 374 locu·

112 404 172 460 haec
194 404 344 475 presertim
369 410 502 475 potestas,
527 418 588 458 cum
615 402 717 473 jugiter
746 401 822 474 petit,
851 417 918 473 pre·
967 400 1055 470 pletas
1071 403 1155 474 (att),
1172 419 1237 460 auro
1252 403 1334 460 etiam
1343 405 1387 461 vel
1396 413 1511 479 argento
1524 404 1689 476 praedivites,
1701 405 1772 462 citra

113 491 207 546 mitur.
240 491 322 564 Angli
352 491 437 546 nostri
462 490 569 546 blandis
590 490 700 562 quidem
724 489 919 546 sollicitationi·
967 490 1136 562 gravaminis
1162 492 1298 561 jacturam
1320 509 1376 549 non
1403 493 1525 550 modicas
1557 493 1687 565 pecunias
1712 493 1770 550 suis

114 580 165 635 bus
180 579 270 651 primo
291 579 456 645 alliciuntur,
481 579 526 651 qui
557 578 667 634 demum
691 577 850 650 asperrimis
872 593 918 634 co·
967 578 1118 650 quivissent
1133 580 1241 637 scriniis
1256 579 1365 637 inferre.
1385 581 1568 650 »Huiusmodi
1578 596 1644 638 vero
1658 581 1769 653 ingenio

114 667 278 735 actionibus,
295 683 350 723 uon
365 668 400 722 ad
415 667 488 739 quod
507 666 558 739 ipsi
572 667 710 735 volebant,
736 667 784 723 scd
799 666 833 722 ad
845 667 917 738 quod
967 681 1024 732 eas,
1049 666 1184 739 inquiunt,
1218 668 1298 725 facile
1321 668 1371 725 erit
1394 677 1555 742 extorquere
1587 669 1621 723 ab
1653 668 1767 725 eisdem.

114 757 174 828 regi
205 754 346 827 placuerit,
384 755 580 811 conserendum
620 755 805 827 impelluntur.
838 755 916 827 Saepe
967 754 1076 810 Scribat
1104 755 1237 811 Dominus
1268 764 1363 812 noster
1385 773 1432 813 rex
1463 756 1651 813 Cantuariensi
1672 756 1767 813 arcbi-

112 843 194 900 etiam
214 843 291 898 iuviti
313 843 340 897 id
365 843 477 914 exsequi
502 850 647 916 coguntur,
672 843 747 915 quod
771 843 856 898 semel
870 843 916 898 ul·
966 842 1096 913 episeopo
1110 844 1195 915 (ata),
1212 852 1240 899 ut
1255 845 1289 901 de
1303 845 1410 918 gremio
1424 844 1622 901 lincolniensis
1635 844 1768 902 Ecclesiae

110 939 235 1001 troncos,
251 931 295 987 vel
310 930 385 1002 ipsos
400 939 446 987 aut
460 947 555 987 corum
578 932 797 1003 praedecessores
816 930 916 988 fecisse
966 930 1110 988 duodecim
1125 932 1199 988 viros
1212 934 1359 1004 prudentia
1378 941 1405 990 ct
1428 933 1542 991 consilio
1563 933 1766 1005 preminentes,

112 1027 255 1076 noverunt.
272 1019 334 1076 Nou
348 1035 417 1093 ergo
431 1036 475 1076 me
490 1020 630 1093 contingat
652 1019 753 1076 talibus
767 1019 916 1076 immisceri
966 1019 1120 1092 eloquentia
1134 1021 1215 1077 etiam
1231 1022 1361 1093 preditos
1371 1023 1451 1095 (quos
1461 1023 1521 1095 ipse
1535 1021 1642 1078 noverit
1656 1022 1767 1080 servitio

113 1109 212 1180 quibus
223 1123 285 1164 eum
298 1107 442 1179 dispendio
447 1108 567 1179 proximi
575 1116 737 1180 cooperatur
744 1108 833 1182 matis
840 1109 915 1181 regis
965 1115 1055 1164 vestro
1066 1125 1127 1165 csse
1137 1109 1262 1180 idoneos)
1277 1110 1313 1166 ad
1323 1126 1373 1166 vos
1382 1111 1517 1167 destinare
1527 1109 1646 1178 festinet,
1662 1110 1709 1182 qui
1718 1126 1766 1167 re-

113 1198 227 1264 terreui,
255 1205 281 1252 ct
322 1196 473 1270 indignatio
493 1197 654 1253 succederet
678 1205 705 1253 et
728 1197 914 1254 incurreretur
965 1195 1017 1252 bus
1027 1198 1187 1269 opportunis
1197 1197 1492 1256 sufficienterinstrncti
1504 1206 1594 1256 vestra
1603 1198 1709 1270 possint
1718 1214 1766 1255 ne-

112 1285 305 1356 omnipotentis
320 1285 379 1341 Dei.
400 1307 412 1336 n
427 1285 530 1341 blonuit
549 1285 629 1356 igitur
647 1286 720 1356 regis
745 1285 913 1342 consiliarios
963 1285 1048 1358 gotia,
1065 1286 1184 1358 propriis
1198 1286 1305 1342 illomm
1317 1288 1478 1360 sumptibus,
1494 1288 1522 1343 in
1536 1287 1617 1343 Curia
1630 1287 1764 1354 Romans,

109 1373 265 1445 episcopus,
291 1381 320 1429 ut
341 1381 487 1445 procurent
510 1389 544 1429 nc
567 1373 619 1428 sibi
642 1374 706 1429 talin
725 1374 911 1447 injungantur,
963 1372 991 1427 iu
1005 1372 1166 1429 Alemannis
1195 1381 1276 1445 etque
1289 1375 1428 1446 Hispania,
1452 1390 1560 1432 necnon
1574 1375 1688 1444 etalibi,
1710 1389 1764 1448 quo

109 1457 182 1512 unde
193 1457 407 1513 contradicendo
421 1457 506 1530 regiae
514 1457 711 1524 deliberationi,
724 1458 808 1529 ipsius
821 1458 912 1515 denuo
963 1475 1010 1517 eos
1024 1461 1187 1517 censueritis
1202 1462 1389 1530 destinandos,
1405 1465 1569 1534 competenti
1593 1463 1702 1520 solertia
1716 1479 1764 1520 ex·

110 1545 226 1617 gratiam
241 1545 330 1616 ipsam
355 1546 488 1601 demereri
512 1562 626 1602 neccsse
649 1546 693 1602 sit.
719 1545 786 1614 Quae
810 1553 839 1601 ut
853 1546 913 1619 regi
962 1549 1064 1620 pedire.
1099 1550 1151 1619 Qui
1179 1551 1302 1622 pluribus
1333 1550 1532 1607 immoremur?
1551 1552 1631 1607 Venit
1653 1553 1764 1608 tandem

110 1633 306 1702 innotuerunt,
323 1635 412 1689 statim
427 1634 563 1689 mandavit
577 1642 603 1690 et
627 1643 758 1706 quatenus
783 1636 818 1691 ad
833 1651 948 1726 suamB
963 1637 1075 1693 nuntius
1089 1638 1288 1710 archiepiscopi
1303 1640 1338 1694 ad
1362 1639 1530 1712 episcopum,
1556 1648 1725 1711 presentans
1739 1641 1764 1697 ei

110 1738 173 1780 cum
187 1723 238 1779 Dei
253 1723 441 1780 bencdictione
462 1722 613 1780 Ecclesiam
633 1723 746 1791 rediret,
765 1738 817 1779 nee
832 1739 912 1781 manc
963 1725 1107 1782 duodecim
1132 1727 1209 1798 paria
1232 1727 1394 1795 litterarum,
1419 1727 1531 1784 totidem
1551 1727 1683 1785 Ecclesia
1706 1744 1764 1786 suaa

109 1812 196 1867 altero
218 1812 253 1866 ad
287 1829 317 1868 se
348 1811 497 1879 veniendi,
522 1819 551 1867 ut
572 1811 758 1878 condixerant,
790 1812 911 1868 laborem
961 1814 1087 1886 personis
1103 1831 1136 1870 cx
1152 1816 1377 1872 eminentioribus
1401 1816 1578 1889 porrigenda,
1604 1815 1695 1889 sigillo
1717 1832 1763 1872 ar·

110 1909 273 1967 assumeret,
290 1901 338 1956 scd
356 1916 407 1972 pro
422 1916 454 1956 eo
469 1900 503 1955 ad
518 1899 663 1956 Dominum
678 1900 751 1955 bono
766 1900 857 1956 animo
867 1901 911 1956 in·
961 1901 1154 1974 cbiepiscopaii
1164 1903 1280 1960 inclusa.
1294 1904 1387 1960 Attulit
1398 1904 1478 1960 ctiam
1489 1903 1622 1976 speciales
1633 1904 1762 1978 episeopo

111 1989 268 2050 desinenter
279 1997 381 2046 oraret.
407 1988 452 2044 Sic
479 1990 559 2063 Ilugo
582 1988 610 2042 in
632 1988 742 2044 nomine
763 1989 912 2045 Dominis
960 1989 1076 2057 litteras,
1108 1991 1137 2046 iu
1165 1992 1263 2064 quibus
1295 1992 1488 2065 praedictarum
1510 2000 1590 2049 tenor
1613 1993 1762 2050 bttemrum

110 2077 251 2133 curialium
266 2077 370 2150 laqueis
385 2077 526 2145 liberatus,
552 2078 640 2134 Deum
663 2076 809 2151 magnifice
828 2078 911 2134 bene·
957 2079 1034 2148 iuxta
1049 2079 1192 2135 formulam
1208 2081 1334 2152 superius
1348 2082 1573 2153 comprehensam
1587 2081 1762 2154 exprimeba-

109 2166 204 2223 dicens
218 2182 280 2223 cum
296 2166 353 2222 suis
367 2167 493 2223 omnibus
516 2165 552 2223 ad
576 2182 628 2222 sua
650 2181 713 2223 cum
736 2166 836 2239 gaudio
865 2183 910 2224 re·
960 2174 1012 2222 tur.
1031 2169 1061 2222 ln
1076 2182 1169 2224 earum
1184 2182 1250 2225 vero
1265 2169 1349 2237 ealce,
1374 2169 1451 2242 regia
1474 2169 1634 2226 auctoritate
1656 2170 1761 2241 pariter

109 2256 220 2312 meavit.
959 2263 986 2312 et
1000 2272 1049 2312 sun
1062 2256 1200 2313 mandavit
1225 2265 1357 2329 quatenus
1380 2258 1485 2314 litteras
1504 2258 1625 2331 singulas
1648 2257 1702 2314 illis
1724 2258 1760 2315 ad

146 2345 197 2400 Vix
211 2352 301 2400 autem
316 2345 444 2418 episcopo
457 2344 486 2400 iu
502 2344 627 2417 angliam
643 2360 764 2412 reverso,
783 2360 844 2402 cum
859 2360 910 2402 uec
958 2361 1028 2417 quos
1044 2353 1120 2400 erant
1135 2345 1243 2418 scriptae
1258 2346 1386 2416 mitteret,
1412 2362 1481 2418 quos
1502 2347 1537 2402 ad
1561 2363 1638 2402 susm
1653 2362 1760 2419 quoque

108 2433 145 2488 ad
167 2432 320 2489 Ecclesiam
345 2450 421 2489 suam
443 2434 623 2505 pervenisset,
647 2434 720 2489 idern
748 2451 794 2491 rex
817 2440 909 2491 contra
958 2434 1132 2505 praescntiam
1151 2434 1312 2501 destinaret,
1336 2442 1448 2506 paratos
1470 2435 1545 2505 juxta
1564 2433 1761 2509 iormamregii

107 2538 204 2594 regem
235 2523 400 2579 Francorum
426 2524 500 2593 (aba)
524 2538 608 2595 prope
632 2521 785 2579 Gisorcium
808 2523 908 2595 impetu
957 2522 1077 2578 mandati
1093 2522 1232 2595 adipsum
1255 2522 1416 2594 quantocius
1439 2539 1532 2595 regem
1547 2522 1758 2580 transfretare.»

107 2609 191 2678 lacto,
208 2618 235 2666 et
249 2612 336 2682 captis
350 2611 472 2682 pluribus
487 2611 572 2682 ipsius
592 2612 761 2683 optimatum,
777 2611 866 2684 ipsun
881 2612 908 2667 in
957 2610 1005 2665 His
1027 2610 1154 2684 cognitis,
1175 2610 1214 2666 illi
1247 2611 1392 2683 specialius
1414 2611 1603 2678 turbabantur,
1628 2611 1675 2683 qui
1697 2619 1761 2669 tunc

107 2697 201 2770 lugam
216 2699 281 2772 egit.
298 2700 373 2755 Tunc
387 2700 469 2755 etiarn
484 2715 577 2756 comcs
600 2699 789 2755 Nivcrniensis
804 2700 831 2755 in
853 2701 908 2756 ios·
958 2697 1059 2753 ibidem
1074 2706 1225 2770 praesentes
1239 2699 1351 2767 inventi,
1367 2700 1402 2755 ad
1425 2699 1542 2755 invisam
1565 2715 1595 2755 se
1613 2699 1761 2756 audierunt

107 2795 198 2842 satum
212 2787 316 2843 castelli
330 2787 461 2858 dejectus,
479 2788 558 2859 aquis
570 2797 682 2844 enectus
697 2787 806 2844 interiit.
822 2789 908 2859 liujus
956 2783 1157 2858 expeditionem
1173 2787 1313 2844 accersiri.

108 2883 198 2931 nutem
214 2875 344 2946 triumphi
358 2875 458 2932 scriem
487 2892 535 2932 rex
559 2892 623 2932 mox
648 2876 830 2933 LincoIniensi
853 2877 908 2948 epi·
992 2876 1194 2947 coepiscopus
1217 2876 1252 2931 ad
1277 2876 1369 2931 audita
1400 2875 1467 2931 nibil
1497 2875 1668 2947 respondens
1690 2876 1759 2949 (erat

107 2979 192 3034 scopo
206 2962 373 3036 significans,
391 2973 427 3032 et,
442 2972 470 3020 ut
480 2980 531 3035 pro
541 2979 585 3033 ec,
597 2964 667 3022 sicut
680 2973 812 3037 coepcrat,
829 2981 906 3021 orare
957 2962 1029 3018 enirn
1044 2964 1112 3020 hora
1126 2963 1289 3035 prandendi)
1312 2964 1348 3020 ad
1368 2981 1490 3020 mensam
1509 2966 1565 3033 jam
1580 2964 1696 3021 accessit
1708 2980 1758 3037 pa-

108 3051 266 3124 dignaretur
287 3052 446 3124 suppliciter
470 3067 594 3118 exorans,
619 3053 730 3109 nomina
752 3069 860 3126 quoque
883 3061 910 3108 et
924 3025 1054 3108 Oratam.
1070 3052 1170 3109 Clerici
1183 3052 1255 3108 inter
1269 3052 1410 3124 prandium
1435 3053 1552 3109 invicem
1573 3053 1757 3122 mussitantes,

109 3156 253 3196 numerum
269 3140 391 3196 virorum
405 3140 525 3209 sortium,
542 3157 610 3213 quos
626 3148 755 3213 ceperat,
772 3141 908 3197 litterato·
960 3155 990 3195 se
1004 3139 1099 3196 timere
1113 3148 1241 3196 asserunt
1254 3157 1289 3198 uc
1307 3140 1421 3197 duriora
1443 3141 1589 3212 episcopus
1602 3141 1697 3196 nuntio
1710 3157 1758 3197 re·

108 3228 150 3284 ric
164 3229 307 3300 expressit,
324 3229 450 3286 scribens
463 3230 533 3286 inter
543 3237 642 3286 caetera
657 3237 683 3284 et
697 3245 822 3285 asserens
836 3230 909 3303 quod
960 3229 1113 3299 sponderet,
1130 3244 1191 3284 cum
1206 3244 1260 3284 non
1270 3227 1418 3301 pontificali
1433 3229 1587 3296 severitate,
1607 3230 1656 3286 sed
1670 3229 1759 3301 potius

108 3314 191 3373 etiarn
206 3317 264 3389 ipse
280 3335 328 3374 rex
344 3319 483 3390 Pbibppus
499 3318 564 3375 satis
578 3319 613 3374 dc
634 3318 736 3375 fossato
750 3318 864 3375 bibisset
882 3319 909 3376 in
960 3317 1070 3373 lenitate
1091 3316 1235 3385 submissa,
1260 3317 1287 3372 in
1310 3334 1374 3374 casu
1399 3325 1451 3373 tam
1476 3317 1665 3387 formidoloso,
1690 3333 1759 3390 opus

107 3406 180 3478 quod
191 3406 345 3477 cecidisset,
362 3407 425 3481 luga
440 3407 549 3480 quidem
571 3407 717 3479 precipiti,
730 3406 783 3463 nisi
798 3423 909 3464 suorum
959 3413 1033 3461 esset
1046 3405 1081 3462 ad
1097 3406 1291 3477 experiendum
1313 3406 1448 3477 primitus,
1464 3407 1488 3461 si
1511 3406 1580 3464 lorte
1602 3407 1758 3464 blandiente

107 3508 160 3565 ope
174 3495 320 3552 subvectus
344 3496 477 3552 evasisset
499 3495 648 3551 interitum.
674 3497 752 3552 Hunc
775 3494 909 3552 bonorem
959 3493 1157 3564 supplicatione
1172 3494 1298 3549 dominus
1313 3494 1516 3550 cantuariensis
1530 3502 1623 3567 posset
1637 3494 1756 3566 deliniri,

109 3591 199 3637 autern
231 3592 312 3655 atque
349 3586 501 3655 trophaeum
524 3584 583 3656 regi
607 3584 713 3641 coelitus
746 3599 908 3641 concessum
959 3581 1015 3653 qui,
1032 3581 1054 3636 si
1068 3582 1158 3648 vellet,
1183 3582 1241 3653 ipse
1266 3582 1408 3638 consilium
1432 3582 1503 3638 istud
1517 3583 1546 3638 in
1568 3583 1666 3640 melius
1680 3582 1758 3640 facile

107 3670 213 3726 meritis
227 3673 315 3729 sancti
329 3672 454 3744 praesulis
467 3670 545 3727 multi
560 3672 642 3727 etiam
667 3688 779 3727 suorum
794 3671 910 3729 affirma·
958 3677 1148 3725 commutaret.
1164 3671 1227 3727 Haec
1241 3670 1295 3726 illis
1317 3679 1408 3728 mutuo
1431 3671 1643 3737 conferentibus,
1661 3671 1759 3728 avertit

106 3759 183 3825 bant,
208 3776 287 3830 quem
314 3761 373 3831 ipse
399 3775 448 3831 pro
476 3760 603 3827 Domino,
633 3760 746 3832 pristina
773 3759 908 3817 simultate
959 3759 1048 3828 Hugo,
1064 3758 1106 3814 vir
1119 3758 1224 3815 robusti
1235 3759 1364 3830 pectoris,
1388 3760 1467 3816 citius
1488 3759 1642 3816 formidinis
1664 3775 1758 3821 eorum

105 3846 207 3902 omissa
221 3847 379 3905 decreverat
392 3848 542 3919 impensius
557 3849 693 3905 venerari.
959 3845 1145 3901 diffidentiam.
1162 3846 1239 3903 Unde
1253 3847 1355 3902 nullius
1370 3863 1403 3903 ex
1417 3848 1458 3903 eis
1478 3864 1563 3920 super
1585 3847 1759 3905 reformanda

958 3933 1138 4006 responsione
1167 3934 1311 3991 consilium
1337 3936 1474 4010 expetivit,
1498 3937 1548 3994 sed
1569 3936 1707 4006 continuo,
1729 3943 1759 3992 ut
1821 3942 1825 3950 '

419 3998 532 4055 CAPUT
548 3999 598 4054 IX·
959 4022 1105 4078 surrexita
1126 4022 1271 4093 discubitu,
1292 4025 1328 4081 ad
1352 4025 1475 4081 nuntium
1495 4025 1542 4098 qui
1564 4033 1678 4083 venerat
1699 4026 1758 4083 baec

111 4104 410 4171 Ouomconrtcntcrse
420 4104 737 4179 admondntcmrepam
748 4108 907 4174 excusauit,
959 4120 1000 4166 est
1013 4119 1175 4182 prosecutus
1189 4129 1197 4167 :
1212 4135 1224 4161 ι
1240 4112 1328 4181 Nova,
1344 4113 1441 4185 inquit,
1458 4129 1510 4170 nec
1529 4115 1646 4186 uspiam,
1662 4115 1758 4170 bacte-

146 4191 198 4246 quo
209 4174 427 4231 sibitnandatar
436 4179 468 4231 ct
479 4176 515 4231 ad
523 4178 617 4249 ipsum
626 4179 754 4234 mitteret
764 4178 907 4234 duodecim
959 4215 1011 4254 nus
1025 4207 1086 4254 sum
1103 4200 1205 4269 studim,
1223 4208 1276 4256 gam
1290 4216 1322 4256 ea
1332 4218 1393 4273 φῶ
1405 4201 1566 4258 auam-flate
1581 4202 1665 4274 ,0⁸1ae
1678 4217 1759 4274 quam

145 4246 179 4299 de
187 4246 317 4316 personis
327 4246 602 4302 saoebineotnicnsis
612 4249 743 4304 Ecclesiae
753 4249 800 4320 qui
810 4248 847 4303 od
856 4264 910 4304 aaa
1001 4287 1006 4298 .
1379 4289 1413 4300 ..
1475 4288 1481 4300 .
1581 4288 1587 4300 .

144 4318 241 4385 sorem
260 4317 365 4371 mmm
376 4317 552 4388 expedienda
568 4319 701 4389 whom,
715 4322 816 4374 comm
826 4333 909 4374 em·
960 4294 986 4342 et
999 4286 1047 4341 illa
1062 4303 1123 4357 quae
1147 4303 1195 4342 sua
1218 4288 1357 4344 voluntate
1377 4297 1493 4361 injungit
1515 4289 1641 4345 dommus
1663 4298 1758 4347 noster

143 4389 253 4441 cutm,
268 4385 347 4441 papo,
362 4386 398 4441 ag
418 4386 630 4455 confiscandum
646 4390 742 4444 omuga
765 4388 838 4444 pom,
856 4378 946 4445 sunl)
961 4373 1175 4429 Cantuarieusis.
1192 4374 1266 4431 Sciat
1279 4383 1370 4432 tamen
1384 4375 1429 4431 ille
1444 4392 1488 4432 rne
1502 4393 1641 4450 nunquam
1655 4378 1758 4435 littera·

144 4471 295 4511 censuram
320 4458 476 4513 excreando
499 4459 730 4514 ecclesiasticam.
747 4489 781 4499 -
795 4461 831 4515 El
853 4460 903 4515 boc
955 4479 1016 4518 rum
1048 4478 1160 4518 suarum
1181 4462 1239 4519 lore
1262 4464 1305 4519 vel
1338 4463 1422 4520 luisse
1445 4465 1614 4537 portitorem,
1639 4482 1692 4524 nec
1714 4484 1758 4524 me

146 4530 188 4580 ⁶⁸²
203 4529 289 4597 Cal’fl·
306 4529 323 4580 7
338 4529 368 4582 5⁷2
383 4529 456 4583 iem
468 4543 579 4599 '²²⁰9stoe
597 4530 672 4584 ΜΨ·
956 4552 1070 4608 clericos
1088 4560 1197 4609 nostros
1212 4553 1296 4626 regiis
1310 4553 1456 4625 aliquando
1475 4555 1593 4612 servitiis
1609 4555 1756 4629 obligasse,

142 4630 303 4702 Excogitato
318 4640 408 4687 autem
423 4633 458 4688 ab
470 4633 575 4689 aemulis
589 4635 637 4690 viri
650 4634 699 4690 Dei
714 4643 831 4691 versutae
845 4634 907 4690 sub·
956 4648 1000 4696 aut
1014 4640 1200 4712 obligaturum
1214 4657 1286 4698 esse.
1302 4641 1431 4698 Prohibui
1454 4659 1527 4715 saepe
1541 4643 1659 4711 clericis,
1675 4645 1757 4700 etiam

106 4717 208 4772 tilitatis
231 4718 421 4792 irrefragibili,
446 4729 472 4775 ut
495 4721 652 4792 putabatur,
675 4722 903 4792 machinamento,

108 4805 265 4879 suggeritur
281 4808 350 4879 regi,
366 4808 566 4878 plurimosesse
576 4810 647 4865 inter
657 4810 785 4866 Ecclesiae
801 4811 907 4867 Lincol·

144 4983 217 5048 (213)
229 4985 376 5048 Philippum.
402 4987 437 5037 be
457 4987 504 5038 boc
527 4987 610 5050 praetio
631 4992 656 5039 et
673 4989 774 5041 victoria
796 4988 907 5041 videatur

109 5052 234 5168 liiiiaeiius
246 5052 269 5102 iu
282 5054 374 5103 chron.
388 5053 417 5103 ad
430 5065 522 5105 anuum
538 5055 609 5116 1198,
628 5054 670 5107 nbi
691 5056 731 5107 bic
751 5056 828 5108 relata
851 5069 908 5108 con·

144 5211 215 5275 (111)
235 5213 268 5262 be
289 5213 412 5275 opulentia
425 5217 450 5264 ct
468 5213 626 5277 amplitudine
647 5218 799 5280 episcopatus
810 5217 909 5269 Lincol·

109 5277 202 5327 niensis
214 5279 247 5328 ita
259 5279 345 5328 scribit
358 5280 472 5331 Giraldus
484 5281 582 5332 Cambr.
602 5282 672 5344 angl.
694 5284 776 5333 sacre
795 5289 858 5346 part.
879 5297 907 5345 u,

109 5357 138 5405 p.
154 5345 202 5394 ttr
219 5357 225 5392 :
244 5346 351 5396 «Crevit
369 5359 426 5407 erqo
443 5348 554 5399 dioeccsis
574 5349 748 5400 lincolniensis
764 5361 808 5411 per
828 5351 909 5401 Remi·

110 5411 184 5472 glum,
204 5411 246 5461 scd
259 5410 368 5462 decrevit
380 5415 513 5466 enormiter
526 5427 570 5478 per
581 5414 714 5468 liebertum
726 5417 750 5467 ct
763 5416 907 5468 liobcrtum.

956 4728 1062 4797 alienis,
1078 4729 1106 4784 in
1116 4730 1275 4801 episcopatu
1290 4738 1388 4786 nostro
1413 4731 1589 4799 beneficiatis,
1614 4748 1649 4787 ne
1663 4732 1692 4787 in
1705 4747 1758 4802 pu-

957 4816 1037 4873 blicis
1059 4811 1254 4884 luuctionibus'‚
1279 4827 1308 4874 ut
1332 4819 1422 4875 estin
1446 4819 1628 4879 distrahendis
1650 4818 1759 4875 forestis

957 4994 1064 5045 Cunctas
1076 4998 1160 5045 tamen
1173 4993 1329 5046 catbedmlcs
1348 4994 1428 5047 adbuc
1449 4995 1518 5058 regni
1538 4994 1613 5045 totius
1630 4994 1757 5058 eeclesias,

957 5073 991 5110 vu
1003 5064 1133 5112 comitatus
1146 5063 1171 5111 et
1182 5060 1308 5113 dimidium
1321 5062 1346 5112 in
1357 5074 1384 5111 se
1393 5062 1529 5124 continens,
1540 5064 1612 5112 terre
1625 5061 1757 5124 populosa,

958 5131 984 5177 et
995 5131 1085 5191 prater
1097 5128 1178 5178 varios
1191 5131 1344 5191 personatus,
1354 5127 1415 5178 alios
1425 5141 1458 5177 vu
1471 5128 1508 5179 vel
1521 5140 1564 5176 vus
1576 5127 1759 5179 archidiacona-

957 5195 997 5245 tus
1009 5194 1111 5256 babens,
1124 5195 1195 5257 longe
1208 5194 1304 5256 lateque
1316 5195 1429 5244 diocesis
1441 5193 1600 5256 amplitudine
1612 5194 1697 5244 vineit.
1710 5211 1720 5242 s
1808 5253 1813 5263 Ι

991 5284 1066 5352 (dib)
1092 5287 1118 5338 ld
1142 5287 1234 5339 lactum
1257 5286 1364 5336 creditur
1387 5298 1452 5338 anuo
1476 5285 1551 5348 11118,
1576 5289 1630 5350 post
1654 5285 1758 5338 reditum

958 5353 1171 5483 ggffioffiuzrrissge,
1183 5353 1241 5405 licet
1263 5356 1288 5405 ct
1300 5356 1357 5404 aute
1377 5352 1430 5415 ejus
1447 5364 1569 5405 recessum
1591 5352 1677 5404 eodem
1695 5364 1760 5405 anno
