3742 5986
129 215 198 268 toan
589 209 618 264 S.
635 196 792 266 HUGONIS
811 206 920 263 llPlSC.
936 206 1098 265 ttttcottv.
1115 207 1197 266 ORD.
1218 208 1344 266 CARTH.
1732 209 1801 262 1036

127 333 235 389 ιιιιιιιι
248 347 300 389 ιιι
313 331 523 402 amplectuntur,
549 332 631 388 vitam
646 347 735 388 meam
749 330 964 403 temporalemd
977 331 1090 405 indigne
1104 333 1260 401 commissa,
1275 348 1336 391 cum
1346 332 1554 390 circumstantiis
1570 339 1713 388 reatuum
1728 346 1799 386 suo-

127 420 200 493 (quae
218 420 284 475 mihi
307 435 402 476 revera
418 418 528 474 fastidio
548 420 604 488 jam
620 419 726 490 pridem
751 419 833 490 coepit
853 420 927 489 esse)
978 436 1038 475 rum
1052 430 1178 493 prompte
1201 429 1279 477 acute
1305 429 1332 476 et
1356 420 1437 492 plene
1451 436 1625 476 enumerare.
1646 421 1683 474 In
1702 418 1798 475 conli-

126 508 193 564 satis
208 515 341 580 cuperent
354 507 523 580 prolongari.
539 507 592 562 Sed
603 507 683 562 nobis
698 507 831 562 sententia
845 506 928 579 longe
977 508 1059 564 tendo
1083 508 1156 565 istud
1179 526 1288 581 semper
1309 508 1456 581 replicabat
1481 526 1488 562 ε
1514 531 1526 556 ι
1552 509 1636 576 ιιιιι,
1653 507 1797 580 inquiens

125 596 231 650 distans
246 603 297 661 est,
317 595 365 668 qni
380 595 517 650 ceruimus
532 594 695 661 manifeste,
712 611 794 666 quam
808 594 837 649 in
851 593 928 650 brevi
976 611 1039 651 mea
1052 613 1133 664 vcra,
1158 613 1242 669 pura,
1267 606 1293 652 et
1316 596 1374 652 sola
1387 597 1459 652 mula
1472 605 1550 662 sunt;
1567 597 1663 666 bona,
1688 594 1716 650 si
1733 612 1797 667 quae

126 682 225 738 llebilis
240 683 275 738 sit
284 682 391 738 iuturus
402 689 489 738 status
501 682 634 743 Ecclesiae
647 681 816 755 hnglicanae.
832 682 927 737 llelius
977 691 1040 739 sunt
1068 700 1123 740 non
1150 685 1188 741 ita
1215 693 1290 753 sunt,
1321 685 1370 742 scd
1392 684 1525 741 malorum
1544 684 1726 740 admistione
1739 684 1796 738 im-

126 771 218 843 itaque
239 770 402 826 nobismori
429 777 472 826 est
485 785 566 842 quam
580 769 673 826 vivere
687 778 714 826 et
727 771 820 827 videre
835 769 921 825 immi·
976 788 1061 843 pura,
1088 773 1168 828 malis
1192 773 1311 846 undique
1335 781 1472 841 concerta,
1488 772 1635 830 etidcirco
1651 788 1713 829 nec
1728 787 1796 829 rera

125 859 219 914 nentia
233 859 324 932 gentis
337 858 417 927 hujus
431 858 504 913 mala
527 866 554 913 et
569 866 727 915 sauctorum
752 858 838 930 (3ιι).
857 859 927 913 Νιιι
976 859 1136 932 simpliciter
1150 869 1211 916 sant
1235 862 1317 917 bona.
1337 885 1348 910 ι
1485 894 1492 930 ,

71 978 77 987 1
124 946 317 1018 proculdubio
342 945 371 1001 in
396 945 515 1017 posteris
530 946 640 1003 Henrici
664 946 742 1020 regis
756 944 864 1017 impleri
878 961 926 1001 ne·
1012 947 1153 1004 Celebrate
1167 949 1253 1022 igitur
1266 965 1315 1020 per
1331 949 1448 1005 triduum
1461 947 1656 1018 hujuscemodi
1672 947 1793 1006 conlec-

125 1049 204 1090 cesse
218 1041 277 1101 est,
296 1034 370 1106 qnod
385 1033 524 1105 Scriptura
547 1034 694 1106 praelocuta
717 1042 760 1090 est
776 1049 783 1089 :
801 1057 812 1082 a
830 1033 927 1104 Spuria
976 1035 1053 1090 sione
1066 1036 1142 1092 circa
1156 1037 1251 1092 horam
1265 1037 1373 1092 tertiam
1397 1037 1425 1091 in
1448 1036 1540 1109 vigilia
1554 1043 1731 1104 memorata,
1744 1053 1794 1093 en·

125 1121 285 1178 vitulamina
298 1137 354 1178 non
367 1120 472 1177 dabunt
487 1121 596 1178 radices
610 1122 680 1178 altas
691 1123 770 1194 (Sep.
794 1136 832 1189 ιν,
844 1123 882 1191 3),
900 1127 928 1175 ιι
976 1122 1112 1179 charistiae
1126 1124 1162 1179 ad
1176 1139 1206 1180 se
1220 1124 1317 1181 delate
1331 1124 1439 1181 obviam
1453 1123 1553 1196 plantis
1568 1124 1667 1191 nudis,
1685 1123 1791 1191 cilicio,

124 1208 160 1264 ab
169 1209 265 1282 iniquo
274 1210 352 1266 thoro
362 1225 458 1265 semen
468 1209 692 1266 exterminabitur
701 1211 781 1283 (Sap.
792 1223 834 1278 ιιι,
846 1209 923 1279 16).»
976 1209 1066 1266 tonica
1080 1218 1107 1265 et
1120 1211 1226 1267 cuculla
1239 1210 1371 1279 vestitus,
1395 1211 1529 1282 processit
1549 1225 1566 1266 a
1580 1209 1700 1267 lectulo.
1716 1213 1791 1267 Ante

124 1297 221 1353 Sedet
244 1313 291 1353 rex
314 1297 462 1353 modernus
485 1298 652 1354 Francorum
675 1297 751 1369 (ata)
774 1297 926 1369 genitorem
975 1297 1063 1369 ipsum
1080 1314 1188 1371 quoque
1203 1300 1374 1355 tremendum
1385 1298 1560 1370 &vinumque
1576 1307 1791 1355 sacramentnm

123 1400 204 1441 suum
214 1384 379 1441 Ludorioum
389 1384 538 1442 ulciscetur
548 1385 575 1439 in
584 1383 681 1441 sobole
695 1384 925 1456 prevaricatricis
975 1401 1066 1456 genua
1079 1386 1201 1452 flectens,
1213 1395 1240 1441 ct
1255 1387 1412 1459 suppliciter
1421 1387 1548 1453 adorans,
1560 1387 1669 1443 diutins
1685 1388 1787 1455 orarit,

124 1473 201 1544 (34⁶)
215 1488 276 1543 quae
290 1473 397 1529 thorum
413 1488 474 1528 cum
498 1488 532 1528 eo
545 1472 749 1529 immaculatum
763 1471 924 1543 repudiavit,
974 1483 1192 1526 commemorans
1207 1468 1312 1525 infinita
1335 1469 1468 1527 beneficia
1491 1469 1640 1526 Salvatoris
1662 1471 1789 1527 humano

123 1560 237 1632 ejusque
260 1560 359 1615 ramulo
389 1560 448 1633 regi
470 1560 623 1631 anglorum
646 1560 784 1633 impudica
798 1560 922 1615 adhesit.
974 1557 1068 1628 generi
1083 1557 1217 1628 impensu,
1232 1557 1325 1629 illique
1341 1558 1445 1631 gratias
1459 1557 1522 1614 inde
1536 1557 1682 1625 reserens,
1708 1574 1743 1615 ac
1757 1575 1787 1614 se

124 1646 310 1717 Quamobrem
326 1647 446 1704 Gallicus
470 1648 520 1703 iste
544 1647 685 1719 Philippus
700 1647 802 1721 regiam
817 1647 923 1720 Anglo-
937 1644 1054 1737 Baimis
1069 1644 1240 1717 culpabilem,
1256 1653 1284 1700 ιι
1298 1646 1422 1714 dicebat,
1438 1646 1497 1715 ejus
1512 1646 1788 1702 misericordissime

122 1751 183 1791 rum
205 1736 243 1791 ita
265 1735 368 1792 delebit
394 1736 509 1807 stirpem
536 1736 766 1808 quemadmodum
791 1737 842 1792 bos
857 1736 924 1792 ber·
974 1733 1067 1803 pietati
1081 1733 1292 1799 commendans,
1317 1732 1403 1804 ipsius
1416 1734 1534 1806 denique
1552 1733 1744 1804 patrocinium
1759 1742 1787 1788 et

123 1824 186 1880 bam
209 1823 279 1880 solet
302 1839 389 1896 usque
411 1823 445 1879 ad
459 1824 568 1880 radices
581 1839 708 1895 carpere.
723 1826 794 1880 Nam
808 1841 823 1879 a
837 1824 925 1880 Gallis
973 1819 1103 1876 auxilium
1118 1820 1248 1892 usquein
1270 1820 1352 1876 finem
1368 1820 1421 1877 sibi
1434 1820 1529 1887 affore,
1545 1836 1598 1877 nec
1612 1837 1644 1877 se
1658 1837 1786 1893 unquam

122 1920 179 1968 tres
193 1911 279 1983 ipsius
294 1912 351 1968 nati
362 1911 420 1981 jam
434 1912 528 1968 abrasi
542 1919 615 1981 sunt,
631 1928 713 1986 reges
729 1911 854 1968 videlicet
869 1912 924 1968 duo
973 1909 1101 1964 deserere
1116 1908 1243 1965 flebiliter
1252 1908 1418 1980 imploravit.
1431 1909 1557 1967 Reiectus
1571 1909 1708 1981 deniquae
1722 1907 1785 1966 vite

121 1999 207 2071 (3l't),
222 2006 249 2055 et
262 2014 333 2055 unus
347 1999 462 2067 consul;
487 2009 616 2073 quartus,
642 2001 689 2073 qui
704 2006 840 2072 superest,
857 2015 923 2056 cur·
972 2005 1081 2054 retemae
1096 1996 1222 2068 dapibus,
1239 2005 1266 2053 ct
1280 2005 1403 2054 extrema
1416 1998 1544 2054 unctione
1557 1997 1586 2052 in
1600 2006 1784 2069 peccatorum

120 2093 174 2143 tarn
188 2087 300 2143 babebit
326 2101 423 2159 pacem
453 2088 488 2143 ah
517 2088 558 2144 eis
572 2089 658 2160 (348).
689 2088 749 2145 Scis
762 2104 837 2156 vero,
859 2088 924 2162 qnia
973 2085 1164 2141 remissionem
1179 2085 1333 2153 delibutus,
1358 2085 1462 2158 gratias
1476 2085 1533 2159 egit
1546 2085 1680 2156 Domino,
1697 2086 1782 2142 dixit-

120 2183 183 2247 post
196 2175 308 2231 biduum
320 2175 415 2231 Natale
430 2175 539 2232 Domini
552 2176 605 2232 mei
621 2176 798 2250 evangeliste
811 2185 838 2232 et
852 2191 922 2248 epo-
972 2188 1026 2244 que
1040 2172 1120 2228 nobis
1137 2190 1143 2226 :
1162 2196 1173 2222 ι
1190 2174 1251 2228 Jarn
1265 2174 1379 2230 medicis
1395 2181 1422 2230 et
1435 2173 1540 2229 morbis
1549 2173 1665 2241 nostris,
1683 2181 1714 2228 ut
1728 2189 1777 2245 pc‹

119 2262 182 2320 stoli
205 2262 325 2319 Mattbei
339 2261 396 2319 liet.
411 2263 477 2318 Dies
492 2262 537 2318 illa
551 2263 605 2318 mei
621 2278 730 2335 quoque
751 2264 922 2336 episcopatus
971 2260 1051 2331 terit,
1079 2260 1240 2326 conveniat,
1256 2260 1291 2317 de
1306 2260 1428 2333 utrisque
1442 2260 1540 2319 amodo
1554 2261 1606 2316 crit
1620 2261 1650 2315 in
1665 2269 1780 2332 pectore

119 2350 255 2407 natalitius
269 2359 347 2419 erat3
362 2351 390 2406 in
405 2367 437 2407 ea
452 2352 541 2421 enirn,
567 2359 596 2406 ut
618 2351 673 2408 scis
696 2351 852 2409 unctionem
871 2368 921 2408 su·
971 2355 1064 2404 nostro
1080 2362 1147 2404 cura
1171 2347 1270 2404 minor.
1296 2348 1329 2403 ei
1342 2364 1386 2404 me
1401 2348 1539 2415 commisi,
1561 2348 1640 2403 illum
1656 2348 1779 2420 suscepi,

119 2439 193 2511 scapi
208 2438 396 2511 praesularem.
413 2439 622 2511 sepius-autem
645 2440 680 2495 ub
704 2440 814 2496 incunte
841 2448 921 2497 aetate
970 2436 1061 2506 ipsum
1071 2435 1179 2506 tenebo,
1191 2443 1218 2492 et
1233 2436 1286 2508 ipsi
1297 2437 1453 2504 adhaerebo,
1466 2437 1507 2493 cui
1518 2436 1665 2493 adherere
1675 2437 1778 2493 bonum

118 2527 269 2601 egrotavi,
285 2543 337 2584 nec
350 2526 435 2583 ullam
450 2534 542 2583 tamen
555 2527 711 2585 unctionem
735 2544 795 2599 quae
809 2528 921 2600 proprie
970 2531 1022 2590 est,
1039 2531 1065 2581 et
1080 2539 1160 2595 quern
1176 2530 1271 2579 tenere
1285 2524 1393 2580 beatum
1408 2533 1459 2580 est.
1476 2523 1563 2594 Quem
1578 2525 1623 2596 qui
1648 2525 1777 2596 suscipit,

118 2614 288 2671 infirmorum
311 2615 429 2685 dicitur,
453 2616 585 2672 hactenus
599 2615 723 2686 percepi.
744 2616 806 2671 Sola
822 2632 855 2671 ex
870 2633 920 2671 nn·
970 2620 997 2668 et
1010 2612 1054 2668 eui
1069 2628 1099 2668 se
1118 2613 1163 2683 qni
1178 2612 1329 2679 committit,
1346 2613 1451 2668 validus
1466 2621 1493 2668 et
1514 2619 1588 2668 tutus
1604 2620 1659 2668 est.
1689 2637 1702 2662 s

119 2702 255 2759 ctionibus
269 2717 330 2774 quae
341 2717 409 2758 mee
418 2711 531 2774 possent
545 2718 698 2773 congruere
711 2719 847 2775 personae,
862 2705 920 2759 hnc
1005 2700 1167 2756 Admonitus
1181 2708 1271 2756 autem
1286 2709 1398 2771 postea,
1416 2701 1482 2756 dum
1496 2701 1614 2772 languor
1627 2700 1777 2773 ingraves·

117 2789 184 2845 mihi
199 2789 316 2846 necdum
331 2796 373 2845 est
386 2789 497 2845 collata.
512 2789 590 2845 Hanc
603 2789 687 2863 igitur
700 2806 761 2846 cras
776 2791 803 2845 in
826 2791 921 2863 vigilia
970 2796 1052 2854 neret,
1069 2796 1098 2844 ιι
1108 2788 1190 2843 etiam
1205 2796 1396 2844 testamentum
1412 2788 1446 2845 de
1455 2804 1530 2845 more
1545 2787 1709 2856 conficeret,
1719 2789 1774 2844 ait:

117 2876 191 2933 beati
199 2876 385 2950 Evangeliatae
394 2877 546 2948 promereri
554 2878 735 2955 exoptatam
743 2877 825 2952 igitur
836 2879 919 2935 modo
971 2875 1091 2931 ‹Taedct
1114 2892 1157 2931 mc
1181 2892 1246 2932 sane
1270 2876 1350 2946 buius
1374 2876 1578 2932 consuetudinis
1590 2877 1649 2945 jam
1671 2876 1773 2949 passim

117 2963 214 3023 faciem
227 2965 337 3022 Domini
360 2965 514 3036 praevenire
528 2965 662 3022 debemus
687 2966 716 3022 in
730 2982 800 3038 pura
814 2975 841 3023 et
854 2983 918 3024 vera
967 2962 996 3018 in
1010 2962 1163 3020 Ecclesiam
1178 2965 1319 3021 traductae.
1335 2965 1406 3021 Nam
1420 2966 1511 3038 quoad
1525 2964 1648 3021 nmmum
1669 2981 1773 3032 meum,

115 3052 304 3121 confessione,
329 3061 358 3110 ut
372 3054 432 3125 ipso
446 3053 563 3110 Domino
578 3063 713 3110 annuente
728 3062 784 3110 tam
797 3070 915 3112 venera·
928 3026 952 3088 ⁰
966 3050 1033 3106 nibil
1056 3053 1211 3110 omnimode
1234 3061 1281 3108 aut
1303 3053 1414 3124 possedi
1429 3069 1563 3125 unquam,
1579 3060 1625 3108 ant
1640 3052 1773 3124 possideo

115 3142 169 3199 bile
184 3149 385 3199 sacramentum
400 3141 483 3213 digne
496 3158 548 3214 pro
562 3142 674 3198 modulo
688 3150 781 3199 nostro
796 3151 823 3199 et
837 3143 913 3199 salu·
967 3155 1039 3196 nunc
1053 3141 1127 3211 quod
1140 3156 1282 3198 censerem
1297 3157 1401 3208 meum,
1418 3151 1445 3197 et
1459 3157 1514 3197 non
1527 3139 1617 3211 potius
1631 3156 1698 3197 esse
1715 3141 1772 3196 lic-

115 3231 201 3287 hriter
213 3246 265 3302 pro
279 3230 361 3286 domo
375 3245 425 3286 sua
439 3231 518 3287 nobis
532 3230 672 3303 contingat
695 3231 844 3303 suscipere.
865 3256 876 3279 a
967 3228 1057 3285 clesiae
1072 3244 1152 3298 quam
1167 3229 1308 3302 regebam,
1320 3229 1471 3300 proprium.
1488 3232 1624 3295 Attamen,
1635 3245 1674 3284 ne
1687 3228 1771 3286 fiscus

149 3318 199 3374 llis
212 3317 304 3391 itaque
320 3317 491 3385 memoratis,
509 3318 640 3391 quidquid
653 3319 681 3373 in
696 3335 726 3374 se
740 3327 855 3375 noverat
868 3334 915 3375 ac-

114 3406 244 3476 cusabile,
260 3405 304 3463 vel
318 3406 449 3479 quidquid
463 3406 491 3460 in
504 3406 625 3479 quolibet
647 3407 735 3478 gradu
753 3407 850 3475 etatis,
866 3423 912 3463 or-

113 3494 193 3562 dinis,
205 3501 251 3551 aut
261 3493 441 3566 professionis
450 3494 502 3551 sibi
511 3495 609 3551 deesse
620 3495 765 3566 displicere
774 3504 910 3567 potuerat,

111 3583 195 3655 coepit
221 3583 249 3637 in
277 3590 426 3654 conspectu
448 3583 557 3639 Domini
585 3583 636 3638 suh
658 3584 815 3639 testimonio
836 3584 911 3655 prius

111 3671 245 3739 ejusdem,
261 3686 324 3727 cum
339 3686 394 3743 qno
407 3670 587 3743 loquebatur,
612 3671 739 3728 monachi
752 3678 779 3727 et
792 3672 911 3743 presby·

109 3757 162 3814 teri
176 3758 236 3825 sui,
258 3758 358 3814 deiude
383 3758 409 3815 ei
431 3758 564 3827 adiunctis
583 3758 670 3813 tribus
683 3760 843 3816 reverende
857 3760 910 3816 ho-

110 3847 223 3902 nestatis
237 3845 426 3902 sacerdotibus
441 3846 558 3903 sollicite
572 3845 693 3902 confiteri
708 3845 829 3914 Quorum
851 3847 911 3919 pri·

109 3949 170 3989 mus
184 3933 383 3991 Lincolniensis
395 3934 526 4001 decanus,
538 3935 673 3989 sccundus
682 3942 835 4005 praeceptor
844 3934 908 4006 (ιι,

108 4019 269 4093 precentor]
285 4020 332 4092 qui
346 4019 505 4076 cathedram
519 4020 604 4092 ipsius
619 4028 680 4091 post
703 4037 765 4077 eum
786 4023 910 4078 ascendit

967 3316 1048 3373 solito
1063 3316 1166 3387 rapiat,
1191 3318 1215 3372 si
1238 3317 1304 3389 quid
1326 3318 1460 3373 bonorum
1484 3316 1694 3388 temporalium,
1710 3325 1773 3388 post

966 3421 1058 3461 meum
1084 3404 1188 3460 obitum
1203 3405 1231 3459 in
1254 3406 1412 3477 episcopatu
1427 3405 1504 3462 luerit
1518 3405 1701 3471 derelictum,
1714 3405 1771 3474 jam

966 3508 1038 3549 nunc
1059 3493 1188 3548 universa
1203 3509 1263 3564 quae
1285 3493 1381 3551 videor
1393 3493 1554 3566 possidere,
1580 3492 1770 3566 indigentibus

966 3581 1107 3653 eroganda
1115 3580 1214 3651 delego
1225 3581 1342 3638 Domino
1352 3590 1446 3637 nostro
1459 3581 1523 3637 Jesu
1533 3581 1652 3636 Christo.
1669 3580 1770 3638 ..Λιιι-

965 3669 1054 3740 lisque
1064 3668 1169 3725 decano
1185 3677 1211 3723 et
1227 3669 1333 3724 duobus
1343 3669 1475 3726 Ecclesie
1489 3683 1545 3724 suae
1554 3667 1767 3734 archidiaconis,

965 3772 1134 3828 quecunque
1147 3757 1177 3811 in
1190 3757 1397 3828 posscssionum
1407 3772 1516 3813 suarum
1531 3754 1711 3812 facultatibus
1724 3771 1769 3812 re-

964 3845 1046 3915 periri
1059 3853 1193 3917 poterant,
1219 3860 1313 3900 eorum
1327 3845 1483 3917 provisione
1499 3842 1686 3915 dispertienda
1701 3844 1768 3915 ipsis

964 3933 1135 3989 contradidit.
1165 3934 1228 3989 Post
1256 3933 1315 3990 baec
1341 3933 1458 3989 orarium
1480 3949 1558 3988 snum
1574 3932 1606 3999 (ι.
1622 3947 1648 3988 e.
1667 3931 1766 3988 stolam

964 4020 1172 4091 sacerdotalem)
1183 4020 1265 4090 jussit
1280 4019 1385 4089 afferri,
1401 4020 1473 4093 quod
1487 4018 1590 4076 cervici
1603 4019 1766 4092 appendens

109 4109 194 4178 (atat,
210 4108 308 4166 tertius
322 4122 387 4165 vero
402 4107 612 4165 archidiaconus
622 4109 825 4166 Nortlramtonae
840 4119 908 4179 erat,
962 4109 1197 4165 anathematizavit
1219 4109 1281 4164 illos
1295 4125 1407 4178 omnes,
1422 4109 1468 4181 qui
1483 4107 1518 4164 de
1541 4107 1623 4163 rebus
1639 4107 1699 4162 suis
1713 4106 1765 4162 ali·

108 4196 150 4253 vir
164 4197 217 4254 vita
231 4197 324 4271 utique
349 4204 376 4253 et
390 4196 514 4254 doctrina
528 4195 707 4253 clarissimus.
724 4198 754 4252 lu
768 4197 821 4254 hac
838 4214 908 4255 con·
963 4197 1028 4270 quid
1043 4197 1229 4253 fraudulenter
1243 4197 1423 4269 supprimere,
1442 4196 1486 4253 vel
1500 4195 1605 4251 aulerre
1619 4194 1764 4263 violenter,

107 4284 226 4342 ιιιιιοιι
240 4285 352 4342 necilla
365 4285 471 4351 omisit,
497 4301 559 4358 quae
578 4285 728 4342 innumeris
742 4286 849 4357 pridem
863 4286 907 4343 vi-
962 4284 1132 4357 liberamque
1153 4285 1307 4342 facultatem
1331 4284 1513 4357 exsequendi,
1541 4283 1615 4355 quod
1631 4285 1764 4354 jusserat,

106 4372 185 4429 cibus
200 4372 289 4429 luerat
312 4373 378 4429 viris
401 4373 507 4430 devotis
522 4390 603 4445 quum
617 4374 738 4444 pluribus
752 4373 945 4436 confessum)
959 4373 1098 4445 praedictis
1112 4373 1318 4429 exsecutoribus
1331 4373 1472 4446 denegare
1494 4378 1656 4427 tentassent.

107 4461 212 4517 Horum
227 4460 339 4532 quilibet
354 4460 433 4516 lateri
448 4460 553 4516 solebat
576 4462 650 4534 quod
672 4463 810 4519 neminem
828 4463 907 4536 qnis-
994 4463 1058 4517 Post
1080 4468 1237 4533 susceptum
1262 4477 1327 4518 vero
1351 4477 1449 4517 munus
1471 4467 1601 4516 extremae
1615 4461 1763 4527 unctionis,

106 4564 187 4621 quern
198 4564 294 4605 eorum
308 4556 421 4604 eatenus
435 4548 557 4616 vidisset,
574 4550 631 4622 qui,
648 4552 717 4606 sicut
730 4551 772 4606 vir
786 4551 846 4619 iste,
863 4568 906 4608 se·
957 4558 1099 4607 crescente
1126 4550 1154 4605 iu
1182 4550 1242 4605 dies
1267 4549 1480 4615 edelsinum,
1510 4547 1620 4604 duobus
1635 4549 1765 4604 continue

106 4636 197 4708 ipsum
223 4643 317 4693 nosset
331 4652 472 4706 accusare,
499 4645 526 4693 et
550 4637 591 4694 sic
613 4653 629 4692 a
655 4654 685 4694 se
708 4638 819 4717 omissa,
836 4640 907 4696 sicut
958 4638 1099 4695 mensibus
1109 4638 1208 4694 lectulo
1218 4638 1355 4708 decubuit,
1367 4637 1523 4709 quotidiana
1531 4651 1611 4707 pone,
1628 4644 1657 4691 et
1672 4651 1763 4708 quan

138 4813 212 4880 (att)
226 4816 284 4878 Qus
296 4818 353 4880 post
364 4817 391 4867 S.
415 4815 522 4877 lingonis
543 4815 635 4866 obitum
651 4821 802 4881 evenerunt,
818 4819 844 4867 ct
865 4819 907 4869 diu
993 4813 1065 4880 (stt)
1078 4814 1196 4864 chncus
1205 4814 1288 4864 iunior
1300 4817 1325 4863 et
1336 4811 1481 4873 bichardus,
1493 4813 1645 4873 uterqucrcx
1658 4811 1763 4874 hodie,

103 4880 263 4946 duravemnt‚
276 4882 342 4933 clero
353 4894 408 4933 ιιιι
423 4882 551 4933 monacbis
563 4882 587 4932 in
601 4881 713 4933 exsilium
720 4884 804 4948 misso,
818 4889 843 4935 et
856 4887 905 4936 tota
958 4881 999 4931 ille
1011 4882 1065 4931 vivo
1077 4881 1168 4943 adbuc,
1183 4879 1222 4929 bic
1242 4882 1337 4930 mortuo
1352 4879 1458 4928 ιιιιιιιι
1479 4883 1557 4941 patre.
1575 4877 1715 4927 Gaulredns
1732 4889 1764 4927 er

104 4947 158 5000 tere
171 4948 257 5010 anglia
269 4948 332 4999 bello
345 4951 451 5000 vastata.
957 4948 1049 4998 comite
1060 4946 1110 4997 (ιιι
1122 4945 1263 5006 britannie,
1274 4946 1348 4995 etiam
1360 4945 1460 4995 henrici
1470 4944 1500 5004 ιι,
1509 4943 1573 5006 regis
1582 4943 1678 5006 anglie
1688 4943 1763 4995 tilios

137 5028 210 5095 (ses)
223 5032 352 5095 Philippus
365 5032 396 5094 ll,
409 5031 489 5082 dictus
501 5033 636 5095 lingosus,
649 5043 713 5084 anno
726 5035 800 5098 ιιιι,
822 5037 847 5085 tn
867 5047 907 5086 re-

102 5096 254 5160 concutite
266 5100 405 5162 coronatus,
417 5097 477 5149 obiit
488 5110 553 5149 anno
567 5094 630 5148 tite
640 5110 724 5149 nense
736 5101 809 5151 tutio.

138 5181 210 5244 (cta)
222 5180 278 5232 Fuit
287 5180 329 5232 illa
338 5182 488 5245 alienordis,
501 5182 841 5248 emmerammenses,
852 5197 906 5248 qne

103 5247 169 5299 iacto
189 5247 293 5300 divortio
304 5260 360 5298 cum
373 5249 496 5300 lodovico
508 5260 566 5312 rege
581 5248 687 5313 Philippi
700 5251 810 5312 predicti
822 5257 904 5317 patre,

100 5325 165 5365 anno
179 5313 253 5377 tt52,
264 5313 289 5363 ιι
313 5313 402 5378 llngtta
415 5314 440 5364 tn
463 5315 578 5367 maritum
602 5313 672 5365 duxit
689 5315 823 5369 ιιιιιιιιιι
847 5322 905 5370 ιιιι

100 5378 284 5433 ltortbnannie
293 5378 396 5443 ducem,
406 5379 493 5432 ιιιιιιι
504 5392 586 5444 regem
599 5381 704 5434 ιιιιιιιι
716 5383 819 5446 hngtte.

992 5045 1060 5110 (348)
1073 5048 1180 5098 loannes
1189 5059 1242 5106 rex,
1255 5046 1296 5109 qai
1308 5045 1369 5096 obiit
1380 5047 1436 5110 post
1444 5045 1532 5096 multas
1541 5044 1632 5105 clades,
1646 5059 1661 5095 a
1674 5044 1763 5096 Gallis.

958 5115 1052 5176 anglie
1065 5115 1145 5165 illatae
1157 5125 1221 5163 atino
1234 5111 1299 5163 tato
1312 5124 1394 5164 mensa
1405 5112 1514 5163 Octobri.

992 5215 1063 5280 (sta)
1074 5214 1210 5266 willelmus
1221 5213 1336 5265 videlicet
1348 5213 1479 5278 blesensis,
1491 5225 1555 5264 anno
1580 5210 1657 5276 ¹203,
1677 5225 1766 5266 conse-

955 5285 1040 5334 cratus
1052 5281 1076 5334 in
1089 5281 1229 5346 episcopum
1248 5280 1444 5334 lincolniensem
1459 5280 1499 5342 qui
1520 5276 1579 5332 obiit
1595 5291 1663 5332 anno
1687 5279 1764 5332 taos.
