3742 5986
58 166 114 223 sar
744 165 1050 227 consanranmns.
1271 237 1276 243 ¹
1653 167 1706 221 sse

59 298 86 347 et
99 291 166 349 dicit
179 293 317 363 sacerdos,
335 297 396 353 Pax
411 295 477 354 buia
491 295 588 355 domui
601 299 630 353 et
650 295 778 354 munibus
793 291 988 350 habitantibus
1002 294 1034 348 ta
1048 308 1091 360 eo,
1109 307 1243 367 spargens
1257 307 1354 365 aquam
1367 298 1501 359 sanctam;
1520 290 1703 363 respondetur

60 390 161 447 Amen.

95 491 123 544 E.
140 488 214 544 Tunc
227 489 491 561 confiteturpeocata
504 505 564 558 sua,
580 498 606 547 et
618 497 681 563 post
693 490 892 548 absolutionem
906 489 971 547 dicit
985 486 1058 544 idem
1073 486 1122 559 [ai.
1138 486 1213 560 item]
1228 489 1358 544 sacerdos
1374 508 1381 544 :
1401 489 1516 545 Saluum
1530 490 1577 559 sae
1592 501 1704 543 seruum

63 587 167 654 tuum,·
181 587 247 642 Esto
261 588 297 654 ei,
314 588 451 656 Domiae,·
466 589 543 645 astu
556 589 697 661 proficiat,
714 589 849 644 Dominus
859 588 1008 655 uobiscum,
1020 586 1092 641 Deus
1104 586 1152 657 qui
1161 587 1270 656 samolo
1279 589 1337 652 tuo,
1348 587 1422 642 Deus
1431 585 1479 658 qui
1486 600 1538 658 por
1548 584 1707 666 apostolum

61 684 154 738 tuum.
1690 736 1693 739 .

97 782 124 834 3.
140 779 245 836 Deinde
259 780 356 838 dicitur
369 782 501 853 psalmus,
516 783 644 850 Domine,
661 797 697 838 ae
710 784 742 838 iu
756 785 852 853 furore
867 784 925 847 tuo,
941 779 1055 851 primus,
1071 788 1133 850 post
1147 780 1223 849 cujus
1238 779 1319 836 finem
1334 778 1474 853 inungitur
1484 778 1508 834 ei
1520 777 1594 835 uisus
1603 784 1628 833 et
1639 775 1707 833 dici-

62 883 107 932 tur
117 879 449 936 :Peristomuactiaaem
459 878 969 952 etsuumpiissimommiseru'cordiom
977 877 1125 949 iadulqeot
1137 878 1268 934 tibilteus
1276 878 1409 950 quidquid
1418 876 1705 950 peccastiperoisum·

99 973 126 1028 l.
142 972 176 1027 Et
189 972 227 1027 ita
241 981 304 1045 post
328 974 498 1046 singulorum
521 975 689 1047 psalmomm
711 983 815 1045 septem
838 972 929 1042 finem,
952 973 1084 1044 repetitur
1104 975 1164 1031 haec
1186 976 1283 1031 eadem
1298 975 1382 1031 oratio
1397 974 1433 1029 ad
1448 973 1594 1046 singulain
1610 971 1708 1043 quibus

62 1067 203 1143 inungitur
215 1070 286 1138 loca,
303 1071 331 1128 id
345 1080 387 1127 est
400 1072 435 1127 ad
450 1072 581 1142 auditum,
598 1072 632 1126 ad
646 1073 797 1137 odoratum,
813 1070 848 1125 ad
862 1076 972 1144 gustum
986 1070 1043 1127 sive
1061 1071 1209 1144 loquelam,
1225 1072 1260 1127 ad
1276 1080 1385 1138 tactum,
1401 1071 1428 1125 id
1444 1077 1486 1126 est
1501 1071 1536 1125 ad
1551 1083 1657 1138 manus,
1674 1068 1709 1123 ad

99 1267 127 1320 5.
144 1266 243 1321 Postea
263 1265 376 1339 tergitur
394 1281 426 1321 os
449 1267 517 1337 eius,
534 1274 561 1322 et
583 1266 619 1322 ab
642 1266 777 1334 omuibus,
800 1274 930 1338 tanquam
942 1263 1124 1337 prolecturus,
1139 1266 1184 1336 pie
1198 1266 1370 1323 exosculatus
1382 1265 1574 1332 communicat,
1592 1271 1709 1321 cantan-

63 1359 137 1416 tibus
151 1362 196 1435 qni
211 1363 310 1418 adsunt
323 1363 543 1420 communionem
560 1381 567 1418 :
583 1365 637 1420 Moe
653 1379 765 1435 corpus.

99 1460 127 1512 o.
142 1459 206 1515 Post
219 1460 278 1517 baec
291 1459 419 1517 dicuntur
433 1460 570 1517 orationes
579 1460 647 1527 iste,
660 1462 783 1534 Respice,
796 1460 925 1526 Dumium
938 1460 1020 1527 Deus,
1032 1461 1080 1532 qui
1089 1465 1212 1533 factura
1222 1466 1299 1530 tuoe‚·
1316 1462 1398 1532 Deus,
1411 1462 1458 1534 qui
1468 1462 1592 1519 bumana
1602 1461 1709 1533 penori.

721 1575 916 1633 CAPITULUM
930 1575 1005 1633 Xlll.

582 1664 720 1733 Quomodo
735 1667 904 1722 tractandus
918 1667 957 1722 sit
970 1669 1018 1740 qui
1032 1667 1167 1724 moritur.

101 1763 127 1815 i.
141 1761 209 1816 Cum
226 1763 284 1832 jam
299 1761 348 1835 [al.
366 1761 488 1836 jamjam]
509 1763 577 1818 mori
596 1762 739 1829 videbitur,
766 1763 799 1818 ab
823 1762 865 1818 bis
883 1765 929 1837 qui
953 1765 978 1821 ei
993 1765 1112 1821 serviunt
1127 1763 1207 1836 signo
1221 1762 1295 1830 dato,
1312 1763 1464 1833 postposita
1477 1762 1552 1818 omni
1566 1761 1712 1818 occasione

60 1866 209 1915 accurrunt
223 1859 321 1927 cuncti,
337 1860 390 1915 nisi
404 1876 465 1916 curn
482 1860 532 1932 [ol.
549 1858 651 1932 tamen]
665 1859 787 1916 diuinum
801 1860 829 1914 in
844 1860 961 1918 ecclesia
975 1859 1119 1934 contigerit
1133 1858 1249 1915 officium
1264 1857 1409 1914 celebrari.

99 1958 127 2012 2.
144 1955 218 2012 Tunc
233 1957 304 2012 enim
318 1957 405 2030 prior,
429 1956 473 2013 vel
497 1957 542 2014 cui
563 1957 623 2028 ipse
637 1957 791 2028 injunxerit,
809 1973 869 2013 cum
884 1958 992 2014 duobus
1007 1965 1054 2012 aut
1070 1956 1154 2010 tribus
1164 1956 1199 2010 ad
1213 1955 1373 2010 morientem
1388 1954 1508 2011 festinat.
1528 1954 1714 2027 Depositoque

62 2066 97 2108 co
112 2067 194 2123 super
208 2053 381 2111 benedictum
404 2054 533 2121 cinerem,
558 2053 678 2109 litaniam
701 2061 781 2125 prout
794 2070 840 2110 res
854 2055 956 2126 patitur
969 2054 1080 2126 longam
1099 2053 1142 2107 vel
1158 2052 1268 2107 brevem
1284 2050 1392 2107 iaciunt.
1410 2053 1545 2124 Sequitur,
1562 2054 1649 2109 Pater
1663 2068 1713 2110 no·

63 2153 135 2216 ster,
152 2158 177 2206 et
191 2165 298 2221 preces,
314 2152 429 2208 Saluum
442 2155 500 2223 sac,
516 2153 580 2207 Esto
595 2152 631 2218 ei,
647 2152 724 2207 Mibil
736 2152 878 2224 proficiat,
903 2152 1002 2208 deinde
1023 2149 1109 2206 oratio
1131 2148 1200 2216 haeo,
1217 2149 1434 2205 Misericordiam
1450 2153 1547 2217 tuam;
1562 2156 1624 2221 post
1642 2148 1712 2204 hanc

63 2246 184 2319 quinque
198 2247 305 2318 psalmi,
325 2249 408 2304 Verba
421 2265 495 2316 meo,
511 2249 729 2315 dominantia
742 2251 850 2320 surore,
866 2249 980 2321 primus,
997 2249 1093 2305 Miloni
1107 2249 1249 2319 quoniam,
1267 2245 1387 2314 Credidi,
1403 2249 1442 2304 lle
1447 2248 1609 2321 profundis,
1628 2250 1712 2304 Potor

63 2347 172 2410 noster,
189 2345 208 2399 d
224 2349 306 2416 porta
320 2345 425 2416 inferi,
439 2344 536 2412 oratio,
552 2346 634 2412 Deus,
651 2345 698 2401 eui
706 2347 854 2418 proprium
869 2350 921 2403 est.
938 2346 1044 2405 Exinde
1059 2346 1166 2421 agenda
1179 2345 1300 2417 plenaria
1314 2361 1375 2402 curn
1388 2344 1512 2402 laudibus
1528 2353 1554 2403 et
1569 2345 1713 2419 vesperis;

64 2447 127 2511 post
140 2441 219 2510 hanc,
236 2440 405 2497 Psalterium.

98 2540 124 2592 3.
141 2537 247 2593 Interea
262 2537 404 2595 dclunctus
417 2538 534 2594 abluitur
549 2546 575 2595 et
589 2538 722 2606 indultum
738 2540 888 2595 monachus
913 2539 1002 2618 cilicio
1019 2548 1046 2596 et
1061 2539 1174 2608 cuculla,
1190 2539 1287 2612 caligis
1303 2547 1327 2596 et
1342 2538 1506 2610 pedulibus;
1523 2539 1607 2597 laicus
1623 2540 1714 2598 tunica

63 2640 92 2690 et
105 2634 225 2706 caputio,
241 2634 336 2708 caligis
349 2643 376 2691 et
389 2635 543 2707 pedulibus,
558 2635 622 2692 inde
636 2635 782 2708 imponitur
796 2636 897 2692 feretro
912 2645 938 2693 et
953 2637 1108 2694 intermissa
1128 2637 1282 2709 psalmodia
1296 2637 1360 2694 dicit
1375 2638 1513 2705 sacerdos,
1529 2638 1562 2693 la
1576 2641 1715 2696 memorio

64 2736 185 2801 aeterua,
200 2734 239 2789 Me
251 2733 347 2789 tradas
362 2733 468 2798 bestiis,
480 2750 516 2790 rte
530 2736 622 2790 iratres
632 2734 830 2806 mejudicium
848 2743 907 2805 post
923 2736 982 2791 haec
996 2735 1146 2791 orationem
1161 2735 1250 2803 istam,
1265 2736 1348 2802 Deus,
1358 2735 1405 2792 cui
1416 2735 1513 2791 ommia
1522 2737 1632 2792 vivuat.

102 2831 128 2884 t.
145 2829 193 2884 His
208 2829 322 2901 expletis
336 2829 421 2886 iertur
434 2831 461 2885 in
481 2831 644 2899 Ecclesium,
660 2839 687 2887 et
700 2840 821 2888 cantatur
843 2833 1055 2903 responsorium,
1083 2831 1167 2888 Credo
1189 2833 1260 2904 quod
1280 2833 1464 2905 Madampt0r‚·
1483 2840 1545 2904 post
1567 2833 1627 2890 bec
1649 2832 1715 2890 dicit

64 2926 197 2982 sacerdos
213 2943 220 2981 :
237 2927 257 2982 A
271 2930 354 2998 porta
367 2926 465 2997 inseri,
477 2926 556 2982 Miltil
563 2927 705 3000 preficiat,
721 2930 759 2985 Me
769 2931 868 2994 intres,
886 2929 1012 3000 Oramus,
1029 2929 1153 3001 Suscipe,
1169 2930 1295 2994 Domine,
1313 2930 1450 2985 animam.

102 3023 129 3077 d.
146 3020 237 3077 Posito
252 3029 342 3078 autern
355 3022 383 3077 in
398 3022 514 3079 ecclesia
536 3021 675 3094 defuncto,
690 3025 820 3096 repetitur
833 3025 985 3096 psalmodia
999 3024 1046 3080 ubi
1060 3023 1148 3080 luerat
1163 3024 1335 3091 intermissa3
1352 3033 1379 3080 et
1391 3026 1444 3081 hoc
1458 3025 1568 3081 omnino
1582 3040 1712 3097 procura·

64 3126 111 3174 tur
133 3126 163 3175 ut
186 3119 240 3175 duo
264 3120 300 3174 sd
322 3120 411 3175 miuus
436 3120 565 3192 psalteria
588 3121 721 3188 dicantur,
744 3138 826 3177 unum
848 3122 876 3177 in
890 3123 1017 3190 ecclesia,
1041 3121 1155 3178 alterum
1169 3121 1197 3176 in
1210 3121 1286 3179 cellis
1302 3139 1364 3179 aum
1378 3123 1483 3192 venlis;
1501 3124 1524 3179 si
1538 3139 1603 3180 vero
1617 3122 1651 3178 dc
1666 3122 1714 3179 illo

64 3215 140 3288 quod
153 3215 182 3271 in
196 3215 313 3272 ecclesia
334 3216 481 3274 dicendum
505 3224 556 3285 est,
575 3216 705 3274 restiterit
724 3218 835 3290 aliquid,
861 3219 985 3276 redditur
1007 3220 1034 3275 in
1049 3219 1144 3285 cellis;
1160 3235 1222 3273 nam
1237 3220 1260 3274 si
1275 3227 1381 3293 tempus
1394 3219 1523 3291 permittit
1547 3221 1642 3277 eadem
1656 3220 1712 3290 dic,

64 3319 227 3370 nontamen
249 3312 302 3369 nisi
321 3322 385 3386 post
407 3314 518 3370 missam
542 3329 594 3385 pro
617 3330 651 3370 eo
674 3323 818 3384 cantatam,
842 3316 978 3387 sepelitur.
1003 3317 1050 3372 Sin
1074 3323 1174 3384 autem,
1200 3317 1365 3372 servatoria
1379 3317 1536 3390 crastinum,
1552 3326 1714 3392 noctemque

64 3412 157 3484 ipsam
169 3411 295 3467 monachi
317 3426 379 3468 curn
399 3411 487 3480 laicis,
513 3419 540 3469 et
559 3427 611 3484 pro
633 3411 676 3469 sui
698 3428 813 3469 nurnero
828 3420 854 3469 et
868 3428 920 3485 pro
934 3412 1018 3485 ipsius
1033 3412 1182 3486 quantitate
1197 3412 1330 3481 dividunt,
1345 3413 1417 3471 circa
1431 3429 1530 3487 corpus
1553 3415 1712 3488 psalterium

63 3507 278 3580 frequentantes.

102 3609 132 3660 6.
151 3604 182 3659 ln
204 3603 323 3661 crastino
337 3612 437 3673 autem
462 3605 548 3662 missa
565 3606 669 3663 cunctis
682 3607 864 3679 presentibus
877 3614 995 3677 cantata,
1013 3610 1143 3682 sepelitur
1157 3610 1208 3667 hoa
1222 3611 1315 3667 modo.
1330 3611 1389 3668 Stat
1402 3611 1504 3668 chorus
1515 3612 1589 3680 jnxta
1603 3628 1711 3685 corpus,

64 3706 94 3756 et
107 3699 172 3756 dicit
183 3698 326 3789 sacerdos,
344 3701 552 3770 Paternacum·
566 3717 678 3773 precem
693 3703 713 3758 l
726 3707 807 3776 parto
816 3704 908 3776 inseri
918 3723 928 3771 ‚·
938 3706 1088 3763 orationem
1102 3708 1185 3778 Deus,
1203 3708 1270 3763 uite
1283 3708 1383 3776 dator,·
1397 3708 1610 3780 responsorium,
1627 3709 1713 3768 Credo

63 3795 138 3869 quod
151 3794 330 3867 Redemptor,
346 3797 428 3868 Myris
442 3797 557 3861 eleison,
574 3800 660 3855 Pater
674 3803 787 3867 nostem
802 3815 914 3871 precem
928 3803 967 3859 Me
980 3805 1079 3873 intres,
1091 3803 1243 3860 orationem
1252 3806 1335 3872 Deus,
1346 3806 1583 3878 paiaaimorum,·
1598 3821 1714 3877 respon·

64 3892 177 3960 sarium,
194 3893 233 3949 Me
248 3892 399 3950 abscondas
413 3910 467 3961 me,
492 3895 574 3968 Myrie
597 3897 713 3963 eleison,
730 3898 816 3954 Pater
837 3903 953 3969 noster,·
967 3915 1088 3972 precem,
1104 3903 1143 3958 Me
1168 3902 1263 3958 tradas
1277 3903 1385 3970 bestiis,
1401 3903 1489 3958 oratio
1503 3904 1564 3959 Noa
1578 3906 1671 3962 intres
1681 3908 1714 3963 ia

57 3989 223 4063 judicium3
239 3990 454 4062 responsorium,
471 3993 509 4050 Me
524 3993 627 4061 intres,
645 3995 725 4068 Myris
739 3997 855 4063 eleison,
873 3998 961 4054 Pater
973 4004 1071 4056 aoster
1081 4019 1090 4066 ;
1102 4015 1223 4070 precem,
1240 4001 1371 4073 Requiem
1385 4004 1538 4065 aternam,-
1550 4001 1711 4069 orationem,
1807 4058 1810 4065 ,

64 4089 132 4158 Fac,
148 4104 317 4162 quaesumus,
333 4090 461 4146 Domine.

101 4189 129 4243 Ἰ.
145 4187 220 4244 Tunc
233 4196 356 4260 portatur
371 4189 406 4244 ad
420 4188 563 4256 tumulum,
578 4207 639 4246 curn
654 4191 696 4246 his
710 4191 833 4263 psalmis,
849 4191 881 4246 la
895 4192 977 4247 exitu
993 4192 1091 4259 lsrael,
1113 4192 1241 4249 Miserere
1260 4193 1326 4263 mei,
1337 4192 1422 4262 Deus,
1434 4191 1614 4263 confitemini
1624 4209 1711 4262 cxvrr,

65 4284 315 4352 Quemadmodum,
329 4286 477 4354 Memento,
494 4287 620 4356 Dorrriue,
629 4289 754 4360 probasti
764 4305 817 4357 me,
831 4289 952 4355 lactina,
964 4289 1088 4346 laudata
1099 4289 1249 4347 beataum
1261 4289 1294 4346 de
1304 4291 1390 4357 catis,
1403 4290 1714 4351 Benedictusllomiaus

63 4381 428 4455 Dottslsraol,Mapaificut.

747 4454 1030 4514 COMMENTARIUS.

64 4548 116 4606 fuit
129 4548 158 4604 in
170 4564 222 4605 usn
236 4549 308 4621 spud
322 4563 383 4618 nos,
397 4549 449 4606 nisi
459 4565 510 4622 pro
520 4557 595 4607 certo
606 4567 709 4623 genere
719 4552 898 4625 culparumA
914 4568 983 4618 mus,
1000 4559 1027 4608 et
1041 4560 1104 4608 tunc
1116 4566 1165 4624 pro
1179 4552 1359 4624 presentibus
1373 4561 1478 4611 tantum
1492 4557 1605 4613 mortuis
1615 4557 1713 4616 redde·

63 4638 96 4694 in
109 4637 215 4694 statutis
236 4653 444 4710 expressarum,
461 4655 521 4711 quae
542 4638 569 4694 in
593 4640 710 4711 capitulo
724 4656 862 4714 recogno·
913 4641 1003 4709 batur,
1021 4648 1131 4714 eratque
1146 4641 1244 4697 devota
1254 4641 1394 4714 occupatio
1404 4659 1509 4710 eorum,
1522 4645 1567 4717 qui
1578 4647 1714 4703 custodie·

65 4733 192 4793 wuntur,
208 4726 236 4782 id
245 4726 362 4783 lucidius
376 4726 405 4782 in
419 4726 557 4783 modernis
571 4729 679 4784 statutis
694 4730 861 4802 exprimitur,
913 4729 977 4784 bant
991 4743 1093 4801 corpus
1108 4728 1241 4787 defuncti.
1261 4730 1367 4786 Exinde
1380 4731 1408 4787 id
1422 4747 1583 4788 conversum
1598 4732 1713 4806 luit,pcr

65 4815 115 4871 ubi
138 4814 237 4870 dicitur
261 4814 334 4887 quod
353 4823 475 4888 aegrotus
498 4816 574 4884 dicit,
600 4817 740 4889 Confiteor
761 4819 825 4886 Deo,
838 4826 864 4876 et
914 4817 1139 4874 consuetudinem
1151 4835 1167 4873 a
1181 4817 1366 4891 singularibus
1381 4820 1509 4876 domibus
1519 4820 1710 4891 introductam,

64 4902 159 4960 subdit
173 4904 312 4973 sacerdos,
329 4905 505 4973 Misereatur,
522 4913 575 4961 etc.
914 4905 943 4961 in
957 4905 1097 4978 quoddam
1110 4907 1283 4979 beneficium,
1300 4909 1373 4982 quod
1383 4909 1649 4966 secularibusctiam
1659 4910 1712 4966 ali·

101 4990 205 5048 Eadem
215 4991 252 5048 ad
266 4992 385 5049 litteram
399 5009 472 5051 nunc
488 5009 638 5052 servamus.
916 4995 1025 5066 quando
1047 4995 1252 5052 concederetur.
1278 4997 1379 5053 Contra
1403 4999 1474 5055 hanc
1488 4999 1713 5056 consuetudinem

915 5098 950 5137 ne
965 5092 1143 5152 excresceret,
1159 5085 1259 5142 atinde
1274 5086 1400 5142 monachi
1415 5093 1604 5158 gravarentur,
1621 5088 1712 5146 recla-

100 5142 168 5199 (Μ
184 5142 259 5199 ΧῙῙῙ·
275 5173 310 5187 -
333 5143 408 5200 [⁶0⁰¹
423 5145 569 5217 “limum
581 5146 690 5220 integra
706 5145 824 5204 ‘elenu‘
838 5148 866 5204 in
915 5180 1056 5227 mavemnt
1070 5172 1174 5246 antiqui
1197 5174 1302 5240 Patres,
1328 5182 1357 5230 ut
1375 5174 1469 5232 videre
1491 5182 1533 5232 est
1545 5175 1624 5247 prim.
1641 5183 1711 5249 part.

64 5230 185 5303 anti‘llil
196 5232 302 5288 ⁸¹⁸¹¹¹ll⁵
317 5247 378 5305 ⁰⁸1³·
395 5235 429 5290 47
443 5234 523 5305 prim.
540 5243 607 5306 Wl-
916 5258 1001 5331 antiq.
1019 5259 1118 5316 Statut.
1141 5275 1201 5332 cap.
1221 5263 1264 5333 ib,
1277 5277 1352 5318 num.
1369 5266 1403 5318 lb
1417 5270 1444 5319 ct
1459 5267 1503 5331 lo,
1519 5271 1546 5321 et
1559 5264 1588 5319 in
1600 5265 1713 5321 ordina·

100 5336 184 5393 Num.
195 5340 249 5395 ub.
262 5339 330 5395 Post
338 5339 413 5396 baac
424 5341 606 5404 Psalterium,
617 5349 681 5409 etc„
693 5343 743 5401 boc
752 5345 866 5402 omuino
916 5347 1035 5404 tionibus
1048 5348 1165 5421 plurium
1175 5350 1353 5422 capitulorum
1367 5351 1549 5426 generalium,
1565 5352 1599 5408 de
1614 5352 1713 5425 quibus

63 5429 248 5500 procuratur,
267 5429 300 5483 ut
319 5425 374 5483 duo
389 5428 425 5483 ad
444 5430 542 5486 miuus
565 5430 707 5487 Psattaria
721 5433 865 5503 dicamur,
917 5437 983 5493 alibi
997 5435 1083 5494 fusius
1098 5438 1267 5498 tractabitur.

65 5529 160 5571 uuum
173 5515 483 5583 incauteriaalterum
496 5518 868 5579 tucelliscumusaiir.llis
951 5526 983 5582 ln
1002 5526 1109 5584 suturis
1132 5527 1273 5587 modernis
1298 5529 1395 5586 ecdem
1414 5545 1527 5603 prorsus
1548 5526 1714 5602 referuntur,

67 5600 154 5660 habes
169 5601 304 5678 originem
326 5602 458 5680 saffram,
482 5606 556 5679 quod
568 5609 772 5670 monuobatam
786 5626 867 5670 uoca-
918 5613 968 5671 sed
982 5613 1063 5673 ludus
1077 5623 1104 5674 et
1114 5613 1269 5678 &uocaus
1283 5615 1417 5675 ordinatu.
