3750 5984
102 216 167 271 root
378 172 381 179 ’
790 197 1009 273 vira-tra.
1027 197 1059 252 v.
1685 183 1757 240 rora

107 347 136 396 ιιι
149 353 239 409 neque
249 335 320 406 jussi
336 350 351 388 a
365 349 432 405 rege
457 332 516 387 sine
543 344 643 403 magno
658 327 794 384 dedecore
817 328 843 380 ei
856 324 945 384 (ιε-Α
960 321 1108 389 sustinens,
1134 319 1245 388 insuper
1268 315 1357 372 locum
1379 312 1537 386 perditionis
1564 326 1632 366 meae
1660 309 1758 366 exhor-

110 428 224 483 beamus
238 422 346 479 molesti
361 421 486 477 existere.
506 441 517 469 ι
534 418 638 487 Quibus
651 416 696 472 ille
718 412 907 470 benedictione
959 425 1086 475 rescens,
1103 404 1219 462 discessi
1234 420 1250 460 a
1264 404 1346 459 domo
1361 400 1503 476 genitricis
1525 415 1594 455 meae
1621 396 1757 463 clanculo,

112 515 174 570 data
191 511 312 580 recessit,
329 519 354 566 et
370 524 463 582 regem
486 507 562 562 adire
585 506 743 576 disponens,
765 509 827 575 post
850 501 908 556 lraec
959 505 986 554 et
1000 513 1017 552 a
1031 495 1148 561 civitate,
1165 494 1192 548 in
1207 508 1261 564 qua
1275 499 1356 547 natus
1371 498 1397 546 et
1418 494 1597 545 conversatus
1617 485 1760 542 infeciliter

111 603 190 661 eitius
205 602 232 656 in
248 596 473 656 Northmanniam
488 592 682 650 transfretavit.
959 601 1046 642 eram.
1071 581 1200 655 Pergenti
1215 595 1291 647 vero,
1308 580 1367 646 sad,
1384 594 1438 650 quo
1453 575 1618 633 tendendum
1642 574 1686 630 vel
1713 572 1760 628 nbi

960 671 1164 731 consistendum
1178 668 1245 725 mibi
1259 676 1332 724 esset
1346 665 1516 724 commodius
1543 661 1685 729 nescienti,
1714 675 1760 717 oc·

411 764 524 820 CAPUT
539 762 612 818 XlV.
962 762 1043 820 cnrrit
1053 760 1163 816 anxiato
1179 767 1205 815 et
1220 756 1346 813 moerenti
1361 755 1403 812 vir
1418 771 1451 810 ex
1465 751 1613 825 improviso
1632 749 1762 806 horrendi

113 896 272 980 Defensor,
285 885 912 964 queracpuderbemlioffeoscmdesperatum
962 857 1100 948 asfflust
1117 855 1222 903 statum
1236 845 1395 945 Ρῗῴηῧυῧι
1421 841 1520 914 capum
1549 839 1634 939 ΠΨ*
1651 838 1696 911 qni
1717 853 1764 936 ⁰.oe

152 966 274 1029 revenit,
291 963 372 1030 eujus
380 959 558 1033 postmodum
572 957 748 1029 computruit
757 968 822 1010 coro
833 967 913 1009 secus
962 933 1470 996 lefflfitOhaefeslmlhl1⁰00i1181‘¹
1501 929 1633 995 Ρθὸὃῑῐΰθι
1663 927 1761 1000 inlust,

153 1040 305 1106 atramque
319 1034 424 1103 femur·
441 1031 548 1102 qviper·
562 1032 692 1084 nostrum
701 1029 842 1096 Heronem
854 1027 914 1078 fam
966 1051 977 1076 v
999 1025 1137 1082 offendisti
1152 1025 1239 1079 Deum
1254 1021 1353 1091 atejus
1368 1017 1547 1093 genitricem
1577 1031 1645 1089 qnos
1659 1015 1683 1071 si
1696 1014 1765 1072 velis

154 1110 186 1163 in
200 1118 326 1186 ⁶0fll⁰f02
338 1118 423 1185 ‘llam
433 1102 465 1154 Μ
476 1101 573 1155 ‘mim
583 1101 625 1181 (εἰ
635 1101 764 1180 wall&
776 1095 852 1149 Ἐἴ
864 1094 914 1149 '²⁰⁶
968 1139 979 1164 ι
1000 1113 1097 1188 quoris
1107 1120 1188 1185 pacto
1202 1110 1303 1166 habere
1328 1107 1470 1180 propitios,
1485 1106 1575 1177 ipsum
1596 1119 1710 1161 necesse
1724 1109 1766 1159 est

154 1181 196 1233 ⁶³²
211 1191 248 1231 Ν
263 1177 350 1245 ‘⁰9²²’
367 1175 384 1227 2
399 1187 431 1226 ²⁷²
441 1186 544 1241 ''W“
561 1170 631 1233 Μ’*
656 1167 727 1223 ''br‘’
743 1181 781 1221 w·
968 1226 979 1256 ι
1001 1212 1031 1258 nt
1045 1217 1144 1273 eorpus
1155 1199 1323 1270 exstinguas,
1340 1212 1393 1269 quo
1409 1195 1448 1251 eis
1463 1193 1543 1250 toties
1559 1193 1708 1266 injuriosus
1720 1207 1767 1248 ex·

156 1293 225 1347 Dum
240 1297 329 1346 tutem
354 1287 499 1358 ⁰Pl⁸00l¹¹⁵
523 1282 678 1341 R⁰ff01180¹¹¹
702 1281 854 1354 pervenis&
881 1280 917 1334 ad
969 1291 1121 1347 «stiteras.
1137 1288 1220 1344 Erras
1244 1286 1327 1354 enim,
1353 1284 1376 1339 si
1404 1283 1495 1340 eredis
1522 1282 1595 1354 qnod
1617 1281 1645 1336 in
1670 1281 1768 1337 eodem

122 1381 217 1436 urbem
232 1378 318 1449 (234),
334 1374 495 1432 accessilstd
520 1389 581 1428 0¹1¹ss
611 1371 711 1426 ibidem
735 1369 844 1441 quidam
870 1369 917 1437 lu·
970 1377 1117 1435 «vasculo
1145 1375 1218 1448 quod
1263 1381 1301 1429 tot
1335 1369 1611 1428 contaminationibus
1637 1368 1768 1441 polluisti,

121 1469 209 1533 venis,
225 1482 305 1538 quem
340 1462 521 1535 perniciosius
541 1461 597 1515 suis
624 1460 820 1530 illaqueaverat
848 1455 918 1511 dolis
971 1467 1154 1540 ,quidquam
1185 1463 1284 1519 divinas
1314 1459 1464 1518 sinceritati
1492 1468 1632 1530 acceptum
1659 1455 1770 1530 operari

122 1553 335 1613 bostisbumani
358 1551 476 1624 generis.
516 1548 568 1616 Qut
600 1547 737 1603 mediante
773 1546 919 1616 interprete
972 1552 1199 1628 ,quassam
1215 1551 1318 1608 dictum
1332 1548 1498 1620 expleverat,
1515 1556 1542 1603 et
1553 1562 1618 1604 sese
1633 1544 1773 1619 peregrini

124 1647 223 1716 (¹¹8th
238 1642 311 1697 essim
325 1639 370 1695 vel
385 1639 444 1710 59⁵0
460 1635 605 1709 P⁰¹¹llfi0581
627 1635 670 1692 fel
693 1633 813 1707 ΡΟΠῑῙῇἒῚί
835 1633 920 1704 iPSlUS
936 1643 1121 1736 Badveniunt
1135 1639 1208 1697 beati
1223 1638 1352 1710 martyris
1367 1637 1478 1692 Thomna
1492 1635 1572 1691 busta
1602 1633 1721 1706 petituri,
1738 1632 1773 1689 ad

124 1731 290 1789 sufficienter
323 1726 502 1801 dignoscebat
539 1724 687 1798 loquelam)
737 1721 921 1778 miserabilem
975 1748 1089 1806 quorum
1104 1728 1291 1802 praesentiam,
1306 1725 1353 1798 qui
1364 1725 1536 1798 loquebatur,
1551 1731 1666 1795 repente
1678 1722 1773 1794 dispe.

125 1821 153 1875 in
176 1819 249 1875 bunc
271 1818 381 1873 modum
405 1816 439 1871 de
468 1813 559 1885 seipso
588 1813 726 1869 recensuit
748 1809 922 1882 irstgoediem·
974 1820 1036 1876 mit.
1051 1819 1112 1892 Ego
1126 1817 1154 1872 in
1168 1814 1341 1872 formidinem
1357 1812 1437 1869 simul
1448 1821 1472 1868 et
1483 1811 1700 1884 desperationem
1711 1810 1775 1867 licet

133 1930 145 1959 r
167 1907 244 1975 Cum,
261 1904 357 1978 inquil,
374 1904 476 1959 dudum
493 1901 723 1967 adolescentulus,
753 1897 925 1956 discrelifflfis
976 1909 1154 1966 vehementer
1170 1904 1313 1976 impulsus,
1330 1901 1437 1974 signavi
1451 1909 1544 1958 tamen
1562 1898 1679 1957 frontem
1695 1898 1774 1972 signo

126 1996 215 2051 adhue
226 1994 314 2049 minus
329 2006 425 2064 capax,
442 1991 536 2047 vacuis
564 1990 681 2046 ducerer
703 1995 729 2044 θῑ
757 1987 836 2061 vagis
857 1985 926 2072 effe·
978 1996 1098 2060 salutari,
1115 2008 1290 2067 pergensque
1305 1992 1402 2047 itinere
1416 1998 1506 2062 coepto
1520 2005 1650 2060 rnoerens,
1676 1989 1775 2061 vixque

128 2092 219 2141 ctnum
235 2082 363 2148 motibus,
380 2079 491 2152 contigit
503 2095 547 2135 me
557 2077 693 2134 infelicem
709 2093 742 2133 ex
756 2076 862 2132 insidiis
876 2075 927 2130 ad·
977 2103 1035 2159 prae
1059 2084 1150 2141 cordis
1177 2082 1272 2138 dolore
1308 2095 1422 2154 gressus
1436 2078 1561 2151 proprios
1584 2093 1695 2151 regens,
1723 2078 1776 2134 hae

128 2172 245 2229 versarii
254 2172 377 2226 bumana
387 2168 483 2224 salutis
491 2167 651 2224 detestabile
659 2166 778 2223 enormis
788 2165 927 2235 enjusdam
978 2175 1038 2247 ipsa
1052 2172 1106 2239 die,
1119 2186 1173 2244 qus
1190 2169 1257 2225 milri
1271 2170 1330 2226 haee
1353 2168 1425 2226 dieta
1447 2175 1519 2235 sunt,
1544 2166 1573 2222 in
1596 2167 1668 2223 bano
1688 2165 1777 2222 urben

129 2260 228 2333 piaculi
245 2257 392 2315 incurrisse
407 2257 519 2313 crimen.
536 2258 594 2313 Nec
609 2262 752 2312 contentus
767 2253 845 2326 lapsu
860 2253 928 2308 sim·
979 2263 1054 2319 cir-02
1066 2261 1161 2317 horam
1176 2255 1503 2327 tertiamdsventoqffi),
1532 2253 1688 2310 lmmtssum
1715 2254 1778 2327 qui.

129 2348 204 2422 ρΙίιί,
218 2348 324 2418 lapsum
345 2345 432 2416 adjeci
461 2345 557 2417 lapsui.
583 2344 686 2416 Sitque,
717 2343 789 2415 quod
809 2341 930 2398 <leterius
980 2351 1042 2407 dem
1059 2347 1146 2404 fuerat
1165 2346 1257 2403 auimo
1284 2360 1356 2412 mco,
1381 2344 1462 2401 etiam
1486 2352 1633 2416 antequam
1660 2342 1778 2399 hominis

132 2446 184 2504 est,
200 2435 322 2492 criminis
337 2433 464 2491 addendo
477 2433 590 2498 crimen,
608 2432 719 2504 longam
733 2431 761 2486 iu
788 2430 931 2487 criminum
981 2436 1105 2512 praedieti
1146 2434 1303 2492 suasionem
1330 2432 1473 2489 visibiliter
1504 2432 1707 2505 percepissem,
1752 2438 1781 2487 ut

131 2525 254 2597 lapsibus
268 2523 319 2579 feci
334 2522 568 2579 consuetudinem.
593 2522 659 2577 Erat
673 2519 764 2576 scelus
778 2535 869 2575 meum
891 2517 933 2573 sui
981 2527 1127 2597 metipsum
1148 2521 1337 2580 interficerem.
1354 2523 1389 2576 at
1403 2521 1576 2592 postmodnm
1599 2521 1659 2578 haeo
1685 2519 1713 2575 in
1737 2537 1782 2578 rna

136 2613 266 2685 qualitate
281 2610 361 2666 nimis
377 2610 551 2675 horrendum,
568 2609 644 2678 cujus
662 2608 796 2663 honorem
809 2607 932 2680 qnadrn-
983 2614 1079 2671 fortius
1093 2611 1235 2685 praevaluit
1258 2610 1396 2682 cogitatio,
1425 2609 1606 2683 fecissemque
1633 2609 1707 2682 quod
1734 2609 1781 2666 ille

134 2702 284 2773 plicaverat
298 2699 362 2766 loci,
382 2698 512 2770 temporis
528 2705 554 2754 ει
575 2713 710 2768 personae,
729 2712 791 2753 cum
806 2695 934 2767 suiipsius
984 2708 1173 2775 suggesserat,
1190 2699 1243 2755 nisi
1261 2698 1402 2770 paululum
1427 2714 1472 2753 me
1499 2698 1630 2754 animaret
1653 2697 1783 2753 miserum

137 2790 315 2855 immanitate,
346 2786 538 2843 consideratio.
558 2785 603 2841 Nil
629 2802 662 2841 ex
685 2792 861 2856 peccatomm
883 2783 936 2840 cir·
985 2789 1141 2847 recordatio
1154 2786 1434 2860 visionispraemissae,
1450 2785 1577 2859 qnamibi
1587 2785 1784 2858 aliquantulum

138 2876 447 2947 cumstautiissupremo
476 2873 560 2930 deluit
580 2873 715 2930 malorum
743 2872 861 2939 cumulo,
883 2872 936 2926 nisi
986 2878 1147 2934 blandiebar
1162 2876 1196 2932 de
1218 2875 1365 2932 Salvatoris
1392 2874 1480 2931 nostri
1508 2890 1619 2947 suaeque
1642 2874 1784 2947 genitricis

138 2966 208 3022 forte
229 2963 384 3038 ignorantia
408 2963 475 3033 juris
499 2961 659 3034 semiplena.
683 2962 785 3019 Snasus
803 2968 937 3034 praeterea
987 2963 1183 3023 misericordia.
1198 2964 1268 3020 Nam
1279 2971 1305 3018 ει
1319 2964 1372 3019 hoc
1393 2978 1444 3035 pro
1468 2963 1602 3019 constanti
1616 2962 1679 3019 olim
1702 2979 1785 3022 acce-

137 3062 164 3110 et
180 3054 284 3109 illectus
299 3052 334 3107 ab
349 3051 412 3120 alio,
428 3051 554 3123 primitus
564 3051 592 3105 iu
607 3067 651 3105 me
673 3067 783 3122 semper
797 3049 855 3105 fere
870 3064 938 3120 pec·
951 3028 974 3092 0
987 3071 1081 3128 peram
1105 3053 1248 3108 traditione
1276 3050 1349 3123 quod
1379 3050 1534 3123 quicunque
1557 3050 1663 3123 sibiipsi
1690 3068 1786 3109 necem

139 3142 246 3199 cebam-
261 3142 356 3212 Nuper
365 3155 430 3196 vcro
447 3139 591 3196 secerdote
606 3139 723 3210 qu⁰tlem
746 3137 861 3194 verbum
889 3136 939 3193 Dei
988 3142 1111 3208 inferret,
1126 3140 1292 3197 aeternaliter
1305 3138 1401 3211 procul
1415 3138 1498 3196 dubio
1512 3139 1625 3211 periret.
1641 3141 1708 3196 'fam
1722 3158 1787 3199 vero

140 3231 315 3303 ptaedicasslet
341 3229 369 3283 iss
392 3228 507 3284 ecclesia
524 3243 568 3283 me
595 3227 813 3300 indignissimum
853 3225 940 3281 turbis
990 3231 1089 3288 infesta
1103 3229 1179 3295 mihi,
1194 3237 1220 3284 et
1234 3228 1324 3284 adhuc
1339 3227 1429 3283 existit
1443 3227 1505 3296 ista,
1520 3236 1549 3283 ut
1562 3229 1657 3297 credo,
1686 3229 1789 3287 inimici

144 3319 242 3377 accidit
257 3317 457 3374 confluentibus
470 3316 611 3373 interesse.
643 3316 776 3372 Sacerdos
794 3316 840 3371 ille
863 3323 941 3372 eata·
991 3319 1143 3393 suggestio,
1159 3316 1232 3389 qnod
1246 3315 1289 3371 bis
1312 3315 1394 3373 hodie
1412 3316 1529 3388 perrexi,
1544 3325 1573 3373 ut
1596 3317 1732 3390 meipsum
1753 3318 1788 3376 de

143 3407 238 3479 logum
250 3414 379 3463 retexens
393 3404 535 3461 criminum
556 3404 722 3476 capitalium,
735 3404 762 3459 iu
776 3404 838 3471 hoo,
864 3406 941 3475 cujus
991 3415 1075 3482 ponte
1088 3407 1170 3476 hujus
1180 3405 1250 3462 villae
1260 3403 1458 3476 praecipitarem
1473 3404 1501 3460 in
1515 3404 1636 3462 fluvium.
1653 3408 1688 3462 At
1700 3407 1790 3479 primo

146 3512 220 3552 eram
240 3495 306 3550 mibi
334 3494 469 3559 conscius,
492 3492 571 3549 verbi
594 3492 677 3548 divini
697 3492 818 3564 gladium
847 3493 942 3548 fortius
993 3497 1028 3553 ob
1053 3494 1265 3553 commeantium
1282 3492 1483 3549 multitudinem
1512 3494 1638 3552 revocavi
1666 3494 1789 3566 pedem;

143 3584 265 3649 vibrans,
283 3584 340 3653 ejus
354 3581 538 3637 damnabilem
553 3581 622 3638 adeo
642 3581 818 3655 exaggeravit
833 3581 942 3637 foedita·
993 3584 1125 3650 secundo,
1141 3583 1275 3639 adventus
1288 3589 1379 3638 vester
1406 3582 1517 3638 auribus
1545 3583 1614 3638 meis
1638 3582 1788 3641 insinuatus

145 3680 210 3739 tem,
227 3680 256 3727 ιιι
267 3687 310 3726 me
325 3686 395 3743 pene
410 3670 562 3737 crederem,
579 3670 746 3726 terrasubito
773 3669 941 3737 dehiscente,
994 3689 1045 3746 per
1063 3678 1169 3727 vestros
1183 3686 1368 3742 praecursores
1380 3671 1438 3740 jam
1450 3670 1602 3728 imminenti
1616 3688 1660 3729 me
1675 3688 1792 3745 suspen·

145 3760 362 3825 absorbendum,
378 3775 410 3815 ac
424 3759 514 3815 vivum
537 3758 566 3813 in
584 3756 718 3813 infernum
746 3757 942 3829 collapsurum.
995 3762 1034 3816 dit
1049 3759 1207 3832 praecipitio.
1228 3760 1290 3815 Mox
1304 3759 1387 3827 enim,
1399 3767 1428 3814 ut
1442 3759 1572 3832 comperi,
1585 3760 1733 3818 sanctitatis
1746 3777 1794 3818 ve·

144 3849 258 3904 Tantam
287 3847 404 3920 deniqne
440 3847 539 3903 mentis
566 3845 755 3903 confusionem
780 3845 893 3912 incurri,
916 3853 946 3901 ut
996 3856 1061 3906 strae
1075 3847 1248 3921 presentiam
1263 3846 1425 3916 adfuturam,
1437 3849 1510 3904 omni
1520 3847 1693 3906 fluctuatione
1703 3850 1795 3907 cordis

146 3945 222 3994 extra
237 3937 370 4008 meipsum
386 3935 504 3992 funditus
519 3951 563 3991 me
573 3942 697 4007 putarem
707 3934 841 3992 effectum.
866 3935 946 3991 Diem
997 3937 1120 4011 explosa,
1132 3937 1160 3993 in
1174 3943 1256 3993 tantae
1270 3936 1341 4008 coepi
1355 3935 1528 3994 discretionis
1538 3937 1689 4011 alloquium
1702 3939 1794 4012 respi-

146 4042 214 4083 vero
229 4026 304 4081 illum
315 4041 375 4081 curn
392 4025 481 4097 prima
497 4024 734 4096 sequentisnoctis
748 4034 824 4096 parte
853 4024 881 4080 in
903 4024 946 4080 la·
998 4041 1071 4083 rare.
1090 4050 1102 4075 ι

149 4114 252 4186 orymis
267 4114 384 4184 expendi
398 4121 425 4168 et
436 4112 609 4185 singultibus.
625 4113 700 4170 'func
710 4129 775 4171 ecce
785 4122 846 4184 post
860 4112 947 4170 noctis
1034 4114 1144 4171 Talibus
1158 4129 1225 4169 vero
1237 4113 1314 4169 abeo
1328 4114 1473 4185 peroratis,
1503 4114 1647 4187 episcopus
1676 4116 1798 4175 breviter

150 4202 280 4266 medinm,
306 4202 438 4257 lassatum
473 4217 531 4272 prta
562 4199 666 4255 tristitia
700 4201 892 4273 corpusculum
920 4201 950 4256 in
1000 4218 1061 4260 enm
1075 4217 1126 4273 pro
1140 4209 1263 4273 tempore
1276 4201 1798 4274 adhortatus,databenedictionc,mo·

151 4305 279 4362 soporem
294 4289 451 4360 resolvitur,
467 4289 579 4361 visaqne
591 4295 631 4344 est
645 4287 712 4343 mihi
732 4288 852 4345 astitisse
866 4288 948 4344 femi·
1000 4298 1046 4346 net
1061 4290 1147 4354 illum,
1163 4297 1296 4361 qnatenus
1310 4288 1344 4343 ad
1356 4290 1648 4361 nsqnefioroberniam
1663 4296 1738 4366 (236)
1748 4311 1799 4360 ana

152 4394 196 4445 na,
218 4377 400 4434 inoestimabili
416 4376 584 4450 praefulgens
605 4376 715 4447 decore,
743 4377 805 4432 talia
827 4376 986 4444 refereusl)
1001 4378 1183 4450 subsequatur
1192 4377 1316 4450 vestigia,
1326 4376 1429 4433 ibidem
1443 4377 1550 4450 plenius
1564 4388 1591 4437 et
1615 4366 1730 4440 filierius
1757 4401 1801 4442 sa·

151 4467 255 4523 monita
273 4466 397 4522 desolato
423 4483 460 4522 :r
489 4466 560 4532 Noli,
585 4465 631 4535 ait,
652 4465 768 4533 miselle,
792 4466 950 4537 desperare,
1003 4465 1230 4532 lutisconsilium,
1246 4480 1298 4521 nec
1320 4480 1376 4521 non
1403 4473 1430 4522 et
1452 4468 1579 4525 auxilium
1608 4481 1797 4545 percepturus.

155 4579 166 4602 a
188 4554 266 4626 larga
282 4563 322 4610 est
341 4555 412 4610 euim
429 4554 573 4609 clementia
590 4562 617 4610 et
631 4554 751 4625 potentia
767 4552 815 4609 filii
826 4554 890 4622 mei,
907 4553 955 4626 qui
1006 4557 1086 4612 Paret
1100 4553 1145 4609 ille
1159 4553 1269 4611 monitis
1279 4553 1454 4612 salutaribus.
1471 4555 1523 4627 Qui
1543 4559 1657 4616 veniens
1685 4562 1804 4619 Cantus·

157 4663 168 4694 a
183 4642 320 4699 neminem
335 4643 391 4698 vult
401 4643 502 4714 perire.
519 4642 642 4714 Surgens
657 4658 722 4698 vero
733 4641 852 4699 diluculo
866 4658 956 4699 sacer·
1005 4643 1084 4710 riam,
1094 4657 1173 4700 sacra
1188 4644 1246 4713 ejus
1259 4642 1437 4701 instructione
1451 4643 1576 4703 firmatus
1590 4655 1616 4704 et
1630 4648 1804 4706 intercessio-

156 4753 167 4782 «
186 4730 276 4786 dotem
292 4730 409 4802 inquire,
422 4747 502 4802 quem
518 4730 566 4785 tibi
582 4737 675 4787 notum
686 4730 802 4803 designo
816 4747 849 4786 ex
864 4731 955 4788 nomi·
1006 4749 1041 4788 ne
1054 4730 1171 4801 adjutus,
1189 4746 1205 4786 a
1220 4731 1368 4789 tentatione
1381 4733 1510 4803 pestifera
1524 4734 1645 4793 funditus
1658 4736 1687 4792 in
1701 4753 1803 4810 perpe-

156 4834 233 4884 rna,
262 4819 340 4890 eique
358 4818 483 4887 fideliter,
515 4833 584 4890 pure
604 4826 631 4874 et
649 4818 753 4890 integre
777 4826 889 4890 peccata
911 4827 957 4875 tna
1007 4829 1064 4877 tum
1080 4819 1221 4876 liberatur.
1234 4820 1432 4878 Perendinante
1447 4830 1537 4878 autem
1547 4823 1649 4880 ibidem
1663 4825 1791 4898 pontifice

157 4905 361 4964 «confitere»
392 4907 439 4963 llis
453 4907 533 4962 dietis
548 4906 617 4963 visio
639 4907 705 4962 mihi
719 4923 782 4964 cnm
797 4923 893 4964 somno
917 4914 959 4964 est
1008 4915 1036 4964 ει
1050 4917 1156 4979 tempus
1169 4908 1335 4982 navigationi
1347 4925 1498 4985 congraum
1512 4928 1563 4983 per
1577 4913 1636 4970 dies
1651 4912 1706 4971 fere
1729 4870 1806 4989 quin,-
1868 4958 1873 4964 .

155 4995 255 5052 ablata.
271 4996 332 5067 Ego
349 4996 383 5051 de
398 5003 477 5052 nocte
492 5011 663 5069 consurgens
678 4995 745 5051 mihi
762 4997 882 5067 injuncta
895 5011 959 5069 per·
1009 4995 1097 5053 decim
1112 4996 1187 5066 (ιιι)
1206 4997 1388 5069 praestolante,
1415 4999 1470 5068 jam
1495 4999 1523 5054 iu
1537 4999 1590 5056 fide
1609 5009 1636 5059 et
1660 5003 1807 5062 devotione

157 5083 211 5154 agi.
228 5083 286 5140 Nec
301 5084 385 5140 multo
400 5092 471 5156 post,
483 5083 650 5141 confusionis
666 5101 733 5141 meae
754 5085 884 5142 ruborem
904 5102 959 5141 non
1009 5084 1184 5158 praevalidus,
1196 5086 1361 5144 consistebat
1375 5087 1420 5144 ille
1435 5087 1462 5142 in
1473 5088 1570 5146 eadem
1586 5091 1653 5149 urbe
1666 5109 1716 5165 per
1724 5109 1808 5152 uuam

194 5256 251 5321 (att
285 5259 465 5323 episcopatem,
479 5260 503 5310 iu
517 5273 563 5323 qua
584 5259 655 5311 sedes
667 5260 711 5311 snb
723 5262 793 5313 trtulo
805 5264 832 5314 S·
846 5263 959 5328 Andreae,
1046 5259 1117 5324 (ιιι)
1136 5260 1162 5313 ld
1173 5266 1219 5323 est,
1232 5275 1307 5327 usqne
1319 5263 1486 5315 cantuariam.

158 5258 468 5455 ssssssfflsswfiffpfflt,
476 5326 890 5448 eggechlggffitpffqffffiffl‘ss·
913 5331 962 5383 ῆι
1046 5359 1118 5427 (aar)
1137 5362 1228 5425 ouran
1240 5365 1328 5429 sapsa
1342 5366 1410 5428 uaso
1429 5366 1453 5417 n
1467 5367 1607 5420 reuersum
1626 5369 1799 5425 aristaeus

322 5430 329 5453 ι
471 5430 477 5454 ι
852 5432 859 5446 ·
1013 5431 1038 5481 ει
1056 5427 1111 5481 illuc
1123 5429 1188 5482 circa
1200 5432 1410 5498 septuagesimam
1421 5435 1477 5487 aaut
1490 5434 1554 5487 fleti
1571 5436 1691 5500 pervenit.
1798 5408 1808 5438 ’

188 5491 267 5572 Ι(ιιι)
287 5494 419 5558 doulonge
432 5494 599 5558 igituraberat
610 5494 642 5548 ab
663 5496 722 5550 urbe
743 5495 864 5566 ltoffensi,
878 5501 903 5554 to
915 5513 962 5566 qua

161 5571 236 5612 maer
250 5560 477 5614 btcmtusfuerat.
807 5604 810 5608 .
