3742 5986
101 184 155 240 8⁰5
250 205 253 209 ·
665 178 767 235 LIBER
784 176 832 234 DE
850 175 1043 234 Exstcttto
1062 176 1189 232 CELLAE.
1697 178 1750 232 806

102 302 246 375 nignitate,
274 301 325 358 sed
349 302 449 372 pietate
472 300 550 374 [cod.
575 298 664 368 Parci,
688 299 835 372 puritotcl,
852 298 939 361 sedA
986 298 1109 354 Diximus
1123 297 1213 369 aliqua
1227 297 1262 353 de
1276 297 1359 353 modo
1373 305 1400 354 et
1415 313 1497 355 cansa
1512 298 1648 355 adventus
1661 297 1749 378 domi-

104 390 248 448 charitata.
257 390 291 445 Et
300 390 359 446 hnc
369 389 480 462 quidem
494 388 628 445 adrentus
638 387 747 443 illorum
756 394 798 445 est
808 401 902 444 causa.
953 403 1050 442 norum
1064 400 1097 443 ιι
1121 387 1229 442 Petrum
1243 395 1408 454 nostrorum,
1424 387 1546 457 priorum
1560 386 1696 456 videlicet,
1713 390 1748 446 ad

105 479 227 535 Primum
241 478 350 550 quidem
365 486 396 533 ut
417 477 562 534 ostendant
586 476 688 532 debere
703 491 732 531 se
748 483 903 546 promptam
953 470 1084 544 generale
1107 469 1264 541 capitulum,
1280 478 1306 526 et
1322 470 1385 542 quis
1401 470 1435 526 de
1456 472 1508 526 hoc
1523 486 1616 526 eorum
1631 472 1750 529 adventu

107 574 136 622 ιι
154 567 284 622 humilem
308 564 389 637 (sieut
407 565 487 623 decet
509 573 566 619 tam
592 564 707 621 sincerae
730 562 905 620 conscientiae
953 559 1096 630 proveniat
1117 558 1230 614 fructus.
1246 557 1374 630 Nunquid
1389 557 1428 612 eis
1443 558 1490 613 tali
1505 559 1586 614 modo
1600 559 1701 632 talique
1717 577 1750 616 ex

106 654 195 727 viros)
208 654 327 726 antique
341 653 445 710 ordinis
459 652 619 711 institutioni
633 651 815 708 obedientiam
830 651 906 706 exhi·
954 661 1039 703 causa
1053 646 1275 703 convenientibus
1289 646 1435 702 dicendum
1450 660 1512 701 esse
1524 653 1660 717 putamus,
1678 649 1750 719 quod

107 742 186 799 bere.
201 742 265 814 lpsa
277 741 404 798 nimirum
420 748 463 797 est
477 756 530 812 qua
545 748 670 796 tenentur
684 740 763 795 annis
778 738 903 810 singulis,
955 734 1116 806 quibusdam
1136 733 1337 790 Corinthiorum
1355 733 1421 789 dicit
1441 734 1599 804 Apostolus,
1624 735 1751 792 videlieet

109 837 235 901 tempore
248 829 296 885 illo
319 844 375 900 quo
399 828 529 902 generale
550 827 638 885 teneri
652 827 733 882 debet
746 825 902 897 capitulum,
955 823 1027 893 quod
1038 825 1101 895 jem
1114 838 1173 879 non
1186 827 1229 878 cst
1243 822 1421 877 dominicam
1435 826 1544 878 cenom
1558 824 1752 880 manducave?

109 917 137 973 in
155 917 286 990 predicto
315 917 377 973 loco
400 915 557 973 convenire.
588 914 768 986 Excipiuutur
798 928 906 985 quoque
956 908 1053 979 (ldor.
1069 908 1285 980 x1,ao.)nhsit.
1304 908 1653 966 lmosicconvenientibus
1669 912 1751 967 eisin

109 1005 150 1062 illi
173 1005 219 1078 qni
245 1021 280 1060 ne
300 1003 370 1061 forte
400 1003 562 1076 plerumque
589 1003 694 1075 possint
721 1001 829 1068 adesse,
858 1002 906 1070 ju·
955 1012 1038 1052 unum
1051 998 1108 1065 jam
1126 1004 1168 1052 est
1181 995 1352 1052 Dominicam
1367 1012 1471 1053 coenam
1486 997 1672 1054 manducare!
1689 999 1751 1055 Coe-

109 1101 181 1149 stam
200 1091 346 1149 habuerint
370 1092 544 1148 occasionem
568 1098 595 1147 ιι
611 1105 733 1156 causam,
761 1089 855 1161 eisque
878 1096 907 1145 ut
955 1100 1020 1140 nam
1028 1083 1144 1139 diximus
1152 1084 1594 1156 Dominicamnonllolophernis,
1602 1102 1663 1158 quae
1672 1087 1753 1158 plena

109 1187 280 1247 remaneant,
296 1179 401 1251 abipso
415 1179 497 1236 fuerit
511 1179 631 1235 discrete
645 1177 763 1249 capitulo
778 1192 811 1232 ac
824 1177 907 1232 mise·
958 1180 1001 1229 est
1028 1171 1166 1243 voluptate
1182 1186 1189 1226 ε
1205 1172 1254 1226 sed
1277 1187 1328 1228 nec
1349 1173 1475 1242 llerodis,
1499 1188 1559 1245 quae
1586 1173 1688 1244 polluta
1710 1183 1753 1232 est

110 1268 235 1325 rabiliter
252 1268 395 1324 indultum.
415 1267 541 1324 Secundo
565 1282 643 1332 vero,
668 1273 697 1323 ut
715 1281 777 1322 sesa
791 1264 819 1320 in
833 1263 907 1320 omni
958 1260 1111 1333 sangiune,-
1127 1259 1176 1315 sod
1209 1274 1315 1315 coenam
1346 1259 1463 1327 Domini,
1488 1260 1515 1315 in
1538 1276 1592 1333 qua
1613 1262 1754 1319 munditias

108 1356 278 1428 jucunditate
308 1355 433 1427 spiritali,
466 1355 550 1412 etiam
580 1353 760 1426 corporaliter
785 1353 906 1420 videant,
956 1347 1040 1403 linteo
1055 1346 1204 1418 precincti,
1220 1346 1306 1418 pedes
1319 1362 1431 1402 suorum
1446 1348 1535 1404 lavent
1548 1348 1752 1422 discipulorum,

109 1453 286 1517 mutuamque
299 1444 327 1499 in
348 1442 467 1501 invicem
490 1441 656 1499 dulcissimas
675 1442 702 1495 in
718 1441 835 1497 Domino
849 1439 907 1495 fra·
958 1435 1005 1507 qui
1027 1443 1089 1491 sunt
1110 1433 1271 1491 affectiones·
1282 1441 1309 1490 et
1320 1433 1485 1491 intentiones
1508 1451 1613 1492 eorum.
1635 1438 1670 1492 Et
1684 1453 1753 1494 con-

109 1532 245 1591 ternitatis
279 1531 438 1588 charitatem
459 1530 547 1604 magis
570 1545 603 1586 ac
629 1529 718 1600 magis
740 1529 906 1602 adaugeant.
959 1530 1105 1595 surgentes
1129 1522 1258 1588 diluculo,
1280 1529 1360 1594 atque
1375 1521 1522 1579 offerentes
1535 1523 1693 1580 holocausta
1706 1541 1756 1596 per

109 1621 202 1677 Tertio
216 1634 324 1692 quoquc
340 1627 370 1674 ut
384 1619 509 1675 ordinem
528 1633 608 1689 quem
630 1624 692 1673 sunt
711 1616 840 1689 professi,
856 1631 943 1704 proB
959 1611 1092 1683 singulos,
1116 1611 1224 1666 obstent
1246 1610 1381 1687 omnibus·
1394 1611 1492 1682 quibus
1506 1612 1643 1682 potuerint
1656 1613 1756 1682 modis,

110 1723 196 1764 nosse
210 1722 243 1764 ac
256 1722 339 1779 posse
353 1720 413 1776 suc,
429 1722 492 1763 curn
515 1705 574 1762 zelo
590 1706 740 1762 secundum
754 1704 906 1772 scientiam,
958 1715 994 1754 ne
1017 1698 1088 1755 forte
1105 1706 1230 1770 peccent,
1256 1705 1283 1755 et
1306 1698 1468 1755 benedicant
1491 1700 1549 1755 Deo
1578 1699 1607 1755 in
1629 1701 1758 1757 cordibus

109 1795 276 1853 discretione
295 1794 398 1866 praevia
420 1810 454 1850 ex
469 1793 605 1851 communi
624 1793 737 1849 consilio
752 1799 780 1848 et
793 1808 909 1848 assensu
958 1787 1024 1844 suis.
1049 1788 1148 1858 Sisque
1172 1787 1248 1858 digni
1263 1793 1342 1843 erunt
1356 1793 1386 1842 ιιι
1402 1787 1438 1843 ad
1452 1786 1526 1842 illam
1542 1803 1658 1856 coenam,
1675 1805 1758 1861 quam

109 1891 248 1955 reparent,
264 1882 333 1940 etin
361 1889 433 1939 statu
453 1880 527 1938 bono
548 1881 666 1938 solident
689 1896 722 1937 ac
736 1879 906 1937 confirment.
957 1875 1039 1931 homo
1053 1875 1163 1947 quidam
1177 1875 1241 1930 fecit
1253 1889 1393 1946 maguam,
1408 1875 1577 1945 perveniant.
1589 1877 1651 1948 lpsa
1665 1885 1707 1933 est
1722 1879 1758 1934 ad

108 1973 146 2029 Et
166 1978 223 2027 tam
241 1970 271 2027 in
292 1970 459 2028 destmendo
477 1969 568 2038 noxia,
584 1985 668 2041 quarn
681 1970 709 2024 in
723 1968 908 2026 construendo
958 1979 1040 2035 quam
1053 1979 1088 2019 ne
1110 1962 1194 2019 velint
1209 1963 1312 2029 venire,
1336 1963 1426 2019 adhuc
1451 1963 1534 2020 bodie
1557 1965 1654 2021 multos
1668 1965 1758 2037 impe·

109 2059 196 2127 utilia,
213 2059 331 2115 intentos
345 2075 375 2115 se
388 2059 503 2114 inomni
519 2059 669 2114 seeundum
682 2059 771 2113 Deum
786 2064 814 2112 et
829 2055 908 2112 solli·
957 2052 1043 2119 diunt,
1062 2058 1089 2107 ιι
1104 2050 1169 2108 villa
1192 2051 1326 2117 vanitatis,
1351 2059 1378 2106 et
1389 2051 1487 2122 jugum
1501 2052 1629 2123 quinaria
1643 2054 1758 2110 curiosi·

110 2147 230 2204 citudine
263 2146 379 2215 fervida,
404 2153 431 2202 et
455 2145 565 2202 fervore
595 2144 711 2202 sollicito
737 2143 907 2201 exhibeant-t
957 2140 1029 2207 tatis,
1045 2147 1072 2196 et
1086 2154 1155 2195 uxor
1176 2139 1332 2210 voluptatis.
1350 2139 1437 2211 Igitur
1451 2138 1551 2196 faciant
1564 2139 1593 2195 bi
1606 2141 1657 2196 viri
1671 2143 1758 2199 sancti

110 2236 205 2307 sicque
218 2234 295 2290 illum
316 2235 345 2290 in
357 2235 409 2290 boc
431 2233 542 2307 gemino
565 2233 660 2288 salutis
679 2228 764 2304 opere
787 2231 908 2288 studiose
959 2245 1039 2300 quam
1054 2227 1180 2295 sollicite,
1205 2235 1286 2298 prout
1299 2234 1422 2298 possunt,
1439 2236 1551 2298 propter
1566 2229 1639 2299 quod
1654 2245 1757 2288 conve·

112 2323 262 2390 imitentur,
287 2338 368 2395 quem
390 2323 425 2378 ad
448 2323 502 2379 hoo
518 2321 658 2379 constituit
680 2321 813 2376 Dominus
828 2335 910 2390 super
957 2316 1044 2372 niunt.
1060 2314 1172 2372 Ordinis
1194 2314 1355 2371 institutioni
1369 2315 1499 2370 obediunt
1512 2315 1541 2370 in
1556 2331 1590 2372 ιο
1604 2316 1678 2388 quod
1692 2333 1758 2375 con·

110 2418 208 2486 gentes
221 2417 248 2466 et
262 2425 360 2484 regna,
386 2418 415 2464 ut
429 2410 570 2477 evelleret,
587 2416 615 2465 et
628 2410 791 2475 destrueret,
807 2415 835 2464 et
849 2407 909 2464 dis·
957 2404 1069 2461 veniunt
1086 2421 1093 2459 ι
1108 2403 1300 2460 convenienter
1314 2419 1381 2460 vero
1402 2419 1433 2459 se
1447 2402 1563 2459 invicem
1577 2406 1757 2476 corporaliter

109 2499 250 2571 perderet,
270 2505 298 2554 et
322 2496 478 2569 dissiparet,
495 2503 523 2554 et
547 2496 705 2561 edificaret,
721 2503 748 2552 et
760 2495 907 2568 plantaret.
958 2491 1076 2559 visitant,
1103 2492 1197 2564 sicque
1222 2499 1343 2547 mutuum
1366 2491 1393 2546 iu
1416 2507 1447 2548 se
1465 2490 1594 2549 fraterne
1616 2493 1756 2550 charitatis

109 2587 145 2643 Et
159 2584 345 2642 estfuniculns
359 2584 468 2656 triplex,
485 2599 540 2656 quo
554 2583 632 2655 ligati
646 2585 674 2639 in
690 2583 798 2640 Christo
812 2584 909 2638 Patres
958 2594 1081 2644 amorem
1102 2579 1289 2651 multiplicant.
1313 2579 1442 2650 Superest
1463 2580 1520 2648 jam
1539 2587 1568 2635 nt
1583 2581 1691 2636 tertiam
1704 2597 1756 2653 pro

111 2684 141 2732 et
154 2673 265 2731 Domini
288 2672 375 2728 nostri
403 2672 586 2740 conveniunt3
600 2671 731 2728 fortitudo
748 2670 908 2726 humilitatis
958 2683 1012 2739 qua
1026 2668 1191 2724 conveniunt
1214 2682 1324 2724 causam
1342 2666 1519 2738 adimpleant.
1536 2666 1615 2736 Quod
1629 2669 1757 2725 nimirum

113 2760 267 2834 profunde,
295 2760 412 2816 dulcedo
432 2759 573 2817 charitatis
596 2760 735 2825 fraternae,
756 2758 910 2815 sollicitudo
957 2755 1070 2825 faciunt,
1086 2771 1149 2812 curn
1164 2756 1199 2811 de
1214 2756 1311 2812 ordine
1328 2755 1525 2827 colloquentes,
1541 2757 1758 2830 tamexstirpare

112 2864 186 2906 curra
201 2849 253 2905 sibi
275 2848 440 2905 commisse.
464 2846 518 2917 Qui
537 2846 666 2903 nimirum
681 2845 789 2903 difficile
803 2846 909 2916 rumpi·
958 2845 1067 2916 quaeeis
1077 2844 1255 2916 apparuerint
1264 2843 1346 2911 mala,
1358 2860 1441 2915 quam
1453 2861 1592 2918 apponere
1603 2863 1663 2918 quae
1673 2847 1756 2915 bona,

111 2944 166 3004 tur,
198 2936 254 2994 imo
282 2936 390 3008 penitus
412 2935 583 3008 impossibile
604 2943 635 2991 ut
663 2934 691 2990 in
712 2933 812 2992 sanctis
836 2934 908 2989 dun·
958 2941 985 2988 et
999 2933 1028 2988 in
1042 2933 1186 2989 devotione
1211 2931 1337 3000 sollicita,
1359 2939 1385 2989 et
1400 2933 1581 2990 sollicitudine
1596 2935 1705 3006 devota,
1720 2935 1758 2991 si·

110 3031 184 3081 taxat
198 3023 265 3082 viris
277 3031 425 3096 rumpatur,
452 3023 600 3079 roborante
616 3037 680 3079 eum
692 3022 818 3089 Domino,
835 3037 867 3078 ao
881 2990 944 3076 inO
958 3021 1015 3076 mul
1028 3020 1150 3077 universi
1173 3021 1289 3077 student.
1316 3021 1402 3093 lgitur
1426 3022 1582 3094 egrediatur
1604 3021 1700 3080 fluvius
1722 3023 1757 3080 de

112 3127 165 3170 sua
186 3112 276 3185 magis
288 3126 322 3169 ac
344 3111 433 3185 magis
456 3111 611 3185 integritate
636 3117 826 3167 conservante.
842 3110 910 3166 Cum
957 3108 1019 3166 loco
1043 3109 1197 3179 voluptatis,
1227 3109 1262 3163 ad
1293 3108 1461 3180 irrigandum
1491 3109 1659 3180 paradisum.
1685 3109 1757 3179 Quid

111 3200 185 3257 enim
198 3200 257 3273 ipse
269 3200 342 3256 dicat
351 3198 508 3255 humilitatis
521 3205 628 3256 amator
636 3206 663 3255 et
673 3205 768 3254 auctor
785 3198 907 3254 :Discite
958 3204 1084 3268 putamus
1105 3212 1156 3252 nos
1176 3212 1258 3267 posse
1272 3196 1466 3254 convenienter
1478 3213 1529 3269 per
1543 3199 1615 3254 bunc
1629 3197 1756 3270 accipere

111 3303 196 3356 ome,
211 3290 279 3361 quio
292 3288 448 3344 misissem
463 3291 492 3344 ct
506 3286 714 3344 camiliacordc
724 3285 833 3354 (lfottfi.
844 3300 908 3354 xrrr,
958 3284 1116 3356 paradisum
1128 3285 1203 3353 juxta
1227 3283 1437 3358 tropologicum,
1453 3287 1601 3342 secundum
1617 3302 1698 3358 quom
1712 3286 1756 3342 ia-

109 3375 168 3447 29),
184 3375 315 3432 nimirum
339 3391 407 3447 quos
429 3381 537 3432 constat
552 3381 762 3446 perseveranter
781 3389 867 3445 usqne
881 3373 909 3429 in
958 3372 1057 3429 cedere
1071 3373 1257 3444 proponimus,
1274 3374 1413 3430 sensum?
1428 3373 1604 3445 decipiamus
1618 3390 1669 3446 per
1683 3391 1755 3442 eum,

109 3462 192 3520 tinem
206 3463 327 3520 veritatis
346 3478 408 3519 esse
428 3462 586 3533 discipulos,
610 3468 685 3533 patet
698 3469 725 3519 et
744 3477 793 3518 eos
809 3476 909 3517 conse·
958 3460 1063 3516 ordinis
1078 3477 1160 3533 quem
1179 3460 1296 3532 professi
1309 3476 1404 3517 sumus
1419 3462 1580 3518 suavitatem
1593 3463 1622 3518 in
1639 3463 1756 3519 Domino

111 3549 317 3622 quentersuavi
332 3549 490 3606 humilitatis
506 3565 568 3606 esse
584 3549 694 3607 vinculo
718 3549 828 3621 ligatos.
841 3549 910 3605 ltem
958 3548 1113 3616 sublimem,
1143 3556 1170 3604 et
1196 3549 1388 3605 sublimitatem
1423 3548 1600 3604 nibilominus
1633 3565 1756 3618 suavem,

110 3637 507 3710 cumjuxtadpostolumzoui
520 3640 685 3710 proximam
699 3637 804 3709 diligit,
822 3637 909 3709 legem
957 3637 1011 3692 nisi
1033 3635 1104 3693 forta
1124 3636 1206 3693 alicui
1228 3637 1302 3693 aliud
1330 3636 1420 3692 visum
1443 3636 1525 3693 fuerit
1552 3638 1625 3709 quod
1648 3637 1756 3704 melius,

110 3726 241 3800 implevit
254 3727 343 3798 (Rom.
359 3740 421 3793 1111,
433 3726 461 3797 8)
472 3743 480 3793 ς
491 3733 518 3782 et
527 3733 558 3781 ιιι
567 3725 676 3781 idemin
686 3723 834 3782 continenti
843 3740 909 3781 con·
957 3724 1050 3781 verius
1065 3733 1092 3780 et
1115 3725 1312 3799 congruentius
1327 3724 1372 3780 ιιι.
1390 3724 1469 3782 Cerfe
1484 3724 1509 3780 si
1525 3724 1591 3797 quid
1604 3725 1683 3781 aliter
1697 3725 1759 3797 quis

109 3814 202 3880 eludit,
216 3813 367 3886 plenitudo
383 3829 447 3885 crgo
460 3814 529 3885 lepis
540 3817 583 3869 est
598 3813 713 3870 ιιιιιιιο
724 3813 783 3881 (lob
798 3813 858 3884 to);
873 3812 909 3868 li-
958 3813 1028 3870 ebus
1043 3813 1124 3885 sapit,
1140 3821 1167 3870 et
1181 3815 1233 3871 hoc
1248 3814 1274 3870 ei
1287 3815 1362 3871 Deus
1378 3813 1524 3870 revelavit.
1541 3813 1576 3868 Ει
1589 3813 1668 3869 nobis
1682 3812 1759 3870 vide-

108 3909 174 3975 quet
186 3909 282 3973 aperte
303 3901 385 3970 hujus
408 3900 482 3973 apud
500 3901 578 3957 illurn
598 3900 711 3958 funiculi
725 3900 908 3974 integritatem
958 3909 1002 3957 tur
1024 3903 1133 3975 quidem
1158 3903 1198 3959 ιιι
1221 3919 1303 3975 posse
1326 3918 1381 3959 nou
1405 3902 1515 3958 interim
1538 3901 1639 3959 sentire
1652 3902 1758 3974 absque

108 3989 226 4046 innullo
240 4004 322 4060 posse
335 3988 459 4055 dissolvi,
480 3989 555 4060 apud
568 4005 650 4061 quem
669 3990 725 4044 imo
740 3989 812 4045 intra
826 4004 910 4061 quem
957 3990 1116 4062 prejudicio
1137 3992 1267 4047 duntaxat
1292 3991 1433 4048 sentcntiae
1457 3989 1591 4046 melioris.
1615 3991 1757 4047 lntuemur

108 4075 235 4133 fraternae
249 4083 356 4132 constat
376 4077 517 4133 charitatis
530 4077 728 4148 perfectionem
741 4091 798 4133 non
811 4075 907 4131 minui.
958 4078 1031 4134 enim
1047 4094 1118 4151 quaa,
1135 4087 1162 4134 et
1176 4079 1275 4151 qualis,
1291 4094 1325 4136 ac
1337 4087 1439 4151 quanta
1451 4079 1593 4151 utriusque
1603 4078 1668 4134 boni
1676 4079 1759 4148 hujus

109 4165 144 4221 Et
157 4165 193 4220 de
206 4180 240 4221 eo
254 4164 321 4236 quid
334 4180 491 4236 possumus,
508 4164 567 4222 sive
583 4165 649 4238 quid
662 4164 796 4222 debemus
805 4164 907 4231 dicare,
957 4165 986 4222 in
1001 4182 1034 4222 ιο
1056 4157 1245 4240 prerogativa
1253 4167 1288 4222 sit
1304 4184 1310 4223 :
1327 4168 1400 4224 unda
1419 4174 1461 4222 ιιι
1483 4168 1556 4239 quod
1571 4165 1610 4223 sic
1625 4166 1759 4222 audemus

110 4251 157 4324 qui
170 4260 271 4324 praest
284 4253 313 4308 in
328 4252 537 4309 sollicitudine?
551 4254 649 4309 Nonne
664 4253 819 4324 pastoribus
834 4251 907 4324 vigi·
958 4254 1071 4310 sentire.
1081 4255 1145 4310 Non
1159 4254 1248 4309 solum
1262 4261 1362 4323 autem,
1375 4255 1425 4311 sed
1434 4254 1535 4310 etillud
1549 4269 1757 4327 nonnunquam,

108 4339 239 4408 lantibus,
256 4349 283 4397 et
296 4341 513 4398 custodientibus
527 4340 635 4414 vigilias
651 4341 738 4397 noctis
752 4354 837 4412 snpra
846 4340 947 4410 gre-D
961 4341 1013 4398 atsi
1028 4357 1154 4413 perraro,
1170 4342 1215 4398 vel
1224 4342 1341 4398 tenuiter
1350 4341 1559 4413 nobisexpcriri
1569 4342 1673 4398 datum.
1688 4342 1761 4400 Sane

108 4444 173 4502 gem
187 4444 277 4496 suum,
301 4429 419 4502 augelus
442 4437 495 4484 stat
512 4429 590 4499 juxta
603 4429 675 4495 illos,
692 4435 719 4483 et
733 4427 845 4485 claritas
858 4425 909 4483 Dei
959 4430 1082 4487 consistit
1095 4430 1176 4498 hujus
1190 4428 1294 4503 gemini
1317 4429 1381 4485 boni
1402 4429 1585 4503 praerogativa
1608 4430 1637 4486 in
1652 4431 1695 4486 his
1708 4431 1759 4488 tri-

108 4515 911 4590 circnmfnlgetillosiPatetquianontimantsibiabaliqua
959 4518 1010 4574 bus
1028 4518 1078 4574 :in
1107 4527 1216 4574 externa
1249 4517 1451 4588 exercitatione,
1481 4518 1510 4573 in
1530 4518 1590 4591 jugi
1613 4519 1760 4577 solitudine

107 4603 230 4671 lesione,
242 4605 290 4677 qni
303 4604 380 4673 juxta
391 4621 421 4661 ιι
435 4606 539 4661 habent
554 4604 683 4676 angelum
698 4611 833 4672 stantem3
855 4619 911 4660 non
960 4606 1046 4674 cellae,
1063 4607 1092 4662 in
1106 4608 1188 4678 plena
1200 4606 1280 4676 hujus
1294 4607 1388 4664 saculi
1401 4607 1564 4677 abjectione.
1579 4608 1675 4680 ltaque
1684 4623 1760 4664 com·

109 4692 145 4748 ab
167 4691 258 4765 aliqua
281 4693 459 4761 obscuritate,
489 4692 536 4765 qui
557 4693 710 4749 claritatem
735 4692 911 4748 nihilominus
959 4695 1090 4751 mendant
1104 4694 1242 4766 praecipue
1263 4710 1372 4767 quoque
1392 4694 1506 4761 ordinis,
1533 4711 1614 4767 quem
1629 4694 1759 4766 paradiso

108 4779 161 4836 Dei
174 4780 277 4837 habent
297 4797 328 4838 ιι
351 4781 616 4854 circumfulgentem.
641 4781 677 4837 Et
701 4781 774 4837 unde
797 4779 837 4836 eis
851 4781 911 4837 haec
960 4782 1183 4850 assimilavimus,
1202 4782 1397 4840 sublimitatem
1412 4798 1535 4850 suavem,
1551 4790 1578 4838 ιι
1596 4782 1761 4839 suavitatem

108 4867 163 4924 dno
178 4869 277 4925 exirma
304 4869 400 4925 bonai
415 4870 482 4925 lnde
501 4870 595 4941 utique
621 4868 696 4942 quod
709 4868 870 4942 vigilabant,
884 4874 911 4925 et
960 4871 1137 4927 nihilominus
1152 4871 1307 4937 sublimem,
1322 4871 1394 4928 inter
1407 4878 1505 4928 catera
1518 4870 1604 4926 multa
1611 4878 1638 4927 et
1647 4886 1758 4944 magna,

107 4955 218 5027 vigilias
240 4957 328 5013 noctis
356 4973 441 5029 supra
465 4974 581 5031 gregem
605 4974 684 5013 suum
710 4956 909 5013 custodiebant.
960 4976 1022 5031 quae
1037 4960 1062 5015 ei
1076 4959 1169 5015 insunt
1183 4959 1265 5026 bona,
1290 4960 1442 5031 probabilis
1467 4967 1577 5016 externa
1591 4959 1760 5027 exercitatio,

67 5107 74 5121 Ι
106 5043 194 5100 Porro
209 5043 250 5101 sic
269 5045 385 5118 vigilare
408 5045 501 5118 sicque
526 5046 681 5113 custodire,
704 5044 768 5117 quid
783 5052 826 5101 ιιι
839 5043 912 5101 aliud
959 5046 1033 5120 jugis
1046 5047 1121 5103 cellae
1142 5046 1271 5114 solitudo,
1297 5043 1420 5119 perfecta
1439 5047 1532 5104 seculi
1555 5047 1682 5117 abjectio.
1699 5047 1762 5104 Tria

107 5147 190 5203 quam
204 5132 278 5188 mala
292 5134 445 5200 destruere,
462 5134 535 5189 bona
548 5149 614 5191 vero
629 5133 814 5191 construeret
961 5136 1030 5191 baec.
1047 5134 1132 5204 Maior
1146 5143 1237 5191 autem
1251 5136 1348 5192 borum
1363 5142 1405 5190 ιιι
1416 5135 1492 5191 cellae
1502 5135 1621 5192 solitudo
1637 5150 1644 5190 :
1659 5144 1687 5192 et
1699 5137 1763 5193 ideo

383 5240 583 5297 cgpsfflfflpg
597 5240 631 5295 11,
961 5223 1057 5293 major,
1074 5221 1139 5293 quia
1157 5221 1215 5295 ipsa
1229 5230 1272 5279 est
1286 5239 1347 5296 quae
1363 5236 1414 5279 neo
1428 5223 1502 5278 utitis
1516 5238 1578 5280 esse
1592 5222 1667 5280 valet
1679 5240 1762 5281 exer·

105 5328 146 5384 lle
159 5328 300 5384 sanatae
315 5328 439 5394 sublimi,
466 5331 496 5384 ct
509 5328 687 5384 sublimttote
710 5327 792 5384 sacci
805 5327 910 5400 gaeta
962 5310 1054 5368 ὓῑῑιῐῑῡ
1082 5318 1202 5379 mem·
1234 5327 1285 5368 ¹¹0⁰
1317 5310 1409 5369 muli
1433 5311 1550 5381 ιῧιθΰιῑθ
1571 5310 1706 5383 Pffl'fessffi·
1732 5312 1763 5370 Si

119 5397 469 5459 ordlmdartbasiemita
482 5399 572 5457 tribas
580 5397 746 5472 specialiter
755 5397 896 5455 consistit.
961 5398 1074 5472 quidem
1087 5399 1177 5458 utitta
1200 5407 1255 5457 ιιιιι
1278 5400 1337 5458 Deo
1359 5414 1442 5472 quam
1461 5399 1617 5458 hominibus
1639 5397 1760 5471 placere,
