3742 5986
183 187 236 246 ³⁷5
745 202 925 261 irrmnix
942 201 990 260 an
1009 199 1037 258 s.
1057 178 1277 260 aemorum.

181 316 248 375 Sunt
263 317 391 390 lacrymae
406 319 509 389 dulces,
526 322 642 447 suspiria
661 325 760 392 dulcia,
777 328 872 383 dulces
991 325 1085 389 Alllae
1097 327 1182 382 alacri
1196 327 1281 394 vultu,
1297 325 1421 398 facieque
1435 334 1462 382 et
1475 326 1563 383 lionte
1578 327 1692 396 decora,

182 389 297 446 Proliiiae
312 391 443 471 excubiae,
453 393 556 472 jejunia
590 394 671 461 ulcia,
687 396 766 453 dulce
1028 398 1069 451 Ne
1085 397 1200 467 trepida,
1216 398 1309 453 dixere
1327 411 1333 451 :
1351 397 1400 452 Dei
1416 405 1522 454 sacrate
1537 398 1669 464 minister,

181 460 304 516 Subdere
320 478 350 516 se
363 464 493 532 imperiis,
511 473 592 535 atque
607 466 679 520 inter
695 477 770 539 sepia
786 472 899 527 morari.
1029 467 1160 522 ltiittimur
1175 470 1227 524 huc
1242 468 1342 523 etenim
1358 468 1471 523 summis
1485 484 1500 524 e
1516 468 1627 525 sedibus
1642 469 1678 525 ad
1692 476 1731 524 te.

182 531 350 613 Quid‘deb'et
365 548 437 588 nunc
452 550 513 589 esse
528 535 607 605 polis.
624 536 670 590 uhi
684 554 764 596 carne
779 543 860 597 soluti
1029 539 1063 592 Et
1078 537 1239 608 paradisiaci
1255 538 1366 594 ierimus
1380 539 1506 594 mandata
1521 539 1656 595 Parentis.
1730 542 1734 547 '

181 603 216 657 Et
230 618 339 658 miseris
354 604 437 668 curis,
454 604 568 675 locaque
583 607 611 660 in
625 623 722 663 secura
735 614 839 682 recepti
1030 608 1053 663 0
1069 616 1094 662 ¹⁰
1110 607 1323 680 felicemquem
1336 610 1370 663 de
1386 617 1423 665 2⁰²
1434 609 1554 664 millibus
1567 625 1653 664 unum

182 672 256 753 Laeta
266 673 362 754 ⁸vident
375 674 455 729 claris
469 675 616 731 obtutubus
632 693 681 733 ora
696 683 816 751 supremi
1029 679 1147 750 Elegere
1160 680 1225 750 poli,
1241 681 1390 735 monachos
1404 695 1532 750 reparare
1545 678 1689 736 labantesl

183 743 319 825 Principis¹
333 762 340 798 z
357 745 429 799 unde
443 744 528 799 lluunt
543 745 631 802 felicia
647 749 746 821 gaudia
762 770 883 825 semper.
1030 750 1128 821 Perge,
1145 757 1219 804 tuum
1237 750 1372 820 completo
1387 751 1516 817 animum,
1532 757 1577 805 tua
1591 759 1656 806 vota
1670 750 1802 817 secunda,

182 814 253 883 Quid
268 816 393 895 iacimus,
409 816 484 871 chari
498 817 635 872 comites?
649 820 684 873 ad
699 821 815 878 claustra
832 824 922 896 quieta
1030 822 1087 875 lloc
1103 820 1149 873 tibi
1166 821 1274 875 divinus
1291 821 1371 875 Sator
1384 821 1509 891 imperat,
1526 820 1563 876 itu
1577 821 1678 877 citatus

99 914 102 919 ,
182 885 240 939 Nos
255 893 319 941 citat
334 887 514 957 omnipotens,
530 904 580 958 per
595 896 633 943 tot
647 890 789 960 miracula,
810 895 926 951 Numen.
1031 890 1219 961 Granopolim,
1236 892 1328 946 dicunt
1343 891 1447 962 vulgari
1461 891 1587 947 idiomate
1602 890 1686 958 Galli,

183 956 238 1011 Cur
252 973 344 1012 sumus
357 956 449 1028 ignavi
466 958 531 1013 tanti
543 958 577 1013 ad
592 959 747 1029 spiraminis
760 966 879 1021 auram?
1030 961 1227 1033 Hugonemqie
1241 969 1317 1032 petas
1333 961 1489 1021 antistitem.
1501 969 1529 1017 et
1543 961 1588 1017 ille
1602 961 1725 1028 docebit,

183 1027 353 1098 Pergeudum
388 1044 422 1082 uo
437 1028 529 1082 dextra
546 1038 639 1085 vocant
653 1047 704 1087 uos
719 1034 821 1102 sidera,
856 1051 891 1091 uo
904 1050 954 1091 rios
1031 1030 1117 1099 Quem
1133 1032 1181 1085 tibi
1195 1032 1367 1088 condidimus
1382 1032 1491 1086 sublimi
1506 1032 1533 1087 iu
1547 1032 1649 1089 verlice
1662 1047 1804 1104 campum,

183 1096 290 1153 lloriler
304 1045 417 1180 impeilit
431 1100 565 1180 zephyrus
580 1116 734 1174 caurusque
749 1053 890 1162 secuniat.
1030 1103 1104 1158 Voce
1119 1103 1169 1156 sub
1185 1101 1301 1157 Hebraea
1315 1103 1458 1158 Carthusie
1472 1103 1581 1172 dicitur,
1598 1102 1649 1160 hoe
1663 1106 1718 1170 est,

182 1165 317 1223 Cedamus
331 1176 425 1239 patria,
441 1178 535 1224 moniti
550 1171 664 1226 meliora
679 1190 841 1246 sequamur;
1032 1173 1164 1229 Sermone
1177 1173 1306 1241 Ausonio,
1323 1173 1445 1244 perlecta
1459 1173 1564 1230 vocatio
1581 1173 1688 1229 divum.

180 1237 287 1311 Quippe
300 1241 367 1293 mihi
380 1256 458 1295 mens
471 1247 513 1294 est
527 1242 631 1296 urbana
646 1244 800 1316 relinquere
814 1255 893 1317 tecta,
1031 1244 1086 1298 Vos
1101 1258 1208 1315 quoque
1222 1244 1335 1298 sumatis
1348 1251 1423 1298 tanto
1438 1244 1472 1299 de
1486 1244 1597 1299 nomine
1611 1258 1725 1310 nomen,

182 1310 218 1366 Et
231 1318 325 1381 petere
339 1310 456 1365 incultos
471 1311 588 1377 auditus,
606 1313 735 1369 taciturna
756 1333 790 1372 ue
804 1332 871 1373 saxa
888 1335 894 1372 :
1029 1314 1064 1369 Et
1078 1313 1246 1369 Curthusiaci
1261 1313 1345 1370 vestri
1358 1314 1528 1385 appellentur
1542 1314 1654 1370 alumni.

183 1385 272 1452 Atque
287 1382 357 1435 iuter
370 1381 487 1449 Faunos,
505 1390 531 1436 et
547 1383 649 1437 semina
664 1385 732 1440 dura
738 1334 856 1444 ieonum
1031 1384 1106 1441 Vade
1119 1384 1201 1456 igitur
1215 1383 1288 1446 felix.
1306 1392 1417 1439 letoius
1432 1385 1547 1440 honorat
1561 1385 1690 1456 olympu⁸

183 1451 283 1509 Antoni
297 1467 389 1506 mores
404 1452 540 1522 amplecti,
558 1461 584 1508 et
598 1454 684 1509 nitrea
699 1457 774 1512 Pauli
1031 1455 1130 1520 Bmuo,
1146 1454 1247 1526 tibique
1261 1455 1336 1509 dabit
1350 1454 1470 1511 divinum
1484 1455 1511 1509 iu
1527 1455 1628 1512 saecula
1642 1470 1756 1512 nomen.

184 1523 280 1578 Lustra
296 1522 347 1576 sub
363 1523 451 1577 exesis
464 1522 577 1578 latitabo
592 1523 745 1598 incognitus
760 1528 854 1585 antris.
1031 1524 1142 1580 Talibus
1157 1524 1227 1580 effati
1242 1524 1346 1581 lluiiere
1360 1526 1388 1578 iu
1401 1525 1494 1580 nubila
1509 1525 1599 1580 vultus

185 1595 220 1648 at
234 1608 292 1660 vos
310 1593 413 1665 egregii
428 1593 540 1648 comites
555 1611 689 1666 generosa
703 1614 836 1672 propago,
1032 1595 1166 1666 llngclici,
1183 1603 1210 1650 et
1224 1602 1337 1666 siimptae
1352 1596 1466 1652 densato
1480 1612 1513 1651 ex
1528 1611 1593 1652 uere
1608 1594 1721 1653 lormae.

185 1664 296 1734 Experti
311 1664 390 1718 toties
405 1664 523 1718 humana
537 1665 658 1735 pericula
673 1684 778 1724 mecum
795 1689 803 1737 3
991 1667 1093 1738 Bllox
1108 1666 1211 1735 abiere,
1226 1673 1357 1737 torusque
1372 1667 1460 1721 omnis
1474 1667 1586 1738 spiravit
1599 1681 1724 1723 amomo.

185 1735 264 1789 llleue
277 1734 355 1805 sequi
370 1734 451 1789 vultis
466 1751 516 1805 per
530 1743 569 1790 tot
583 1737 740 1793 discrimina
755 1740 871 1795 rerum?
1032 1736 1080 1791 llle
1091 1752 1215 1816 gemens,
1232 1737 1353 1808 tantique
1366 1736 1461 1791 labans
1476 1737 1621 1792 dulcedine
1634 1737 1727 1806 verbi,

183 1807 263 1860 Mene
273 1804 358 1874 juvat,
376 1805 459 1860 veluti
473 1821 582 1876 semper
597 1805 709 1878 lecistis,
726 1810 827 1867 hahere
1032 1807 1148 1877 Corripit
1163 1823 1178 1862 e
1194 1815 1280 1863 strato
1295 1822 1404 1878 corpus,
1421 1807 1560 1879 tenditque
1576 1808 1690 1878 supinas

184 1876 343 1936 Ductorem.
353 1875 491 1948 fidumque
499 1878 785 1952 patrem,dulcemque
794 1881 981 1954 magistrum?
1031 1878 1074 1933 ud
1087 1893 1200 1948 superos
1216 1893 1276 1933 cum
1292 1894 1359 1933 voce
1373 1893 1479 1944 manus,
1495 1885 1643 1958 gratesque
1658 1875 1797 1949 rependit.

185 1948 246 2002 Dux
260 1962 313 2019 ego
328 1954 419 2001 vester
433 1963 491 2002 ero.
507 1948 596 2015 Nunc,
613 1965 686 2006 nunc
700 1952 852 2009 comitabor
873 1960 978 2009 euntes.
1031 1948 1150 2004 Numina
1165 1950 1233 2030 (tum
1249 1948 1327 2019 dixit)
1340 1949 1401 2004 coeli
1414 1965 1475 2020 quae
1489 1948 1573 2004 limen
1590 1948 1711 2016 habetis,

185 2018 230 2073 Sic
245 2017 283 2072 ait
296 2025 323 2072 et
333 2017 440 2088 tepidos
454 2017 593 2073 fundentia
608 2019 711 2075 lumina
724 2022 813 2090 fletus,
1033 2019 1062 2074 Si
1076 2019 1141 2072 milii
1156 2026 1210 2073 sint
1224 2019 1336 2074 totidem
1349 2019 1451 2090 liuguae
1464 2029 1528 2092 quot
1543 2019 1645 2074 lumina
1658 2018 1750 2075 fertur

186 2088 292 2158 Saepius
305 2087 416 2143 admoto
429 2088 513 2143 siccat
528 2089 662 2145 velamine
677 2092 776 2149 Bruno.
1032 2091 1063 2145 ln
1078 2089 1208 2144 membris
1222 2090 1350 2145 habuisse
1364 2092 1463 2162 Argus,
1479 2088 1636 2160 persolvere
1651 2088 1754 2170 dignas

221 2159 243 2214 ll
257 2174 372 2213 numero
387 2165 462 2214 tanto
476 2174 523 2213 sex
538 2176 682 2216 surrexere
695 2163 802 2232 priores
1033 2160 1110 2215 Haud
1124 2175 1234 2230 possem
1250 2161 1354 2226 laudes,
1368 2160 1440 2215 istud
1455 2161 1528 2233 quod
1541 2176 1641 2215 munus
1653 2161 1733 2216 obire

185 2228 300 2302 Ingenio
314 2237 340 2283 et
355 2229 460 2298 sophia,
478 2229 613 2301 rebusque
629 2247 661 2286 uc
677 2236 811 2306 sauguine
826 2234 917 2305 prisco
934 2251 941 2289 τ
1032 2233 1075 2286 lile
1090 2230 1176 2285 lacitis
1192 2231 1319 2302 dignum;
1334 2239 1381 2285 tua
1397 2237 1458 2285 sunt
1475 2232 1532 2286 haic
1547 2246 1679 2297 munera,
1697 2229 1815 2286 Christe.

185 2301 327 2367 Andreas,
343 2300 478 2372 liugoque
493 2316 581 2366 sacer,
600 2302 774 2375 vegetusque
789 2305 919 2370 Gariuus,
1034 2303 1083 2355 Est
1097 2301 1163 2354 nihil
1178 2301 1315 2356 excellens
1331 2301 1357 2355 in
1373 2317 1427 2366 me,
1443 2317 1493 2357 vos
1506 2301 1597 2357 omnia
1613 2301 1703 2368 fertis,

185 2371 341 2435 laudunus,
358 2369 510 2439 Stephanus
524 2371 682 2442 burgensis
699 2374 817 2446 itemque
833 2375 950 2431 Diensis.
1034 2371 1144 2442 Optima
1158 2379 1247 2442 coepta
1260 2372 1332 2438 date,
1347 2387 1514 2444 gressusque
1528 2379 1625 2442 parate
1638 2373 1789 2443 secundos,

185 2442 219 2497 lli
233 2442 288 2497 dun
302 2441 432 2511 postremi
447 2440 540 2512 Libyci
555 2442 676 2498 doctoris
691 2444 804 2512 alumni,
1034 2441 1179 2505 Coelicolae‚
1196 2442 1295 2566 quibus
1304 2450 1347 2497 est
1360 2444 1484 2497 humauae
1498 2457 1565 2498 curti
1577 2442 1682 2498 salutis.

184 2514 220 2570 Et
236 2527 371 2568 canonum
387 2511 502 2567 asseclae
517 2514 609 2583 magni
620 2514 654 2568 de
670 2516 764 2571 celibe
779 2516 847 2572 ltuffi
1069 2513 1161 2568 Bruno
1172 2513 1203 2582 iu
1224 2520 1250 2567 ei
1264 2513 1354 2568 socios
1369 2513 1404 2567 ad
1421 2528 1450 2568 se
1465 2512 1515 2567 sub
1530 2527 1610 2568 mnne
1625 2513 1732 2571 vocari.

83 2605 88 2612 ·
186 2583 327 2648 Coenobio,
344 2583 414 2637 mira
429 2590 455 2637 et
470 2582 609 2652 pollebant
623 2585 760 2656 dogmatis
775 2596 844 2658 arte,
1035 2583 1168 2639 Continuo
1182 2583 1338 2650 adveniunt,
1355 2582 1408 2638 illis
1424 2597 1457 2638 ea
1475 2582 1582 2654 singula
1596 2591 1703 2640 narrat.

187 2656 222 2711 Et
237 2654 391 2710 successive
406 2669 505 2723 rupere
519 2653 635 2723 silentia,
652 2657 697 2713 tali
1035 2655 1156 2726 irriguos
1170 2652 1240 2708 inter
1253 2653 1342 2718 lletus,
1358 2669 1491 2725 roresque
1505 2661 1639 2725 tepentes,

188 2725 290 2782 Ordine
308 2740 314 2779 :
332 2726 496 2794 Praeceptnr,
512 2725 554 2779 cui
569 2741 624 2780 non
639 2734 681 2780 est
696 2726 762 2782 alter
776 2727 803 2781 in
819 2729 887 2784 orbe
1035 2725 1109 2779 luter
1123 2723 1290 2793 complexus,
1307 2724 1378 2779 inter
1392 2732 1482 2780 sanctu
1496 2723 1600 2791 oscula,
1616 2724 1729 2781 dextras

82 2821 87 2832 =
187 2795 356 2868 AEquandus‚
371 2803 398 2850 te
413 2811 463 2849 nos
479 2811 573 2850 sumus
589 2812 605 2850 a
620 2797 770 2867 puerilibus
785 2799 864 2853 aunis
1035 2795 1107 2850 liant
1121 2793 1232 2875 pariter,
1249 2793 1367 2865 lideique
1382 2794 1492 2858 arrhas,
1508 2803 1535 2850 et
1547 2793 1638 2850 loedus
1651 2795 1767 2852 amoris.

188 2866 298 2931 Sectsti,
316 2874 342 2922 et
357 2881 467 2936 semper
481 2865 580 2920 suimus
594 2882 693 2938 parcre
706 2869 794 2938 parati
1036 2866 1206 2921 Constituere
1221 2880 1316 2921 omnes
1331 2880 1401 2935 opus
1416 2864 1569 2923 accelerare
1583 2863 1717 2934 lutururn,

187 2937 322 3009 Imperiis,
339 2936 474 3018 dictisque
491 2936 553 3004 tuis,
570 2953 619 3007 per
632 2938 754 3005 numina,
770 2955 819 3010 per
834 2946 872 2994 tot
1036 2938 1126 3007 lltqne
1142 2936 1287 2991 reservatis
1300 2935 1393 3006 paucis
1408 2936 1443 2991 ad
1457 2935 1520 2991 iana
1534 2936 1673 3002 struenda,

187 3009 257 3080 Quot
272 3025 323 3081 per
336 3009 505 3079 olympiacos
520 3007 666 3062 scintillant
681 3009 771 3064 sidera
789 3017 892 3066 tractus
997 3032 1021 3093 0
1037 3007 1143 3062 Caetera
1158 3021 1210 3076 pau
1231 3006 1321 3061 eribus
1336 3006 1407 3062 bona
1421 3006 1584 3062 distribuere
1598 3022 1647 3077 per
1661 3006 1769 3063 urbem.

186 3080 338 3146 Testamur,
355 3079 416 3134 sine
432 3086 459 3133 te
472 3094 617 3149 possemus
632 3079 725 3135 vivere
739 3097 888 3153 uunquam.
1035 3077 1118 3134 Praeci
1139 3076 1197 3131 iunt
1211 3023 1319 3132 iiimuhs
1332 3084 1361 3132 ut
1375 3092 1461 3148 equos
1475 3075 1611 3133 adducere
1626 3085 1729 3135 certent

187 3152 241 3208 Per
255 3152 360 3207 medios
374 3150 463 3221 ignes,
479 3157 505 3204 te
516 3164 567 3219 per
580 3137 671 3205 medin
685 3166 764 3205 arma
778 3168 935 3225 sequemur,
1035 3151 1074 3204 dc
1090 3093 1171 3228 seiias
1186 3155 1211 3202 et
1225 3147 1302 3203 irena
1316 3157 1432 3219 parent;
1449 3156 1513 3204 tuuc
1527 3147 1603 3204 ocius
1618 3162 1717 3205 omnes

188 3223 301 3280 Eveniat
315 3236 485 3293 quacunque
499 3221 547 3275 tibi
561 3220 669 3276 fortuna
683 3222 790 3278 sinistra
1035 3220 1153 3288 lmperiu
1168 3234 1266 3288 parere
1280 3219 1398 3285 student,
1413 3226 1440 3273 et
1451 3218 1529 3288 jussa
1544 3216 1691 3275 facessunt.

188 3293 267 3359 Fare,
282 3292 352 3348 mori
365 3298 456 3347 tecum
470 3308 548 3346 meus
563 3301 613 3360 est,
630 3299 657 3347 et
670 3293 772 3349 ducere
786 3293 878 3350 vitam.
1036 3289 1182 3345 Codicibus
1193 3289 1315 3358 jumenta
1329 3297 1443 3344 onerant
1457 3299 1483 3345 et
1517 3289 1620 3344 laustra
1635 3289 1723 3345 citati.

223 3363 311 3420 Viuite
322 3362 425 3428 lelices,
444 3377 562 3434 veraque
576 3362 603 3416 in
619 3377 686 3433 pace
701 3364 800 3432 valete,
1035 3361 1078 3415 Fit
1094 3360 1231 3430 strepitus.
1248 3375 1383 3431 vocesque
1397 3376 1446 3431 per
1461 3306 1546 3415 arrius
1560 3366 1633 3415 tecta
1647 3360 1772 3417 volutant

189 3437 213 3494 0
229 3435 351 3497 comites.
368 3440 441 3488 tauto
457 3449 510 3488 non
526 3449 672 3504 possumus
687 3433 791 3506 absque
805 3435 938 3508 magistro
1036 3432 1168 3486 Miramur
1181 3431 1285 3485 subitos
1299 3431 1470 3486 dominorum
1485 3447 1518 3485 eii
1533 3430 1592 3486 aede
1606 3445 1746 3500 recessus,

187 3510 297 3580 Degere
311 3505 362 3561 sub
376 3505 515 3570 membris,
532 3511 559 3559 et
573 3513 651 3576 grata
665 3504 726 3560 luce
740 3505 831 3576 potiri.
1036 3501 1153 3557 Parcere
1168 3516 1219 3556 iiec
1234 3509 1348 3582 possunt
1362 3500 1499 3572 lacrymis,
1511 3501 1668 3572 miseroque
1682 3501 1783 3578 dolori.

189 3579 298 3637 incedat
313 3591 475 3650 quocunque
488 3576 565 3640 libet,
581 3575 741 3631 comitamur
754 3584 878 3632 ovantes.
1036 3573 1200 3628 Convertere
1213 3588 1274 3642 pios
1288 3572 1323 3652 ad
1336 3587 1448 3652 sumina.
1457 3572 1558 3651 palatia
1572 3571 1671 3637 vultus,

162 3700 171 3718 ,
187 3653 245 3707 Nos
259 3649 342 3720 igitur
357 3648 456 3717 pariter
470 3646 568 3716 spelaea
582 3654 707 3715 petemus
721 3653 748 3701 et
762 3655 848 3701 antra.
1037 3643 1217 3714 singultuque
1231 3658 1320 3714 gravi,
1337 3650 1363 3697 et
1377 3651 1480 3713 gemitu
1494 3643 1588 3698 dixere
1602 3642 1717 3713 patenti,

189 3723 245 3776 Vos
263 3721 360 3774 iterum
375 3718 452 3783 socii,
469 3732 518 3772 vos
534 3724 560 3770 et
576 3724 682 3771 terrena
695 3717 784 3771 valete
801 3734 808 3770 ε
1037 3713 1107 3768 Aula
1126 3713 1254 3783 superba,
1270 3713 1341 3779 vale,
1358 3712 1485 3768 redimita
1499 3713 1597 3776 suni,
1614 3712 1715 3780 valete,

188 3794 284 3862 Tuque
299 3787 421 3844 Parisiua
436 3788 510 3848 urbs,
527 3793 683 3841 nostrorum
700 3787 779 3842 theca
798 3787 933 3844 labomm.
1037 3784 1099 3839 Non
1112 3782 1189 3838 eritis
1202 3799 1252 3854 per
1267 3798 1317 3839 uos
1331 3781 1401 3837 ultra
1415 3783 1538 3847 visenda,
1555 3782 1661 3838 colonis

190 3860 322 3920 Germani
336 3857 452 3919 valeant,
468 3857 575 3911 valeant
590 3857 698 3937 utrique
712 3864 848 3926 parentes,
1037 3853 1195 3925 Linquimus
1210 3854 1329 3909 externis
1342 3870 1392 3909 vos
1407 3869 1468 3909 esse
1484 3853 1641 3917 habitanda,
1657 3853 1762 3910 valete.

189 3930 296 3988 Divitiae
311 3937 391 3999 atque
405 3929 513 3994 domus,
529 3934 555 3980 et
569 3927 682 3998 pinguia
696 3943 764 3993 rura,
782 3929 879 3985 valete.
1038 3926 1111 3978 lmus
1125 3925 1160 3978 ad
1175 3924 1282 3996 ignotas
1296 3927 1501 3996 (nunquamque
1516 3923 1677 3994 redibimus)
1692 3940 1770 3982 oras.

189 4005 246 4058 Nos
262 4000 402 4072 sequimur
417 4013 539 4067 superos,
556 3998 693 4067 pereuntia
709 3998 853 4053 temnimus
868 4016 950 4068 arva;
1038 3996 1137 4065 Sicque
1152 3995 1225 4050 vium
1239 4003 1363 4065 carpunt,
1379 4003 1404 4050 et
1419 3995 1498 4066 equis
1512 3994 1633 4051 calcaria
1648 3993 1746 4066 ligurit.

189 4074 247 4129 Nos
267 4071 387 4144 fugimus
401 4078 511 4135 terram,
528 4075 553 4122 et
568 4068 630 4124 coeli
645 4084 825 4139 properamus
839 4071 873 4126 ad
885 4086 986 4127 arcem.
1074 4067 1135 4120 llox
1151 4065 1233 4136 igitur
1248 4075 1352 4136 septem
1367 4064 1459 4120 stellas
1474 4081 1507 4120 ex
1526 4066 1628 4120 aethere
1643 4082 1754 4124 summo

190 4144 338 4207 Finieraut,
354 4140 498 4211 cunctique
513 4146 591 4193 ruunt
607 4139 633 4192 iu
648 4139 738 4194 dulcia
752 4141 827 4210 pacis
1038 4136 1180 4191 Demisere
1199 4135 1264 4206 poli,
1278 4136 1377 4207 quihus
1391 4151 1446 4191 unu
1461 4136 1589 4191 nitentior
1602 4135 1659 4190 ibat

190 4214 301 4280 Oscula,
325 4219 350 4268 et
364 4211 504 4281 amplexus
518 4210 699 4281 lacrymisque
714 4210 837 4281 rigantur
850 4209 986 4283 utrinque.
1037 4209 1107 4262 llnte
1122 4205 1199 4270 alias,
1217 4221 1268 4262 nee
1282 4221 1336 4261 nou
1352 4207 1446 4261 Pboehi
1461 4206 1597 4261 nascentis
1612 4206 1734 4277 abortu,

192 4286 291 4356 Sicque
307 4290 475 4339 revertentes
490 4281 516 4335 in
532 4281 642 4351 propria
657 4289 728 4337 tecta
742 4282 897 4351 gemebant.
1038 4279 1121 4332 Ferre
1137 4277 1279 4332 videbatur
1292 4293 1418 4348 gressum
1432 4276 1467 4332 ad
1478 4275 1603 4331 sublimia
1618 4283 1691 4338 tecta

226 4357 314 4411 Bruno
329 4354 401 4423 capit
414 4352 516 4407 nullam
532 4352 613 4407 tacita
627 4352 677 4407 sub
692 4360 772 4407 nocte
787 4352 925 4424 quietem;
1001 4348 1165 4445 DPraJsulis
1180 4347 1312 4417 Hugonis,
1328 4347 1500 4428 rigidumque
1514 4346 1665 4402 ascendere
1680 4348 1789 4416 callem,

193 4427 247 4483 Sed
261 4425 368 4496 qualem
384 4424 503 4493 reperire
519 4423 608 4478 locum
622 4423 688 4494 (quo
703 4430 776 4477 tutus
791 4424 827 4478 ab
842 4423 916 4477 omui
1039 4417 1092 4486 Qui
1106 4418 1211 4474 vicinus
1226 4426 1293 4495 erat,
1310 4418 1385 4473 celso
1404 4434 1438 4473 ue
1451 4417 1610 4473 incumbere
1624 4432 1703 4475 saxo.

192 4498 232 4553 Sit
247 4496 361 4566 strepitu
375 4495 474 4566 gentis,
489 4501 651 4563 maneatque
667 4493 803 4564 latentior)
817 4508 918 4563 anceps
1037 4489 1121 4570 Talia,
1138 4505 1199 4569 curii
1214 4488 1286 4543 dulci
1296 4435 1472 4544 decumiieret
1486 4487 1532 4543 ille
1546 4503 1656 4568 sopore,

192 4568 309 4639 Cogitat,
326 4573 354 4621 et
369 4580 460 4619 secum
482 4572 583 4627 versat,
600 4565 698 4618 crebro
712 4573 791 4634 atque
807 4572 936 4619 reversat.
1039 4560 1165 4629 Suscipit.
1178 4562 1200 4613 Α
1216 4575 1312 4614 somno
1327 4568 1470 4629 postquam
1485 4566 1691 4631 expergiscitur,
1706 4574 1791 4616 cinna

191 4639 311 4694 Vertitur
327 4638 429 4691 interea
444 4635 553 4703 crolum,
569 4642 596 4689 et
610 4634 721 4689 Latonia
736 4634 852 4704 lampas,
898 4688 901 4696 ,
1039 4631 1128 4685 lleute
1143 4636 1229 4699 agitat
1242 4629 1353 4694 factum,
1369 4636 1466 4700 pensat
1478 4645 1572 4685 secum
1595 4637 1621 4683 at
1660 4645 1676 4684 e
1699 4638 1835 4700 repensat.

192 4709 341 4780 Oppositas
355 4707 441 4777 primo
457 4706 572 4761 nebulas
589 4705 729 4759 scindebat
744 4705 771 4758 in
783 4713 853 4772 ortu,
1040 4700 1112 4769 Quid
1128 4701 1198 4754 bone
1213 4699 1365 4764 rubbeus,
1383 4701 1445 4766 hoc,
1462 4699 1548 4772 inquit
1563 4699 1633 4754 mira
1652 4699 1689 4754 ile
1706 4700 1839 4772 signum?

192 4781 314 4850 Cumque
329 4779 375 4832 diu
390 4785 496 4833 orasset
511 4791 637 4846 superos,
653 4775 762 4847 arisque
776 4775 898 4830 dedisset
1040 4770 1120 4840 Quid,
1137 4786 1216 4843 rogo,
1233 4770 1396 4840 portendunt
1409 4771 1468 4825 haec
1483 4778 1586 4840 septem
1601 4770 1694 4825 sidera
1714 4770 1839 4828 mundo?

191 4851 303 4922 lilystioa
320 4866 381 4904 cum
395 4849 499 4920 gemitu
512 4846 652 4913 libamina,
668 4847 765 4917 jusque
781 4846 910 4901 llinervae
1040 4842 1126 4897 Altius
1142 4842 1200 4922 hac
1217 4840 1297 4911 igitur
1311 4841 1502 4921 dumcogitat,
1520 4841 1643 4922 imminet
1657 4840 1729 4909 urbi,

192 4923 329 4986 Pasceret,
346 4919 488 4974 ardentem
504 4917 632 4988 lychnum
649 4933 780 4987 suspensa
794 4918 913 4982 tenebat,
1040 4913 1093 4969 Sex
1108 4927 1190 4967 sociis
1205 4912 1302 4967 doctor
1315 4919 1468 4976 comitatus,
1485 4919 1512 4965 et
1526 4918 1619 4966 introit
1633 4911 1709 4968 aedes

193 4993 223 5046 lu
237 4991 350 5046 multam
365 4991 439 5045 solus
454 4989 568 5060 vigilans
583 4987 736 5069 precordia
751 4996 858 5043 noctem
876 5002 882 5040 :
1040 4981 1188 5062 Pontificis,
1206 4998 1285 5053 quem
1305 4997 1335 5037 se
1349 4980 1596 5062 secretolaffamine
1611 4981 1679 5035 dixit

193 5061 361 5132 Opprimitur
375 5076 481 5123 sumno,
498 5067 525 5114 et
539 5058 628 5128 lepido
644 5059 689 5112 dat
707 5059 828 5112 membra
843 5056 926 5113 cubili
946 5073 952 5111 :
1041 5055 1137 5110 Viscrc
1151 5052 1229 5108 velle.
1247 5055 1319 5107 lutra
1333 5053 1485 5132 penetralia
1498 5052 1605 5108 ducitur
1618 5051 1698 5108 aulae.

194 5132 350 5187 Procumhit
364 5131 505 5203 languens,
522 5138 549 5184 et
564 5145 626 5184 mox
640 5137 669 5182 ut
686 5129 787 5183 lumina
803 5128 867 5183 texit
1041 5126 1075 5179 Et
1089 5123 1202 5178 comites
1218 5123 1276 5177 seni
1291 5139 1321 5177 se
1336 5123 1477 5186 inclinant,
1493 5122 1586 5178 oscula
1601 5120 1661 5195 tigit

193 5203 323 5258 Matutine
337 5201 425 5273 quies,
441 5201 525 5257 iacies
542 5200 669 5255 incedere
683 5199 770 5254 ceriiit
1042 5194 1163 5250 Sacratis
1176 5194 1300 5248 manibus
1316 5195 1414 5258 Bruno,
1431 5193 1526 5264 sieque
1541 5193 1634 5264 incipit
1647 5208 1697 5248 ore
1714 5210 1721 5246 :

194 5272 351 5343 Angelicas,
368 5272 501 5352 labiisque
516 5271 589 5326 sales
604 5269 721 5323 miscere
735 5268 876 5324 modestis
1078 5264 1188 5321 Grande
1203 5265 1288 5320 decus
1302 5262 1376 5331 lidei,
1392 5263 1543 5319 rectissima
1558 5279 1656 5319 norma
1672 5264 1819 5343 Tarentum

193 5342 285 5400 affixit
299 5344 391 5398 nitidae
407 5343 468 5396 lidei
484 5340 625 5413 signacula
640 5338 731 5404 lrouti,
1042 5337 1132 5408 llugo.
1147 5336 1180 5390 ab
1195 5335 1266 5405 olym
1288 5334 1354 5390 iacis
1368 5334 1461 5390 moniti
1477 5350 1527 5404 per
1541 5334 1645 5388 somnia
1660 5333 1747 5401 divis,

195 5418 284 5485 Atque
299 5414 334 5469 ait
352 5430 357 5468 ε
376 5413 409 5475 Ο,
431 5413 477 5466 tali
493 5429 553 5482 quai
569 5427 618 5466 vos
633 5410 684 5463 sub
697 5408 817 5479 imagine
832 5408 919 5476 sertis,
1042 5407 1172 5462 Venimus
1180 5407 1233 5460 buc
1243 5352 1286 5460 axiJ
1285 5412 1561 5476 te,nostramquoque
1570 5404 1838 5475 pandimusomnem,

195 5486 353 5540 (laudentes
373 5483 480 5547 anima,
513 5499 564 5563 per
585 5481 704 5536 maxima
736 5488 842 5604 sceptra
864 5479 992 5537 Tonantis
1043 5475 1136 5557 Quum⁸
1148 5477 1241 5547 superi
1256 5477 1370 5547 tetigere
1384 5490 1435 5530 suo
1449 5475 1605 5556 spiramine,
1622 5482 1753 5532 mentem.

195 5554 308 5624 aduro,
324 5568 340 5609 a
354 5552 456 5626 Stygiis
470 5561 535 5609 estis
549 5551 594 5607 vel
608 5551 699 5608 missae
713 5550 747 5605 ab
762 5550 894 5622 cympoi
1042 5548 1149 5604 Terruit
1163 5547 1299 5603 horrendo
1313 5562 1364 5601 iios
1377 5560 1484 5602 summu
1497 5553 1618 5618 potentia
1630 5555 1766 5618 monstro,
