3750 5984
117 268 187 323 titt
541 268 724 327 subnuba.
739 298 776 312 -
791 268 960 332 ttsutsrttt
978 271 1156 331 trunsum
1171 226 1338 332 starum.
1697 242 1766 330 ttttb

122 397 246 463 petuum,
261 390 321 448 sine
344 407 393 464 spe
421 392 511 466 aliqua
525 393 686 465 rehabendi,
710 395 875 467 approbatur
891 396 954 457 etA
968 397 1127 469 scapulariis
1149 414 1224 455 more
1242 399 1450 468 monachorum,
1467 414 1608 458 conuersae
1618 412 1685 456 vero
1698 413 1764 467 non,

118 477 306 536 confirmatur.
968 486 1136 557 approbatur
1150 496 1176 544 et
1200 487 1387 546 confirmatur.

158 569 203 622 ll.
230 567 364 624 statutum
388 569 461 641 quod
480 569 613 627 moniales
640 570 759 627 habeant
789 571 868 626 vittas
890 571 919 627 in

924 864 961 936 X

749 1011 906 1069 suarum
933 1012 1021 1067 nuru
1050 1015 1131 1070 rasa.

155 1139 181 1191 1.
198 1138 279 1192 Anno
295 1138 373 1194 1³32.
398 1134 451 1206 Qui
464 1151 518 1192 non
534 1134 648 1193 iecerint
663 1149 804 1192 carcerem
830 1135 858 1191 in
872 1136 918 1192 do·
969 1138 1003 1192 ad
1019 1136 1210 1209 requirendum
1225 1136 1349 1209 priorem
1370 1136 1484 1193 electum
1499 1135 1627 1192 exterius.

119 1223 211 1280 uuus
227 1223 285 1280 suu
298 1223 366 1280 auru
385 1224 536 1297 primorum
561 1223 728 1280 visitatorum
757 1224 915 1293 adventum,
1001 1246 1026 1298 a.
1044 1242 1204 1314 Quicunque
1217 1242 1412 1314 indisciplinati
1433 1243 1476 1298 ver
1497 1240 1767 1298 contentiosarum

116 1311 145 1367 5¹¹
169 1312 261 1369 silium
275 1312 391 1384 θθΡῙῑῦῙθ
406 1311 527 1385 generali
542 1312 660 1369 clamem
681 1312 860 1383 enlpflssms·
965 1331 1002 1386 im
1019 1332 1162 1404 colloquiis
1187 1331 1310 1403 proferre
1337 1331 1437 1387 suerint
1452 1330 1565 1397 assueti,
1583 1331 1618 1386 ad
1645 1329 1768 1401 priorum

151 1405 178 1460 ²·
200 1403 281 1459 Fessla
309 1402 493 1472 ⁸P⁰S²0¹⁰fflm
521 1402 593 1458 Petri
621 1408 647 1458 ⁰²
677 1401 763 1467 pauni
791 1400 913 1467 J⁰³¹¹¹¹i³³
966 1436 1076 1475 suorum
1095 1420 1235 1475 arbitrium
1250 1435 1266 1475 a
1280 1419 1423 1491 colloquiis
1437 1419 1622 1476 excludantur.

114 1488 378 1562 ¹³⁰⁰b1¹¹¹fi¹¹⁸q¹¹02
401 1490 527 1559 Afldleaer
558 1488 683 1562 Philippi»
709 1489 829 1555 Th0mae2
845 1491 913 1544 Bal·
1000 1510 1143 1580 Nunquam
1155 1509 1235 1564 radat
1248 1509 1400 1565 monachus
1423 1508 1554 1580 deinceps
1584 1506 1619 1562 ad
1634 1504 1765 1579 generale

116 1576 264 1645 tholomaei,
296 1577 421 1642 blattbaei,
452 1577 571 1634 Simonis
594 1586 620 1632 et
642 1576 728 1645 Judae,
748 1584 774 1633 et
796 1578 913 1649 llatlriae,
965 1596 1112 1668 capitulum
1135 1613 1198 1653 eum
1221 1597 1321 1668 priore,

116 1673 234 1738 quatuor
253 1665 491 1738 evangelistarum,
508 1672 679 1739 quatuorque
702 1666 854 1733 doctorum,
872 1684 915 1722 se·

116 1753 172 1809 mel
185 1753 213 1808 in
227 1768 298 1808 auno
313 1769 375 1810 oum
398 1753 516 1826 capitulo
541 1753 721 1820 celebrentur,
748 1769 798 1810 neo
813 1754 848 1809 ob
863 1754 914 1811 boc

116 1840 234 1913 amplius
248 1841 326 1897 solito
346 1850 454 1898 cessent
469 1858 486 1898 a
499 1842 627 1917 negotiis,
643 1841 686 1898 vel
701 1843 849 1898 asceudant
868 1859 914 1898 su·

113 1930 207 2003 parius
221 1929 249 1985 in
273 1930 401 2002 operibus
416 1932 553 2003 occupati.

150 2021 177 2075 3.
193 2018 304 2074 Priores
317 2019 422 2075 ordinis
438 2027 547 2091 portent
571 2018 672 2093 ubique
701 2018 781 2075 fissos
810 2019 912 2075 sotula-

114 2122 170 2173 res
195 2121 297 2179 cappas
321 2107 440 2164 totaliter
467 2108 579 2182 nigras3
596 2109 667 2164 inter
689 2108 916 2165 duolinteamina
1214 2176 1220 2186 ⁵
1289 2176 1294 2189 ι
1336 2176 1341 2188 Ι
1476 2175 1483 2188 ⁹
1628 2173 1633 2185 Ι

114 2210 170 2253 non
190 2195 308 2265 jaceam,
337 2213 426 2270 neque
437 2197 492 2253 duo
520 2196 674 2252 ministrem
688 2196 851 2268 hospitibus,
864 2213 915 2254 Μ
1001 2182 1027 2232 tl.
1044 2178 1152 2232 Priores
1171 2177 1222 2232 sibl
1238 2178 1272 2232 ad
1288 2192 1404 2233 munem
1429 2175 1592 2242 scribentes,
1608 2175 1699 2232 droant
1712 2175 1767 2229 Pa-

114 2299 235 2356 unquam
249 2285 314 2341 deut
327 2286 360 2340 ad
376 2301 499 2342 mensam
519 2284 570 2341 nisi
600 2286 653 2341 duo
677 2284 781 2342 fercula
796 2285 830 2342 ad
854 2286 915 2358 plus
966 2267 1005 2323 iri
1019 2267 1175 2322 videmini
1188 2265 1232 2322 “³¹
1260 2266 1373 2323 dimili·

114 2379 178 2446 post
197 2374 353 2447 coquinam.
1003 2378 1045 2429 l0.
1062 2373 1170 2429 Litterae
1193 2373 1227 2428 de
1249 2372 1378 2428 vocandis
1398 2371 1539 2427 monachis
1561 2368 1655 2426 aliisue
1669 2383 1766 2442 perso·¹

149 2462 176 2516 t.
193 2461 341 2519 llonaohus
355 2478 372 2519 a
385 2462 622 2520 confirmatoribus
633 2460 760 2534 eligatur,
775 2463 821 2537 qui
836 2462 916 2519 vadat
966 2462 1009 2518 nis
1025 2461 1140 2529 ordinis,
1152 2461 1225 2516 ultra
1247 2461 1392 2517 triennium
1406 2460 1474 2516 nibil
1488 2460 1588 2516 valent.

999 1706 1026 1759 7.
1044 1703 1151 1759 Priores
1162 1711 1189 1760 et
1216 1703 1309 1759 vinarii
1333 1702 1504 1759 dominarum
1536 1700 1680 1775 legendam
1714 1697 1766 1753 sibi

968 1800 1121 1862 procurent,
1139 1808 1199 1864 quae
1226 1791 1328 1864 legitur
1351 1792 1379 1846 in
1396 1791 1541 1848 Cartbusia
1557 1790 1585 1845 in
1612 1787 1724 1846 Octobri
1740 1793 1767 1842 st

967 1896 1016 1951 per
1029 1889 1153 1936 octavam
1169 1881 1357 1937 Eucharistiae.

1002 1987 1169 2043 8.llonncl1i
1191 1987 1279 2043 vocati
1308 1987 1344 2042 ad
1358 1986 1454 2042 domos
1469 2000 1562 2051 novas,
1592 1982 1693 2039 ibidem
1707 1989 1765 2037 sta-
1831 2044 1836 2050 ‚

925 2107 951 2167 B
967 2076 1015 2130 tim
1030 2075 1216 2147 profiteantur.

116 2596 1766 2637 m

729 2774 1151 2908 ADDENDA

817 3081 917 3139 anuo
935 3083 1063 3157 uequ

306 3283 857 3431 MAGISTER
939 3282 1576 3430 LAMBERTUS

681 3584 684 3591 ·
712 3578 1156 3666 crunnusruusrs

386 3812 625 3926 DOMUS
670 3812 1230 3943 SQUILLACENSIS
1273 3812 1496 3927 PRIOR

814 4152 1062 4242 NOTITIA.

264 4360 431 4431 (Minimus,
448 4362 554 4418 Annei.
572 4362 685 4427 Bened„
703 4369 769 4418 tom.
788 4360 831 4433 Vl,
848 4361 895 4419 lib.
911 4378 1011 4431 ursui,
1028 4378 1055 4419 n.
1072 4366 1117 4431 92,
1143 4379 1177 4420 ex
1191 4361 1303 4419 archivo
1319 4362 1471 4419 carthusiae
1487 4362 1607 4434 Maioris.

144 4504 175 4559 ln
190 4505 325 4574 Calabria,
342 4523 403 4563 eum
418 4506 445 4583 iu
460 4507 542 4564 domo
558 4507 739 4579 squillacensi
753 4525 804 4580 per
819 4506 978 4565 annosiore
994 4509 1188 4580 septemdecim
1209 4509 1307 4580 prioris
1329 4525 1377 4565 seu
1400 4509 1525 4583 magistri
1539 4510 1591 4581 (sic
1613 4508 1685 4567 enim
1706 4516 1764 4564 turn

107 4574 272 4632 vocabantur
285 4578 437 4648 praepositi)
454 4595 552 4633 suanus
568 4588 641 4635 recte
664 4578 796 4652 gessisset
819 4579 955 4635 Laeuinus
976 4580 1030 4636 boe
1045 4597 1116 4636 anno
1131 4583 1225 4650 (1111))
1241 4581 1393 4636 decessisse
1408 4590 1583 4637 memoratur.
1599 4582 1698 4638 Beatus
1711 4595 1763 4651 ap-

109 4646 227 4717 pellatur
241 4647 386 4714 Lanmnus,
403 4649 480 4717 cujus
494 4649 616 4737 reliquiae
630 4665 691 4705 cum
704 4649 825 4721 reliquiis
840 4650 868 4704 S.
886 4651 1020 4707 brunonis
1034 4652 1186 4722 permistim
1201 4652 1339 4707 asservari
1354 4653 1488 4708 dicuntur.
1506 4652 1571 4721 Ejus
1586 4666 1728 4707 successor
1747 4665 1764 4705 a

109 4718 248 4772 nonnullis
268 4719 378 4789 ponitur
400 4718 532 4791 magister
552 4722 699 4785 beclrerus,
724 4720 758 4774 ab
781 4720 841 4775 aliis
864 4721 1034 4787 humbertus,
1059 4723 1105 4792 qui
1128 4722 1232 4793 primus
1248 4730 1347 4777 statuta
1363 4723 1449 4778 edidit
1462 4732 1515 4778 tam
1527 4738 1578 4793 pro
1592 4721 1764 4781 anachoretis

108 4804 190 4862 quam
204 4804 256 4861 pro
269 4788 411 4845 coenobitis
425 4789 471 4862 qui
484 4791 618 4847 Mentouri
633 4791 703 4846 haud
717 4790 800 4864 louge
814 4807 831 4847 a
845 4791 984 4862 Squillaeo
996 4792 1026 4847 in
1041 4792 1070 4849 S.
1087 4793 1217 4865 Stephani
1232 4794 1399 4850 monasterio
1412 4794 1559 4866 degebant.

367 5044 705 5156 MAGISTRI
748 5047 1116 5156 LAMBERTI
1160 5047 1500 5160 STATUTA.

622 5235 762 5303 (Maurum,
778 5235 859 5301 ibid,
875 5241 941 5292 tom.
968 5235 1011 5299 v1,
1029 5250 1092 5307 app.
1118 5252 1145 5308 p.
1172 5236 1247 5308 638.)

140 5353 180 5408 lte
194 5354 384 5411 anachoretis.
401 5355 434 5413 Ut
448 5355 487 5411 illi
509 5357 543 5412 de
570 5356 647 5413 cellis
673 5358 805 5428 jejunium
819 5359 905 5414 eonti-
964 5367 1049 5414 tutum
1063 5368 1104 5415 est
1128 5360 1265 5416 silentium
1288 5359 1385 5428 teneri,
1400 5358 1468 5415 sieut
1490 5359 1519 5415 in
1535 5360 1706 5433 regularibus
1720 5368 1763 5417 te-

104 5457 188 5497 nuum
203 5449 230 5497 et
249 5441 406 5499 continuum
427 5451 535 5501 teneant
558 5444 704 5517 silentiam,
725 5447 794 5504 sieut
808 5446 906 5503 melius
963 5456 1041 5506 uetur
1060 5449 1232 5504 monasteriis
1259 5449 1287 5504 in
1315 5446 1543 5521 Quaquesima,
1571 5449 1698 5508 uidelicet
1715 5466 1763 5509 se-

103 5530 248 5588 tenobatur
265 5530 293 5586 in
312 5531 411 5589 diebus
424 5534 548 5606 magistri
562 5536 706 5592 Brunonis.
963 5539 1061 5607 cunda,
1093 5545 1188 5610 quarta
1214 5546 1242 5594 et
1264 5545 1342 5594 sexta
1364 5535 1442 5593 teria.

139 5621 194 5676 Pro
208 5620 364 5679 caecutis.
376 5620 407 5677 In
421 5620 545 5679 inferiori
559 5630 650 5681 auum
664 5624 790 5682 coenobio
804 5627 905 5683 consti·
1002 5626 1073 5686 ltem
1087 5642 1139 5701 pro
1149 5627 1339 5687 anachoretis.
1354 5625 1383 5683 Si
1398 5625 1425 5682 in
1441 5624 1565 5683 Adventu
1579 5626 1695 5684 Domini
1704 5626 1774 5678 diua
