3750 5984
88 245 140 301 ΞΗ
391 243 581 303 axrostalo
599 246 637 303 nt
655 245 845 305 ltr’1sr0tas
863 246 977 306 Plau.
990 278 1025 293 -
1039 251 1077 308 ΙΝ
1094 248 1204 309 EPIST.
1224 253 1250 310 ll
1267 254 1316 310 ab
1334 253 1417 314 COR.
1682 262 1736 319 242

89 365 193 422 siderio
220 374 392 424 terrenorum
415 369 630 442 ingemiscimus.
656 370 736 442 Quod
763 371 802 428 ita
825 371 864 428 ait
880 373 924 434 :A
940 388 1015 429 mum
1035 374 1087 432 hoc
1114 376 1276 434 beneficium
1300 380 1450 451 promeruit
1466 400 1472 437 :
1488 381 1609 456 gessisse
1638 382 1735 440 dicitur

90 455 150 510 Nos
164 454 210 527 qui
224 471 319 512 sumus
333 457 361 512 in
375 458 549 515 tabernaculo
566 459 629 527 isto,
644 459 671 514 id
694 468 736 516 εει
758 460 787 514 in
809 475 891 517 carne
941 470 1066 518 mortuus
1089 465 1162 536 quod
1176 466 1221 522 vel
1249 468 1381 540 disposuit
1403 469 1471 538 lieri,
1502 469 1545 527 vel
1572 472 1732 544 promeruit.

91 543 146 598 ista
160 559 242 617 quam
257 546 402 616 nutrimus,
417 546 482 603 licet
496 548 601 621 gravati
621 548 693 605 mole
721 549 801 619 hujus
827 564 890 605 car-
941 548 1011 620 Quia
1026 568 1122 609 omnes
1137 561 1200 610 ante
1223 556 1342 612 tribunal
1363 559 1462 614 Christi
1476 559 1711 617 manifestabimur
1726 578 1734 619 τ

91 631 146 699 nis,
163 640 252 688 ιειιιειι
268 633 474 706 ingemiscimus
490 651 522 692 eo
538 637 621 708 quod,
636 637 665 693 irl
687 637 809 708 estideo,
827 637 892 709 quia
940 655 1004 711 erpo
1018 644 1141 699 scientes
1164 643 1313 702 timendum
1328 662 1389 702 esse
1412 648 1567 716 Dominum,
1584 651 1734 708 somnum

90 719 219 777 uolumus
234 722 381 794 exspoliari
396 724 552 780 carnalibus
565 725 625 780 istis
642 741 649 781 τ
665 725 714 781 sed
731 725 820 782 subito
834 724 891 783 rel·
941 727 1100 786 hominibus
1109 732 1239 789 timorem
1248 735 1371 802 Domini,
1381 743 1410 791 ut
1425 736 1460 792 do
1475 744 1623 809 conspectu
1635 738 1736 806 iudicis

91 809 183 865 lemus
198 811 375 882 supervestiri
394 811 593 869 immortalitate
609 822 672 881 :·ut,
686 814 760 886 quod
775 813 890 870 mortale
938 815 1059 872 referant
1086 817 1197 875 bonum.
1237 820 1396 893 Opponeret
1429 824 1455 879 ei
1493 825 1592 898 aliquis
1608 841 1614 880 :
1632 825 1736 883 Suades

91 905 145 965 est,
168 898 346 955 absorbeatur
360 901 442 956 avita
459 916 465 955 :
482 903 534 959 hoc
548 918 602 958 non
626 909 754 958 mutatur.
778 902 812 957 Et
826 901 890 959 licet
939 903 992 959 hoc
1006 914 1126 961 nontam
1146 908 1182 964 ad
1209 908 1350 966 utilitatem
1371 912 1520 980 hominum,
1547 922 1676 985 quantum
1700 914 1736 970 ad

90 985 303 1058 ingemiscamus
318 1002 413 1045 amore
436 996 616 1061 terrenorum,
645 998 735 1046 tamen
750 990 824 1047 Deus
847 999 890 1048 est
938 994 1201 1052 commendationem
1239 1005 1323 1053 tuam.
1355 999 1454 1055 Contra
1480 1001 1533 1057 boc
1556 1001 1594 1056 ait
1610 1020 1617 1057 :
1633 1002 1738 1059 Suade-

93 1073 232 1147 quieilicit
246 1075 274 1130 in
298 1076 351 1132 hoc
383 1077 483 1148 ipsum,
505 1086 534 1133 ut
563 1079 704 1150 cupiamus
729 1079 888 1151 superindui
938 1096 1000 1136 mus
1016 1081 1056 1138 sic
1070 1082 1227 1140 hominibus
1243 1103 1250 1139 :
1266 1088 1321 1143 Deo
1335 1091 1432 1143 antem
1455 1105 1553 1145 snmus
1576 1092 1734 1162 manifesti,

88 1163 257 1220 habitatione
272 1181 333 1236 quae
347 1164 382 1221 de
401 1165 471 1221 coelo
486 1174 544 1222 cst:
560 1175 751 1239 proponentes
767 1168 889 1224 coelestia
939 1184 992 1241 qua
1014 1170 1162 1227 intentione
1186 1173 1342 1245 suademus,
1372 1192 1420 1232 seu
1447 1177 1554 1233 utilitati
1582 1178 1733 1250 hominum,

88 1252 208 1307 terrenis
221 1268 227 1307 :
240 1254 313 1308 Deus
327 1253 389 1310 dico
413 1253 527 1326 quinos
547 1271 612 1312 vere
632 1255 730 1312 efficiet
746 1256 888 1313 immorta-
938 1273 987 1313 seu
1009 1260 1236 1316 commendationi
1261 1270 1370 1319 nostrae.
1386 1264 1445 1320 Nec
1472 1265 1560 1320 solum
1588 1267 1646 1323 Deo
1663 1285 1669 1321 :
1686 1266 1736 1324 sed

87 1339 141 1395 les.
158 1339 238 1409 Quod
249 1357 281 1397 ex
296 1357 329 1397 eo
341 1342 417 1398 credi
432 1350 540 1415 potest:
556 1346 622 1417 quia
641 1345 718 1402 dedit
730 1347 785 1415 jam
809 1346 888 1404 noth
938 1345 1020 1401 etiam
1032 1363 1113 1419 spero
1127 1365 1178 1404 nos
1188 1351 1421 1423 essemonitestos
1435 1354 1467 1407 in
1481 1355 1662 1412 conscientiis
1675 1372 1735 1413 oes-

87 1430 339 1502 pipnnsspr'ritus,
355 1429 438 1486 idest
462 1430 591 1502 Spiritum
620 1441 753 1504 sanctum,
785 1436 831 1506 qui
846 1441 888 1490 est
940 1436 993 1490 tris
1008 1454 1017 1490 .·
1033 1435 1097 1508 quia
1111 1444 1137 1492 et
1159 1437 1181 1492 si
1203 1453 1252 1494 ore
1277 1439 1311 1495 de
1339 1439 1419 1496 nobis
1443 1440 1614 1509 maledicitis,
1642 1451 1736 1501 tamen

86 1517 175 1573 arrha
188 1525 215 1572 et
228 1517 392 1590 principium
411 1519 631 1588 immortalitatis,
661 1539 742 1594 quam
765 1521 888 1595 perficiet
938 1521 1010 1578 intus
1031 1523 1235 1597 nobismetipsis
1253 1527 1323 1583 bene
1352 1528 1469 1585 sentitis.
1489 1530 1524 1585 Et
1536 1531 1588 1587 hoc
1612 1530 1735 1588 dicentes

86 1606 117 1661 in
133 1605 223 1662 nobis.
239 1607 275 1661 Et
291 1607 353 1679 quia
367 1609 440 1663 Deus
455 1607 538 1665 elficit
549 1625 600 1665 nos
613 1610 640 1665 in
654 1612 706 1668 hoc
721 1611 819 1683 ipsum,
832 1612 887 1684 igi·
938 1611 1010 1681 quod
1026 1611 1162 1669 manifesti
1186 1613 1271 1669 simus
1286 1615 1344 1671 Deo
1372 1624 1399 1673 ει
1422 1618 1596 1674 conscientiis
1611 1619 1710 1675 vestris
1727 1635 1733 1675 :

87 1703 136 1750 tur
149 1695 283 1751 audentes
311 1695 453 1752 audemus.
474 1698 614 1754 Audentes
628 1699 815 1756 assiduitatem
833 1716 886 1756 no·
900 1715 995 1788 Boon
1010 1700 1117 1757 iterum
1129 1701 1211 1771 (sicut
1225 1702 1252 1757 in
1267 1703 1319 1758 alia
1333 1704 1450 1774 epistola
1468 1707 1643 1780 opposuistis)
1656 1724 1734 1765 com·

86 1790 127 1838 tat
144 1784 296 1839 :audemus
311 1784 339 1839 in
354 1785 450 1841 eodem
465 1794 527 1842 actu
546 1786 635 1843 adhuc
659 1803 720 1843 esse
741 1788 886 1860 signiticat.
938 1788 1106 1845 mandamns
1121 1806 1171 1845 nos
1185 1791 1280 1847 vobis·
1295 1792 1343 1847 sed
1359 1793 1449 1863 potuis
1464 1794 1565 1851 domus
1577 1796 1735 1854 vebisocco·

87 1871 244 1938 Audentes,
255 1872 376 1946 inquam,
392 1890 502 1946 semper
512 1875 755 1933 etbeneseientes.
768 1874 886 1946 Quidam
937 1877 1056 1943 sienem,
1073 1876 1153 1933 idest
1175 1879 1404 1950 opportunitatem
1425 1883 1567 1954 gloriandi
1575 1900 1627 1955 pro
1641 1884 1731 1953 nebia

87 1959 163 2015 enim
178 1961 279 2016 audent
294 1962 366 2034 quod
379 1963 502 2019 nesciunt
519 1981 525 2017 :
541 1963 629 2019 sciunt
641 1965 712 2036 quod
723 1965 886 2038 quaudoque
936 1964 1076 2035 magistris
1090 1966 1202 2021 vestris.
1222 1968 1252 2022 ln
1267 1968 1427 2025 excellentia
1441 1971 1514 2026 enim
1527 1972 1653 2044 magistri
1662 1988 1734 2043 prae·

90 2048 124 2105 1
134 2047 209 2105 '13
227 2066 280 2105 non
296 2050 405 2106 audent.
416 2052 473 2106 Nos
488 2051 581 2124 utique
597 2068 707 2124 semper
720 2053 851 2109 audentes
861 2061 887 2110 et
937 2052 1033 2108 cellitis
1047 2053 1125 2110 alios.
1140 2055 1193 2110 Pro
1217 2056 1297 2111 nobis
1324 2057 1395 2124 dico,
1415 2058 1453 2113 ita
1467 2062 1501 2114 nt
1527 2059 1654 2118 habentis
1670 2060 1735 2134 quid

87 2136 431 2210 scientesquoniomdum
442 2141 637 2197 sumusinhoe
644 2141 751 2197 mortali
760 2158 884 2215 corpore,
936 2142 1124 2211 respondeatis
1136 2147 1239 2201 contra
1255 2160 1301 2201 eos
1314 2147 1363 2218 qui
1375 2147 1537 2218 glorientur
1559 2149 1591 2203 in
1606 2150 1689 2218 secie,
1705 2149 1733 2206 id

85 2228 315 2301 peregrinamur,
330 2228 410 2284 idest
424 2245 609 2301 separamurn
623 2231 886 2304 Domino.Peregri·
936 2237 978 2284 est
993 2229 1020 2284 in
1035 2229 1123 2286 oculis
1144 2231 1284 2287 hominurn
1300 2236 1348 2289 :et
1358 2250 1417 2291 non
1439 2234 1593 2307 gloriantur
1606 2239 1638 2293 in
1651 2239 1733 2295 corde

85 2331 140 2371 nus
154 2316 253 2372 dicitur
268 2317 313 2388 qui
327 2317 413 2373 tendit
436 2317 511 2388 illuc,
527 2333 581 2391 quo
602 2319 722 2374 nondum
736 2320 861 2390 pervenit
877 2335 884 2375 ε
936 2331 986 2373 ειιε
1003 2336 1010 2386 ;
1026 2318 1074 2372 sed
1090 2319 1161 2375 male
1177 2327 1336 2392 torquentur
1349 2321 1376 2376 in
1390 2323 1500 2394 propria
1516 2324 1692 2394 conscientia,
1704 2324 1733 2382 bi

85 2405 127 2459 sie
141 2404 228 2460 sancti
243 2404 270 2459 in
286 2406 337 2462 hoc
365 2406 465 2463 mundo
491 2407 603 2462 tendunt
626 2407 660 2462 ad
689 2408 786 2475 Deum,
808 2408 885 2478 cujus
936 2414 996 2461 sunt
1011 2407 1127 2478 pseudo.
1144 2408 1213 2464 Vere
1228 2410 1456 2481 opportunitatem
1470 2411 1577 2467 habetis
1596 2412 1733 2486 gloriandi

85 2492 185 2550 taciem
206 2493 327 2549 nondum
350 2495 599 2567 apprehenderunt.
629 2496 700 2552 llere
715 2495 742 2550 in
770 2511 886 2568 corpore
934 2511 984 2566 pro
996 2494 1075 2550 nobis
1091 2513 1097 2550 :
1114 2511 1177 2551 nam
1193 2496 1324 2569 quidquid
1349 2497 1473 2566 iacimus,
1501 2498 1615 2556 iacimus
1638 2501 1683 2557 vel
1698 2502 1734 2558 ad

84 2590 229 2639 manentes
241 2583 452 2656 peregrinamur
465 2600 481 2638 a
496 2583 611 2639 Domino
625 2602 631 2639 :
643 2602 711 2640 nom
725 2584 769 2640 bic
784 2586 884 2642 ambu-
934 2582 1052 2655 gloriam
1061 2583 1120 2651 Dei,
1137 2585 1181 2640 vel
1191 2585 1226 2640 ad
1241 2585 1382 2643 utilitatem
1393 2595 1520 2644 vestram.
1538 2588 1606 2658 Quia
1621 2589 1656 2644 ita
1671 2589 1707 2644 ait
1724 2607 1731 2645 ι

86 2673 181 2727 ιειιιεε
193 2688 245 2745 per
258 2672 351 2741 fidem.
368 2673 409 2728 De
427 2679 558 2728 reautcm
574 2689 634 2745 quae
647 2688 702 2727 non
716 2672 832 2742 videtur,
849 2672 884 2728 li-
933 2672 995 2728 Sive
1009 2688 1060 2727 nos
1081 2673 1245 2730 recedimus
1264 2679 1359 2731 mente
1378 2676 1525 2733 humanam
1547 2685 1683 2745 naturam,
1703 2686 1733 2735 ιιι

85 2759 137 2816 des
149 2759 250 2817 dicitur
266 2765 313 2818 :et
327 2778 384 2818 non
401 2760 571 2816 ambulamus
583 2777 635 2833 per
648 2762 780 2834 speciem,
796 2761 823 2816 id
843 2770 884 2819 est
935 2759 1079 2816 audiamus
1092 2760 1139 2816 illa
1155 2778 1214 2833 quae
1227 2777 1282 2818 nou
1303 2762 1366 2818 licet
1379 2763 1482 2820 homini
1496 2765 1571 2838 loqui
1586 2785 1593 2835 ;
1610 2767 1666 2824 sive
1681 2781 1731 2823 nos

83 2864 238 2921 perveram
254 2849 499 2922 reioporationem.
524 2849 592 2918 Nos,
608 2849 729 2922 inquam,
753 2850 884 2907 audentes
933 2864 1033 2905 sumus
1049 2850 1144 2915 sobrii,
1158 2849 1237 2906 idest
1251 2851 1414 2923 deponendo
1435 2853 1594 2911 ebrietatem
1607 2863 1730 2913 secreto-

84 2939 219 2995 audemus
235 2955 242 2993 ε
259 2938 321 2994 licet
342 2938 434 3011 utique
451 2953 517 2996 caro
535 2946 676 3011 repugnet,
699 2947 791 2995 tamen
814 2955 883 2996 con·
933 2953 993 2993 rum
1008 2938 1060 2993 Dei
1076 2938 1188 2995 :sobrie
1200 2939 1447 2996 condescendendo
1460 2941 1609 2999 infirmitati
1618 2953 1729 3014 vostrae,

85 3035 192 3083 stanter
201 3028 394 3084 nudemusset
402 3043 463 3083 curn
476 3027 588 3083 audacia
596 3028 697 3084 ionem
705 3030 882 3086 volantatem
933 3034 963 3081 ut
979 3027 1089 3098 quando
1105 3027 1140 3083 de
1168 3027 1296 3100 conjugio
1310 3028 1486 3101 precipiebat
1513 3038 1540 3084 et
1565 3030 1728 3100 hujusmodi.

84 3117 228 3173 habemas.
246 3116 362 3186 Quidam
374 3116 445 3172 enirn
461 3116 560 3172 audent
575 3117 634 3173 sine
644 3117 715 3173 bona
725 3117 881 3173 voluntate:
932 3114 970 3184 si,
989 3115 1111 3188 inquam,
1130 3116 1215 3172 sobrii
1226 3133 1330 3184 sumus,
1342 3117 1401 3173 haee
1422 3116 1557 3173 sobrietas
1573 3118 1646 3175 vohis
1674 3119 1729 3174 uti-

85 3205 393 3279 quidambenevolunt,
411 3205 456 3278 qui
472 3213 630 3262 tamennon
652 3207 762 3262 audent.
791 3207 881 3264 llabe·
929 3203 964 3260 lis
979 3212 1033 3260 est.
1054 3205 1086 3259 lit
1110 3204 1212 3261 bonurn
1229 3212 1270 3261 εει
1283 3221 1335 3261 nos
1364 3206 1402 3261 ita
1429 3206 1535 3264 sobrios
1561 3223 1622 3263 csse
1639 3223 1646 3263 τ
1661 3223 1730 3264 nom

84 3311 156 3364 mus,
173 3295 293 3367 inquam,
315 3295 481 3351 voluntatem
497 3296 587 3369 magis
599 3296 803 3368 peregrinaris
817 3313 881 3353 eor·
931 3292 1058 3349 charitas
1075 3292 1181 3350 Christi
1204 3292 1335 3365 (etiamsi
1353 3293 1499 3366 nollemus)
1519 3300 1602 3367 serpet
1618 3312 1680 3367 nos,
1700 3303 1730 3352 ut

83 3400 150 3458 pore
167 3404 176 3440 :
191 3383 253 3457 quia
280 3392 379 3440 natura
413 3383 503 3440 carnis
525 3392 575 3452 εει,
605 3392 635 3440 ut
655 3400 793 3457 nunquam
817 3385 881 3442 velit
930 3389 1166 3453 contemperemus
1188 3397 1239 3438 nos
1258 3381 1350 3438 vobis.
1384 3382 1448 3439 Vult
1475 3383 1620 3441 ostendere
1648 3384 1729 3440 Chri·

84 3471 199 3530 dissolvi
215 3491 223 3541 ;
238 3473 301 3530 ideo
315 3473 352 3530 ait
370 3473 474 3547 :Magis
494 3473 620 3530 volumus
647 3474 768 3545 separari
784 3489 801 3529 a
815 3489 880 3531 cor·
930 3478 1001 3525 stum
1014 3470 1104 3526 solum
1117 3470 1151 3526 ad
1172 3469 1394 3540 justificationem
1408 3479 1435 3527 et
1450 3471 1564 3527 salutem
1593 3471 1727 3543 sufficere,

83 3579 162 3634 pore,
177 3566 207 3619 et
220 3567 374 3636 presentes
389 3563 428 3619 sic
447 3579 506 3620 esse
519 3562 556 3620 ad
576 3564 665 3620 Deum
680 3578 761 3635 quarn
792 3578 880 3620 rema·
930 3567 957 3615 et
973 3566 1092 3615 veterem
1111 3557 1201 3631 legem
1226 3574 1307 3631 quam
1339 3558 1459 3617 154
1481 3561 1586 3632 pseudo
1608 3561 1729 3617 nituntur

83 3642 153 3709 neie
167 3667 229 3710 cum
244 3668 360 3725 corpore
377 3668 382 3707 :
398 3668 450 3709 nec
464 3651 580 3709 Domino
602 3659 750 3724 praesentes
765 3651 833 3708 lieri.
845 3652 880 3708 Et
929 3648 1073 3715 reducere,
1089 3646 1127 3703 nil
1139 3646 1282 3720 prodesse,
1299 3648 1349 3704 sed
1362 3648 1475 3704 multum
1491 3664 1599 3720 nocere,
1615 3649 1726 3706 dicens:

83 3742 147 3799 ideo
162 3749 191 3798 ut
203 3749 353 3814 presentes
368 3742 452 3797 simus
462 3742 495 3796 ad
506 3741 660 3808 Dominum,
672 3741 878 3810 contendimus,
930 3736 1056 3792 Charitas
1071 3735 1169 3792 Christi
1189 3745 1269 3809 urget
1282 3753 1344 3805 nos,
1363 3739 1561 3795 existimantes
1580 3737 1640 3808 hcc,
1658 3754 1727 3812 quo·

84 3831 112 3888 id
127 3838 170 3886 est
185 3830 538 3904 laboramus,ptncereilti,
550 3829 680 3887 siuedum
692 3829 880 3887 adhucinhac
929 3826 1044 3881 nicmsi
1068 3841 1154 3896 unus,
1174 3824 1288 3894 scilieet,
1313 3825 1437 3881 Christus
1466 3830 1596 3884 mortuns
1618 3831 1661 3885 est
1675 3844 1727 3902 pro

82 3920 140 3977 vita
154 3921 282 3977 absentes
296 3937 390 3976 sumus
404 3935 421 3976 a
434 3921 501 3987 Deo,
519 3921 576 3976 sive
590 3935 652 3976 curn
666 3918 695 3973 in
708 3919 796 3992 gloria
806 3935 880 3993 proe·
930 3914 1097 3970 redimendis
1112 3916 1240 3972 omnibns
1250 3935 1259 3971 .·
1268 3931 1333 3987 erpo
1342 3931 1438 3972 omnes
1450 3916 1630 3973 mertuisnnt
1639 3917 1727 3991 origi·

80 4013 178 4067 sentes
193 4009 295 4065 erimus
309 4009 367 4065 Deo
378 4009 545 4076 laboramus,
561 4016 590 4063 ut
612 4009 657 4066 hic
672 4016 698 4064 et
714 4007 752 4063 ibi
766 4008 879 4080 placea—
928 4003 984 4059 nali
1000 4010 1123 4074 peccato,
1140 4020 1192 4075 per
1206 4011 1322 4059 mortem
1344 4003 1433 4060 unius.
1448 4003 1507 4060 Neo
1521 4019 1571 4076 pro
1591 4005 1644 4062 boc
1667 4005 1727 4062 solo

80 4115 144 4154 mus
159 4097 194 4154 ei.
223 4099 258 4154 Et
285 4113 398 4154 necesse
426 4097 504 4155 nobis
533 4105 574 4155 est
588 4105 617 4154 ut
644 4098 803 4169 placeamus
816 4097 877 4152 illi:
928 4098 1051 4147 mortuus
1072 4099 1114 4147 est
1146 4099 1176 4146 ut
1199 4101 1313 4163 peccato
1348 4108 1519 4149 moreremur
1535 4112 1543 4160 ς
1560 4093 1609 4150 sed
1622 4100 1653 4149 ut
1677 4109 1727 4165 per

81 4204 154 4244 nam
163 4190 284 4259 oportet,
300 4187 383 4243 idest
398 4202 511 4243 neeesse
526 4194 568 4242 est
583 4202 679 4243 ornnes
688 4203 739 4242 nos
753 4187 878 4257 monife·
928 4189 1045 4237 mortem
1060 4181 1118 4250 ejus
1138 4181 1249 4252 justitiae
1273 4181 1434 4237 viveremus.
1465 4181 1549 4250 Quod
1561 4182 1601 4238 sic
1614 4181 1649 4237 ait
1659 4197 1665 4237 :
1677 4182 1727 4238 Est

81 4278 240 4333 stertente
256 4275 384 4332 tribunat
413 4275 529 4342 Christi,
545 4274 629 4330 idest
648 4289 740 4331 coram
760 4273 877 4331 Christo.
928 4270 1052 4325 Christus
1072 4276 1257 4341 mortuuspro
1276 4270 1402 4325 omnibus
1419 4288 1425 4324 :
1442 4268 1504 4327 ideo
1519 4275 1552 4328 nt
1565 4272 1613 4345 poi
1627 4270 1726 4328 mortui

81 4366 133 4421 Per
147 4364 277 4435 tribunal,
290 4364 363 4436 quod
377 4364 458 4419 sedes
470 4363 570 4434 judicis
593 4370 644 4430 est,
671 4362 804 4432 judicium
827 4363 879 4419 de·
929 4366 992 4414 sunt
1006 4362 1166 4431 peccato,et
1181 4359 1230 4431 qui
1244 4359 1345 4414 vicunt
1357 4357 1615 4429 justitiae,jnmncn
1628 4360 1726 4415 vivont

81 4455 174 4528 signat
191 4472 197 4508 :
213 4457 247 4510 at
257 4455 446 4527 unusquisqne
457 4456 575 4524 referat,
592 4451 619 4506 id
634 4459 676 4507 est
686 4459 804 4523 reportet
813 4443 915 4509 indeD
932 4447 1111 4503 attribuentes
1131 4447 1183 4503 boc
1199 4446 1271 4518 quod
1298 4448 1401 4513 vivunt,
1426 4446 1478 4503 ribi
1501 4447 1540 4517 (ut
1566 4445 1648 4502 tiebat
1675 4445 1725 4503 sub

78 4540 197 4613 proprio
211 4540 337 4611 corporis
351 4554 425 4594 :non
441 4537 515 4610 quod
529 4535 677 4594 commissa
700 4537 797 4594 aniruae
824 4551 879 4593 uon
928 4535 1013 4592 veteri
1028 4535 1111 4608 lege),
1127 4536 1176 4591 sed
1194 4534 1284 4591 vivant
1299 4537 1335 4605 ei,
1351 4535 1379 4590 id
1400 4535 1492 4591 estad
1510 4534 1628 4608 gloriam
1656 4535 1724 4605 ejus,

80 4628 117 4684 sit
132 4628 280 4695 relatums,
292 4627 340 4683 sed
356 4626 468 4699 propria
482 4625 615 4698 corporis,
632 4625 659 4681 id
675 4634 717 4681 εει
736 4641 795 4699 quae
809 4641 878 4697 ope·
928 4626 1115 4699 quimortsms
1130 4628 1172 4680 est
1184 4640 1234 4696 pre
1249 4625 1320 4698 ipsis
1330 4631 1443 4695 peccato
1462 4622 1656 4680 mortificandis
1673 4641 1679 4679 :
1696 4627 1725 4679 et

80 4723 157 4774 ratus
171 4725 214 4773 est
228 4717 293 4772 dum
303 4715 331 4771 in
345 4730 461 4787 corpore
477 4713 551 4770 vixit.
568 4713 676 4770 deierat
690 4714 752 4770 dico
766 4713 879 4786 propria
928 4715 1089 4770 resurrexit
1110 4728 1160 4784 pro
1187 4713 1302 4781 eisdem,
1330 4720 1360 4768 ut
1374 4712 1515 4781 injustitia
1538 4718 1723 4783 resurgerent.

77 4809 167 4879 proni
174 4807 269 4879 pessit,
286 4805 310 4860 si
323 4813 414 4860 tamen
426 4811 532 4874 tempus
547 4803 678 4874 operandi
692 4802 793 4859 habuit.
811 4803 878 4857 Par·
929 4801 1044 4871 Quando
1059 4801 1169 4874 quidem
1184 4801 1212 4856 in
1223 4809 1312 4859 morte
1327 4800 1428 4857 Christi
1443 4799 1540 4856 mortui
1556 4815 1649 4856 sumus
1663 4815 1725 4873 pec-

79 4895 136 4951 vuli
150 4894 233 4964 enim,
248 4895 317 4951 sicut
332 4893 458 4966 baptizati
474 4909 524 4964 per
539 4893 624 4949 solam
652 4893 777 4966 gratiam,
794 4891 880 4948 salva·
928 4898 988 4947 cato
1004 4908 1011 4945 ι
1027 4897 1054 4945 ει
1081 4906 1114 4946 eo
1143 4897 1305 4964 resurgente
1338 4888 1535 4945 resurreximus
1554 4889 1679 4959 justitias,
1695 4889 1724 4944 id

79 4984 181 5041 buntur
196 5001 202 5040 :
220 4983 259 5040 sic
282 4983 361 5055 pueri
396 4997 452 5039 nou
481 4981 618 5052 baptizati,
647 4989 759 5053 propter
790 4981 879 5037 sulum
928 4978 1056 5052 estquis
1080 4979 1202 5036 Christus
1223 4979 1257 5034 ad
1272 4994 1381 5035 omnem
1402 4977 1623 5047 iustificationem
1647 4977 1724 5034 saffi-

79 5073 217 5147 originale
230 5071 445 5129 damnabuntur.
464 5069 574 5145 deleret
589 5071 697 5143 propria
718 5078 798 5142 prout
812 5086 878 5142 ges·
928 5069 964 5124 cit
976 5087 982 5123 :
994 5071 1090 5142 itaque
1100 5085 1150 5126 nos
1169 5085 1206 5125 cc
1222 5070 1281 5137 hoc,
1311 5076 1457 5139 postquam
1485 5067 1609 5124 Christus
1627 5084 1725 5140 passus

78 5163 123 5228 sit,
141 5163 199 5218 sice
214 5162 318 5218 bonnm
332 5159 390 5226 tuit,
407 5163 464 5217 sire
492 5161 612 5225 motum,
630 5159 701 5231 qnod
717 5158 812 5233 gessit.
829 5157 879 5214 llio
928 5164 980 5225 cst,
996 5166 1024 5213 et
1038 5156 1187 5213 resurrexit
1200 5156 1499 5223 :neminemnommnn
1516 5156 1544 5211 id
1558 5164 1610 5226 est,
1626 5171 1724 5228 appro-

78 5248 108 5305 fir
122 5249 249 5322 quaestio,
266 5258 295 5304 ut
311 5249 373 5322 quia
388 5249 433 5318 ait,
449 5257 531 5321 prout
545 5247 641 5322 gessit,
658 5248 732 5303 irrita
754 5247 879 5302 ridentur
928 5245 1053 5302 bavimus
1066 5245 1248 5302 ambulantem
1268 5244 1424 5301 secundum
1442 5260 1567 5314 cantem,
1579 5244 1607 5300 id
1617 5252 1668 5312 est,
1684 5259 1725 5299 se·

77 5355 140 5394 esse
155 5336 300 5406 beneficia,
322 5354 382 5410 quae
404 5337 470 5393 liunt
488 5353 538 5409 pro
566 5337 689 5392 mortuis.
715 5336 768 5391 Sed
783 5343 876 5391 eontra
928 5336 1046 5393 cundum
1061 5335 1186 5392 carnales
1201 5334 1269 5390 ntus
1290 5333 1392 5391 veteris
1418 5333 1497 5407 legis.
1514 5332 1650 5403 Objiceret
1667 5332 1722 5388 ille.

77 5426 242 5486 hecdicitur
258 5444 265 5482 :
282 5426 385 5500 quiesi
406 5433 527 5482 mortuus
542 5434 571 5480 ut
594 5426 647 5482 hoc
661 5439 710 5497 pro
733 5440 766 5480 eo
788 5422 877 5492 lieret,
928 5423 1021 5493 Quare
1038 5424 1073 5481 ita
1083 5423 1220 5496 improbas
1236 5423 1336 5495 legem,
1352 5438 1433 5496 quam
1448 5422 1572 5477 Christus
1586 5421 1724 5493 approba-

77 5515 123 5588 pie
137 5514 294 5583 ordinavit·,
311 5513 364 5582 vel,
381 5514 404 5572 si
414 5514 574 5572 clraritative
584 5529 672 5587 agens
682 5519 776 5570 contra
790 5511 879 5587 proxi·
929 5513 1007 5575 vitet
1022 5512 1130 5574 tenuit?
1140 5513 1239 5575 Contra
1252 5513 1304 5571 boc
1319 5511 1427 5574 Paulus.
1444 5509 1513 5583 Etsi,
1530 5510 1558 5571 id
1574 5517 1615 5575 est
1630 5525 1725 5591 quaru-
