3750 5984
83 221 136 280 aar
472 171 504 217 ‘¹
645 211 746 274 arasa
765 213 813 270 aa
830 208 1024 270 axaaurrro
1043 209 1173 273 canus.
1671 168 1736 272 'aaa

81 345 174 420 gendo
188 343 318 419 flagellat,
335 343 500 399 inflationem
515 342 703 399 detumescere
718 338 798 404 lacit3
813 344 840 392 ει
850 334 886 389 ti·
900 335 1021 407 Adium,
1038 339 1155 410 proditio
1168 358 1175 406 ς
1191 338 1280 395 loedus
1296 339 1364 410 ipsa,
1379 348 1507 395 eruentus
1523 347 1549 394 et
1564 339 1687 396 dolosus.
1702 340 1737 397 Et

84 449 153 501 mor,
180 433 246 488 dum
275 433 352 504 quasi
389 430 520 487 minando
548 429 692 497 excruciat,
720 427 831 483 inanem
857 423 903 478 in·
937 424 1047 483 difficile
1062 428 1172 500 quidem
1187 427 1243 484 imo
1261 426 1472 500 impossibilem
1488 436 1668 498 rumperetur,
1685 427 1737 483 nisi

83 527 174 577 mente
190 520 382 576 exaltationem
398 519 505 592 premit.
525 520 619 590 ltaque
632 532 720 574 causa
734 523 774 571 est
789 512 886 568 multo·
938 515 1002 586 qnia
1016 515 1062 570 ubi
1073 516 1220 572 abundavit
1235 515 1383 583 delictum,
1404 516 1645 588 superabundavit,
1661 516 1688 570 in
1703 531 1736 572 ec

87 608 138 663 ties
153 607 266 665 scientia
289 616 316 663 et
332 608 463 680 cognitio,
486 605 631 672 elationis;
648 606 696 660 sed
712 611 753 660 est
768 601 846 658 dolor
860 607 888 657 ει
938 611 964 658 ει
977 603 1076 676 gratia.
1093 605 1164 659 Nam
1187 605 1245 660 haee
1260 605 1319 674 ejus
1346 612 1456 675 peccata
1480 612 1577 671 erant,
1604 604 1736 671 incestus,

83 697 164 753 timor
182 713 292 768 semper
307 712 388 752 causa
402 695 545 766 profundae
569 693 736 768 humilitatis.
754 693 845 762 ltaque
858 688 887 743 in
938 692 1098 761 crudelitas,
1114 701 1140 747 et
1155 693 1244 747 dolus.
1258 692 1312 747 Sed
1327 692 1372 747 ubi
1387 693 1532 748 abundavit
1544 693 1675 760 ιιιεεειιιε,
1692 709 1738 748 su·

85 786 174 857 primo
189 785 236 841 illo
247 784 430 840 meditationis
444 783 536 851 modo,
553 782 631 855 quasi
645 780 735 838 cernis
750 779 886 852 quandam
939 779 1136 850 perabundavit
1159 780 1308 846 munditia;
1323 780 1370 835 ubi
1403 780 1548 836 abundavit
1574 780 1733 849 crudelitas,

84 873 231 929 mariarum
247 872 356 939 lucem;
373 872 400 927 in
415 874 467 928 hoo
483 871 604 928 secundo
633 869 777 942 quemdam
796 864 887 921 maxi·
938 868 1170 938 superabundavit
1199 869 1305 939 pietas;
1322 869 1552 939 superabundavit
1580 877 1606 925 ει
1630 868 1738 940 simpli-

85 978 161 1017 mum
183 960 267 1016 sentis
292 960 412 1018 calorem
429 976 436 1014 t
453 967 479 1016 et
505 959 608 1016 idcirco
637 957 727 1013 statim
742 964 887 1028 postquam
937 955 1006 1010 citas
1020 956 1156 1026 puritatis,
1167 957 1213 1011 ubi
1224 957 1369 1012 abundarit
1380 957 1458 1012 dolus
1472 956 1645 1029 proditionis.
1657 958 1738 1014 Certe

87 1049 235 1122 diligenter
252 1049 403 1105 intenderis
427 1047 477 1117 illi,
499 1047 608 1103 intende
626 1062 681 1101 non
709 1043 807 1100 minori
823 1041 886 1098 dili·
939 1043 1154 1114 multiplieantur
1168 1061 1251 1116 super
1265 1061 1407 1101 numerum
1422 1044 1469 1117 qui
1482 1045 1550 1101 tales
1565 1055 1636 1113 sunt,
1654 1046 1737 1102 sive-

86 1138 179 1210 gentia
193 1145 220 1193 et
248 1137 302 1200 isti,
319 1144 349 1192 ut
377 1136 400 1191 si
427 1135 497 1192 forta
520 1134 665 1208 inquinasti
680 1134 707 1188 in
730 1132 777 1187 illo
802 1130 886 1202 pedes
939 1130 1021 1186 limus
1036 1130 1121 1204 (quod
1137 1139 1225 1188 tamen
1241 1149 1296 1189 non
1311 1133 1468 1204 possumus)
1483 1149 1613 1190 revocare
1627 1134 1661 1188 ad
1675 1150 1738 1190 me·

87 1234 159 1294 tuos,
175 1225 202 1279 in
217 1224 269 1281 isto
299 1239 408 1296 quoque
422 1224 498 1280 laves
518 1239 576 1279 eos.
601 1223 713 1287 Verum,
735 1220 805 1276 sicut
826 1219 886 1289 pri·
938 1220 1052 1274 moriam
1065 1221 1209 1278 universos
1222 1236 1336 1292 quorum
1364 1221 1520 1278 misericors
1535 1222 1609 1278 Deus
1635 1229 1661 1278 et
1676 1222 1738 1294 pius

88 1329 150 1368 mus
165 1312 210 1369 ille
224 1312 323 1368 modus
337 1312 442 1386 indiget
455 1311 507 1368 isto
536 1310 667 1375 secundo,
683 1326 718 1365 ne
733 1305 814 1363 nimis
827 1307 887 1362 ina·
939 1308 1050 1364 remittit
1069 1308 1234 1382 iniquitates,
1259 1308 1326 1382 tegit
1345 1319 1477 1381 peccata,
1493 1310 1608 1366 abluens
1641 1319 1739 1378 cos,et
1769 1377 1771 1381 .

84 1401 154 1456 niter
168 1417 218 1473 per
233 1408 365 1456 tumorem
390 1399 514 1456 elationis
537 1399 644 1471 erigat,·
658 1398 695 1452 ita
710 1396 886 1451 nihilominus
935 1396 1108 1466 justificans,
1125 1412 1159 1453 ac
1187 1395 1361 1453 sanctificans
1390 1397 1417 1451 in
1442 1397 1542 1469 Spiritu
1572 1406 1677 1455 sancto.
1693 1399 1738 1457 Sic
1815 1422 1828 1441 ·

88 1497 115 1545 et
128 1489 180 1545 iste
195 1489 333 1546 secundus
348 1488 452 1562 indiget
467 1487 584 1560 quodem
598 1486 689 1553 tertio,
706 1501 740 1540 ne
750 1485 831 1539 nimis
845 1483 888 1538 le·
938 1485 988 1552 sic,
1005 1493 1136 1556 quantum
1152 1486 1233 1540 distat
1253 1493 1329 1542 ortus
1345 1486 1380 1540 ab
1407 1485 1560 1554 occidente,
1576 1486 1658 1560 longe
1674 1486 1738 1545 lecit

88 1577 195 1632 tbaliter
206 1593 255 1649 per
264 1578 408 1633 horrorem
418 1574 617 1647 desperationis
628 1574 746 1643 dejiciat.
759 1573 829 1642 Quia
837 1571 889 1644 igi-
938 1573 973 1627 ab
988 1574 1028 1628 eis
1044 1573 1200 1646 iniquitates
1214 1589 1318 1639 eorum,
1343 1590 1449 1646 ponens
1463 1574 1490 1628 in
1506 1573 1546 1630 eis
1575 1575 1676 1631 bonurn
1691 1575 1738 1631 ubi

88 1673 133 1720 tur
142 1665 209 1720 nibil
218 1665 244 1720 in
252 1666 305 1721 hoc
315 1664 436 1720 secundo
445 1662 627 1720 meditationis
637 1662 719 1717 modo
730 1670 786 1727 tua,
802 1659 924 1743 o,qui13
938 1669 996 1717 erat
1010 1661 1121 1728 malum,
1136 1662 1183 1718 ubi
1206 1662 1334 1732 injustitia
1361 1662 1399 1717 ibi
1425 1663 1564 1730 meritum,
1581 1671 1608 1719 ει
1623 1664 1740 1737 gratiam

90 1752 227 1809 habitator
241 1769 272 1808 εε
287 1752 373 1818 εειιιε,
388 1768 466 1808 ιιιειιε
480 1751 582 1807 invenit
596 1750 650 1806 nisi
663 1749 735 1822 quod
751 1757 792 1805 est
806 1747 885 1803 dolo·
938 1749 984 1805 nbi
1000 1749 1090 1823 culpa.
1110 1751 1143 1804 Et
1157 1750 1205 1829 hic
1218 1760 1260 1806 est
1274 1751 1368 1806 tertius
1382 1751 1566 1808 meditationis
1578 1753 1688 1818 modus,
1705 1752 1739 1808 de

89 1841 137 1911 ris,
170 1841 243 1913 quod
256 1856 365 1913 magnae
380 1846 422 1896 est
449 1838 656 1905 amaritudinis;
672 1854 706 1894 ne
722 1836 791 1893 forte
802 1836 887 1909 (quod
941 1853 995 1910 quo
1011 1837 1059 1892 tibi
1075 1837 1202 1905 diximus,
1219 1838 1264 1910 qui
1279 1837 1457 1895 habitatores
1475 1839 1562 1906 cellae,
1579 1841 1643 1911 quia
1657 1856 1740 1897 occa·

90 1929 173 1998 absit)
199 1927 392 1984 abundantiori
424 1927 532 1983 tristitia
568 1927 748 1982 absorbeatur
778 1924 888 1997 quando
940 1925 1046 1981 sienem
1061 1926 1149 1999 gignit
1165 1934 1190 1982 et
1214 1941 1325 1982 causam
1353 1927 1454 1983 amoris
1469 1934 1496 1984 ει
1524 1928 1738 1997 εοιιεοιειιοιιιε;

91 2018 150 2073 haec
164 2017 276 2090 cogitat,
293 2017 361 2072 bene
372 2015 436 2072 facit
458 2014 482 2070 si
498 2014 550 2070 sibi
564 2014 627 2070 laeta
640 2015 764 2086 quaedam
788 2020 815 2068 et
829 2012 890 2067 dul·
940 2015 1009 2069 sicut
1029 2015 1199 2085 praecedens,
1215 2014 1262 2086 qui
1277 2015 1412 2070 secundus
1432 2023 1483 2084 est,
1500 2016 1605 2072 timoris
1620 2016 1738 2072 admini-

93 2105 145 2172 cia,
174 2105 210 2160 ad
228 2105 377 2178 mitiganda
391 2104 479 2159 tristia
492 2104 568 2170 haec,
594 2110 621 2159 et
644 2102 678 2157 ad
691 2100 840 2157 minuenda
854 2116 890 2156 ne
940 2109 1005 2157 strat
1016 2117 1127 2157 causam
1144 2111 1170 2157 et
1184 2101 1296 2158 doloris.
1312 2103 1347 2157 Et
1361 2104 1547 2160 necessarium
1561 2104 1640 2160 valde
1655 2113 1684 2160 ut
1694 2104 1740 2162 hic

91 2193 120 2249 in
133 2193 161 2249 id
172 2193 246 2266 quod
255 2192 337 2248 nimis
351 2199 392 2248 εει
407 2207 437 2248 se
451 2191 597 2247 extendant
607 2206 701 2245 amara
717 2189 777 2253 ista,
794 2205 890 2260 reprac·
939 2189 1038 2245 modus
1052 2189 1148 2246 tertius
1158 2189 1288 2247 succedat
1297 2191 1397 2261 primo,
1410 2201 1542 2262 quatenus
1557 2192 1739 2264 quemadmo-

91 2289 187 2337 sentat.
206 2281 320 2337 'idcirco
339 2287 519 2352 repraesentet
530 2278 576 2335 hic
590 2278 683 2334 tertius
704 2275 889 2334 meditationis
941 2278 1006 2333 dum
1022 2273 1158 2334 secundus
1172 2278 1302 2349 inprime
1317 2288 1429 2336 evacuat
1444 2289 1576 2336 tumorem
1599 2268 1739 2350 elationis,

89 2369 255 2425 modestae
270 2367 433 2423 intrinsecus
453 2366 549 2433 menti,
566 2374 675 2438 quantae
689 2365 724 2419 sit
737 2362 889 2420 dulcedinis
941 2365 977 2420 ita
991 2373 1018 2422 et
1033 2365 1126 2422 tertius
1146 2368 1289 2423 horrorem
1304 2368 1454 2424 asecundo
1483 2368 1587 2423 auferat
1601 2368 1737 2440 despera·

90 2464 117 2512 et
131 2455 249 2528 pietatis,
264 2463 372 2528 quanta
382 2455 533 2511 clementia
548 2461 575 2509 et
588 2452 718 2509 bonitatis
734 2453 793 2523 ipse
804 2453 887 2518 Deus,
940 2453 1034 2510 tionis.
1053 2454 1153 2525 Sicque
1167 2454 1195 2509 in
1215 2455 1322 2511 duobus
1336 2455 1378 2510 his
1407 2455 1506 2524 modis,
1524 2458 1645 2514 secundo
1659 2458 1739 2514 vidc-

91 2545 165 2618 quod
180 2543 270 2602 suavis
285 2550 326 2600 εει
336 2544 470 2600 universis
489 2541 560 2615 quod
576 2541 766 2597 miserationes
777 2541 890 2609 ejussu-
940 2541 1004 2598 lieet
1018 2549 1045 2598 et
1058 2543 1139 2598 tertio
1153 2558 1231 2598 mens
1246 2550 1289 2598 tna
1304 2544 1362 2599 Deo
1376 2550 1487 2599 cantare
1510 2545 1609 2612 valeat,
1626 2562 1680 2601 non
1692 2561 1739 2602 so-

91 2632 246 2705 peremnia
259 2648 420 2704 aperueras,
434 2631 615 2704 quodmultus
630 2638 672 2686 est
691 2629 726 2685 ad
741 2629 890 2700 ignoscen—
941 2630 996 2685 lum
1015 2630 1245 2697 misericordiam,
1260 2647 1295 2686 ne
1314 2647 1374 2686 eam
1393 2631 1480 2688 elevet
1508 2634 1651 2690 temeraria
1664 2650 1738 2705 prae-

91 2722 165 2790 dum,
183 2721 255 2794 qnod
278 2721 442 2793 prestabilis
470 2736 553 2792 super
567 2717 678 2786 malitia,
703 2718 776 2790 quod
789 2717 890 2789 longa·
941 2719 1068 2788 sumptio,
1094 2734 1147 2774 nec
1181 2718 1269 2774 solum
1301 2719 1444 2789 judicium,
1460 2737 1495 2777 ne
1523 2737 1583 2776 eam
1596 2721 1740 2779 absorbeat

91 2810 172 2865 nimis
187 2817 228 2865 est
243 2809 270 2864 in
300 2808 493 2881 exspectando,
519 2808 719 2880 quodmultum
733 2806 890 2862 misericors
940 2806 1080 2862 mortifera
1112 2806 1288 2878 desperatio,
1305 2807 1354 2863 sed
1389 2807 1606 2865 misericordiam
1638 2811 1739 2882 pariter

90 2900 119 2955 in
134 2897 307 2967 remittendo,
333 2897 406 2968 quod
431 2899 511 2953 Pater
538 2903 580 2952 est
598 2894 849 2952 misericordiarum
864 2900 891 2950 et
941 2903 967 2951 ct
978 2895 1111 2964 judicium
1125 2903 1154 2951 ut
1169 2911 1342 2968 naquaquam
1357 2896 1386 2951 in
1402 2913 1484 2952 unam
1494 2898 1536 2953 sui
1549 2907 1653 2969 partem
1670 2899 1743 2955 clau·

91 2987 165 3043 Deus
194 2985 275 3042 totius
290 2984 493 3052 consolationis,
518 2984 565 3057 qui
586 2983 744 3041 consolatur
770 2999 834 3039 suos
862 2981 891 3037 in
904 3031 926 3091 G
940 2983 1023 3050 dicet,
1039 2999 1074 3039 ne
1089 2984 1174 3056 (quod
1194 2984 1275 3055 absit)
1291 2999 1307 3039 a
1322 2992 1396 3040 recta
1419 2985 1515 3041 semita
1530 2987 1673 3054 exorbitet,
1690 2987 1740 3044 sed

94 3074 168 3131 omni
182 3073 355 3129 tribulatione
376 3089 480 3140 eorum,
506 3072 579 3144 quod
595 3072 731 3144 quemme
745 3071 892 3127 miseretur
941 3071 983 3126 via
998 3078 1072 3127 recta
1086 3072 1213 3128 incedere
1228 3080 1306 3128 curet
1322 3090 1329 3126 ε
1346 3088 1400 3128 non
1415 3072 1564 3143 declinans,
1580 3074 1625 3130 vel
1639 3091 1656 3131 a
1670 3075 1740 3131 dex·

92 3160 304 3236 paterfiliorum
323 3162 361 3217 ita
389 3161 479 3235 [Par.,
500 3160 581 3234 ipsa]
610 3176 719 3233 quoque
734 3159 892 3216 timentibus
942 3159 1000 3229 tris,
1013 3159 1174 3231 insipienter
1192 3160 1219 3215 in
1231 3176 1280 3232 spe
1293 3175 1363 3216 vana
1377 3160 1465 3234 [Par.‚
1482 3161 1578 3235 vacua]
1594 3163 1738 3232 exultans3
1781 3188 1785 3203 ·

93 3267 123 3308 se
137 3250 433 3308 miseretur.ldautem
448 3250 657 3322 quammaxime
670 3247 821 3315 meditatio,
833 3247 893 3304 baec
941 3247 985 3303 vel
1012 3264 1027 3302 a
1050 3247 1175 3317 sinistris,
1205 3248 1394 3305 damnabiliter
1412 3249 1441 3305 in
1468 3250 1658 3321 desperatione
1672 3267 1734 3323 pro-

93 3339 246 3396 mentitura
267 3345 453 3410 representet,
472 3336 544 3408 quod
561 3336 672 3409 proprio
691 3336 758 3392 Filio
773 3351 823 3391 suo
837 3350 893 3391 non
942 3335 1026 3392 lunda
1057 3337 1206 3409 trepidans.

93 3427 225 3500 pepercit,
241 3426 291 3482 sed
305 3442 354 3497 pro
369 3425 448 3482 nobis
458 3425 584 3481 omnibus
600 3424 711 3481 tradidit
720 3424 795 3479 illum
812 3440 819 3478 ι
834 3438 893 3479 om·

93 3515 139 3570 nia
153 3514 231 3570 nobis
246 3514 273 3569 in
302 3514 349 3570 illo
377 3514 501 3581 donans;
518 3520 544 3569 ει
559 3513 587 3568 in
598 3513 667 3584 ipso,
678 3520 704 3568 et
723 3512 891 3608 peripsum,
1186 3550 1385 3608 CAPITULUM
1417 3551 1507 3608 XXII·

95 3598 224 3655 mundum
261 3598 313 3653 sibi
342 3598 534 3655 reconcilians.
565 3597 643 3667 Quod
659 3596 730 3653 idern
758 3596 842 3652 Frlrus
864 3611 893 3650 ιιι

93 3695 197 3743 tantum
211 3702 262 3742 nos
276 3686 371 3742 dilexit
386 3686 458 3758 quod
471 3685 537 3742 lavit
551 3701 603 3741 nos
625 3701 641 3741 a
659 3683 894 3756 peccatisnostris
941 3708 981 3764 De
995 3711 1096 3779 quarto
1119 3708 1315 3767 meditationi,
1331 3709 1430 3776 mogo,
1448 3711 1497 3784 quq
1515 3728 1632 3769 cmm
1645 3716 1740 3787 92·an

94 3774 265 3849 insanguine
280 3791 348 3842 suo;
363 3775 437 3847 quod
451 3790 503 3846 pro
517 3774 598 3830 nobis
612 3773 724 3830 indutus
742 3780 784 3829 εει
799 3788 891 3840 earne,
977 3779 1009 3833 in
1024 3781 1120 3835 auimo
1134 3780 1304 3836 meditantis
1317 3781 1435 3853 piatatis
1460 3785 1489 3836 et
1512 3787 1714 3856 compassionis
1731 3801 1738 3843 τ

95 3871 219 3935 turpatus
247 3879 347 3931 cruce,
386 3862 516 3919 multatus
538 3869 636 3918 morte.
680 3861 760 3931 Quod
781 3876 894 3918 earnem
978 3854 1008 3904 0²
1020 3849 1485 3922 tuOdtwdssmluaevt'demmb
1500 3854 1567 3910 altit
1576 3856 1738 3926 malafiert'»

977 3921 1067 3991 magis
1080 3920 1229 3976 debeamus
1244 3923 1323 3979 intra
1340 3938 1391 3978 uos
1413 3923 1580 3998 plorataque
1590 3943 1739 3997 eaeasare,

95 3967 174 4007 suam
202 3959 228 4008 ει
253 3952 416 4026 sanguinem
431 3968 510 4007 suum
538 3950 613 4006 dedit
627 3950 716 4017 nobis,
734 3957 761 4006 et
775 3950 894 4005 animam
979 4006 1066 4063 quam
1087 3994 1193 4048 mmm
1205 3992 1357 4062 judicare·

95 4055 146 4111 pro
172 4038 401 4107 nobis;carnem
431 4039 466 4095 ad
495 4039 602 4104 duram,
619 4046 645 4095 et
674 4039 773 4106 diram,
799 4045 825 4095 ει
848 4038 894 4110 ig·

97 4127 278 4184 nominiosam
319 4127 477 4200 passionem
510 4146 517 4195 ;
546 4127 710 4199 sanguinem
748 4142 815 4183 vero
858 4125 895 4182 ad
978 4131 1159 4188 Meditationis
1184 4149 1293 4205 quoque
1311 4143 1421 4207 quartus
1444 4136 1542 4193 modus
1562 4144 1613 4204 est,
1631 4138 1665 4194 de
1685 4154 1740 4212 quc

95 4215 278 4289 largissimam
293 4215 328 4272 de
347 4216 466 4289 quinque
494 4215 562 4272 locis
592 4214 769 4271 sacratissimi
792 4229 894 4286 corpo·
942 4219 1084 4290 percipere
1099 4219 1185 4275 debes
1199 4228 1237 4288 tu,
1254 4222 1300 4294 qui
1322 4223 1501 4282 habitatores
1518 4224 1603 4292 cellar,
1626 4242 1738 4283 causam

97 4303 134 4358 n's
161 4304 203 4359 sui
231 4302 412 4371 effusionem,
437 4303 556 4359 animam
585 4304 620 4359 ad
643 4304 831 4359 emissionem.
860 4303 895 4357 ιιι
943 4307 1052 4379 pietatis
1062 4315 1088 4362 ει
1102 4308 1310 4378 compassionis.
1319 4311 1353 4365 [ιι
1371 4319 1434 4382 apte
1448 4314 1546 4368 modus
1561 4313 1621 4382 ιειε,
1633 4315 1671 4370 illi
1681 4331 1742 4373 suc·

97 4391 121 4447 si
157 4391 283 4448 volumus
323 4393 426 4465 aliquid
466 4392 582 4447 interius
614 4391 642 4447 in
685 4391 728 4447 bis
766 4390 891 4461 scrutari,
906 4381 1016 4451 Doedit
1029 4395 1108 4451 tertio
1123 4395 1215 4463 modo,
1233 4397 1280 4468 qui
1293 4384 1405 4454 caus‘am
1420 4400 1467 4455 tibi
1490 4401 1740 4460 administratcon·

96 4480 176 4536 nobis
203 4488 230 4537 et
244 4496 356 4539 carnem
384 4481 458 4538 dedit
472 4481 501 4536 in
522 4481 623 4548 cibum,
639 4489 665 4536 et
689 4479 849 4553 sanguinem
865 4479 893 4535 in
943 4482 1103 4550 solutionis;
1120 4491 1149 4538 ut
1162 4491 1193 4539 tu
1217 4485 1352 4541 numirum
1381 4488 1536 4544 consolatus
1560 4507 1738 4564 quoscunque

97 4575 200 4639 potum,
217 4576 242 4625 et
257 4568 376 4625 animam
404 4569 433 4623 in
447 4568 573 4641 pretium.
603 4567 675 4637 Quid
701 4568 755 4624 hoc
769 4568 805 4623 ad
819 4567 894 4624 nosi
943 4571 1045 4628 uideris
1059 4571 1103 4628 vel
1113 4572 1222 4628 miseria
1236 4574 1360 4642 alilictos,
1378 4576 1422 4632 vel
1443 4577 1524 4650 culpa
1539 4581 1739 4639 contaminatos

97 4655 212 4711 multum
253 4673 304 4729 per
332 4672 441 4713 omnem
470 4657 601 4723 modum;
631 4663 660 4711 ut
674 4654 830 4713 reficiamur
853 4654 895 4712 vi·
942 4659 1032 4732 magis
1046 4659 1174 4731 prosilias
1188 4662 1223 4717 ad
1236 4663 1466 4735 compatiendum,
1483 4669 1741 4738 quamadjudican-

98 4743 197 4799 delicet
221 4744 316 4814 jejuni,
337 4753 463 4817 potemur
477 4745 556 4812 aridi,
588 4743 756 4800 redimamur
781 4743 891 4816 captivi.
943 4748 1026 4816 dum;
1042 4749 1132 4822 magis
1145 4749 1180 4805 ad
1193 4744 1387 4807 consolandum
1395 4760 1422 4809 te
1431 4763 1587 4826 promptum
1597 4757 1736 4826 exhibeas,

98 4830 151 4900 Qui
174 4838 213 4888 tot
241 4840 268 4888 ει
296 4841 371 4889 tanta
385 4849 483 4904 possus
509 4840 551 4888 est
578 4848 629 4904 pro
657 4839 685 4888 te
713 4840 792 4904 putas
821 4831 894 4904 quod
944 4853 1023 4908 quarn
1037 4837 1073 4893 ad
1088 4838 1382 4909 exprobrandumlioc
1397 4841 1458 4898 ideo
1473 4842 1600 4914 diximus,
1617 4845 1740 4917 quiailli,

96 4916 205 4975 deserat
228 4919 279 4976 tei
306 4920 384 4977 Absit
411 4928 439 4976 ιιι
471 4922 524 4977 hoc
551 4928 640 4992 putes.
665 4919 753 4988 Quam
782 4920 892 4986 multos,
944 4925 990 4996 qui
1004 4925 1096 4980 habitu
1110 4925 1253 4997 religionis
1275 4926 1363 4984 induti
1381 4930 1515 4998 videntur,
1532 4948 1581 4987 seu
1603 4934 1739 5004 monachi,

96 5006 142 5078 qui
151 5006 260 5079 longius
269 5024 352 5080 quam
363 5017 390 5064 tu
402 5015 570 5065 recesserant
585 5009 621 5063 ab
635 5024 668 5064 eo
678 5008 784 5065 vocavit
795 5009 830 5065 ad
841 5008 895 5065 se?
943 5029 993 5068 seu
1007 5012 1088 5069 etiam
1102 5013 1196 5070 clerici
1210 5015 1361 5088 regulares,
1376 5016 1404 5071 in
1419 5017 1545 5075 claustris
1559 5020 1616 5075 ειιιε
1626 5037 1740 5079 moran-

95 5093 165 5149 Nam
182 5095 240 5166 ipse
255 5104 306 5163 est,
323 5097 370 5168 qui
394 5096 440 5151 ubi
467 5095 615 5152 abundavit
628 5095 766 5166 delictum,
783 5110 895 5168 supera·
943 5108 995 5169 tes,
1011 5100 1054 5156 vel
1066 5117 1117 5157 nos
1132 5117 1240 5175 quoque
1255 5105 1428 5162 anachoreta
1445 5114 1472 5163 et
1485 5107 1614 5176 eremitae,
1632 5110 1677 5182 qui
1690 5110 1742 5168 soli

95 5181 221 5238 bundare
236 5184 350 5254 gratiam
366 5183 440 5240 lacit.
452 5183 540 5239 Testis
555 5191 597 5239 est
611 5193 719 5241 sanctus
734 5185 831 5250 David,
849 5184 894 5257 qui
943 5188 1069 5262 degimus
1083 5191 1122 5262 (et
1136 5191 1238 5247 ιιιιιιειιι
1254 5192 1326 5265 soli),
1338 5208 1400 5249 cum
1415 5195 1519 5268 aliquid
1541 5197 1679 5255 intuentur
1689 5199 1742 5270 ipsi

94 5270 219 5339 peccarit
233 5279 375 5341 peccatum
389 5272 504 5344 grande.
520 5273 601 5338 Nam,
613 5271 746 5327 adulterio
761 5272 891 5343 pollutus,
944 5277 1016 5349 quod
1031 5277 1071 5333 eis
1087 5277 1222 5349 displicet,
1232 5279 1368 5336 intuemur
1383 5289 1410 5338 et
1430 5299 1480 5339 nos
1490 5285 1565 5341 nulla
1575 5286 1741 5343 discretione

95 5357 243 5414 homicidio
271 5367 409 5428 cruentus,
426 5360 540 5415 adauxit
555 5375 663 5431 quoque
682 5360 821 5433 geminum
835 5374 894 5415 ma·
942 5380 1001 5435 proe
1020 5365 1106 5422 oculis
1133 5367 1234 5434 habita,
1251 5368 1354 5440 absque
1382 5372 1572 5442 compassione
1588 5373 1689 5446 aliqua.
1706 5374 1742 5430 Et

92 5444 150 5500 lum
166 5446 219 5502 hoe
232 5446 398 5503 abominatio
413 5447 584 5519 proditionis.
602 5448 670 5503 Erat
692 5455 848 5520 cutemque
861 5447 895 5502 li·
942 5451 1122 5510 illimultoties
1133 5454 1355 5524 adjudicandum
1362 5458 1452 5529 potius
1462 5459 1741 5532 quamadcoasolau·

87 5540 176 5611 *gatus
204 5533 254 5590 luit
280 5534 415 5592 tuniculas
442 5535 563 5608 triplar,
579 5535 752 5606 adulterium,
775 5535 893 5593 homici-
943 5539 1009 5597 dum
1031 5550 1197 5600 concurrunt
1222 5545 1411 5604 concurrimus
1426 5562 1509 5620 quam
1534 5564 1611 5622 sepe
1623 5556 1652 5606 ει
1678 5564 1740 5608 nos.
