<?xml version="1.0" encoding="UTF-8"?>
<!DOCTYPE html PUBLIC "-//W3C//DTD XHTML 1.0 Transitional//EN"
    "http://www.w3.org/TR/xhtml1/DTD/xhtml1-transitional.dtd">
<html xmlns="http://www.w3.org/1999/xhtml" xml:lang="en" lang="en">
 <head>
  <title>
</title>
<meta http-equiv="Content-Type" content="text/html;charset=utf-8" />
  <meta name='ocr-system' content='tesseract 3.04.00' />
  <meta name='ocr-capabilities' content='ocr_page ocr_carea ocr_par ocr_line ocrx_word'/>
</head>
<body>
  <div class='ocr_page' id='page_1' title='image "./patrologiaecurs20unkngoog/patrologiaecurs20unkngoog_0236.png"; bbox 0 0 3750 5984; ppageno 0'>
   <div class='ocr_carea' id='block_1_1' title="bbox 77 180 1728 251">
    <p class='ocr_par' dir='ltr' id='par_1_1' title="bbox 77 180 1728 251">
     <span class='ocr_line' id='line_1_1' title="bbox 77 180 1728 251; baseline 0.008 -15"><span class='ocrx_word' id='word_1_1' title='bbox 77 180 128 236; x_wconf 84' lang='lat' dir='ltr'>tot</span> <span class='ocrx_word' id='word_1_2' title='bbox 383 181 575 240; x_wconf 77' lang='lat' dir='ltr'>Exeosrrto</span> <span class='ocrx_word' id='word_1_3' title='bbox 593 182 630 239; x_wconf 87' lang='lat' dir='ltr'>IN</span> <span class='ocrx_word' id='word_1_4' title='bbox 648 182 839 242; x_wconf 69' lang='lat' dir='ltr'>aristonis</span> <span class='ocrx_word' id='word_1_5' title='bbox 857 184 970 241; x_wconf 73' lang='lat' dir='ltr'>ruunt.</span> <span class='ocrx_word' id='word_1_6' title='bbox 984 214 1019 226; x_wconf 91' lang='lat'>-</span> <span class='ocrx_word' id='word_1_7' title='bbox 1032 185 1069 242; x_wconf 89' lang='grc' dir='ltr'>ΙΝ</span> <span class='ocrx_word' id='word_1_8' title='bbox 1087 185 1199 243; x_wconf 81' lang='lat' dir='ltr'>EPisT.</span> <span class='ocrx_word' id='word_1_9' title='bbox 1218 188 1243 243; x_wconf 90' lang='lat' dir='ltr'>ll</span> <span class='ocrx_word' id='word_1_10' title='bbox 1260 188 1309 245; x_wconf 77' lang='lat' dir='ltr'>AD</span> <span class='ocrx_word' id='word_1_11' title='bbox 1327 187 1399 245; x_wconf 82' lang='lat' dir='ltr'>Tlhi.</span> <span class='ocrx_word' id='word_1_12' title='bbox 1675 192 1728 251; x_wconf 78' lang='lat' dir='ltr'>tot</span> 
     </span>
    </p>
   </div>
   <div class='ocr_carea' id='block_1_2' title="bbox 49 297 1750 4707">
    <p class='ocr_par' dir='ltr' id='par_1_2' title="bbox 49 297 1750 4707">
     <span class='ocr_line' id='line_1_2' title="bbox 83 297 1729 387; baseline 0.009 -28"><span class='ocrx_word' id='word_1_13' title='bbox 83 303 205 361; x_wconf 76' lang='lat'>336</span> <span class='ocrx_word' id='word_1_14' title='bbox 216 304 326 361; x_wconf 88' lang='lat' dir='ltr'>nomine</span> <span class='ocrx_word' id='word_1_15' title='bbox 336 305 444 362; x_wconf 86' lang='lat' dir='ltr'>Christi.</span> <span class='ocrx_word' id='word_1_16' title='bbox 454 308 559 364; x_wconf 83' lang='lat' dir='ltr'>hiemor</span> <span class='ocrx_word' id='word_1_17' title='bbox 573 309 734 382; x_wconf 83' lang='lat' dir='ltr'>illius:quia</span> <span class='ocrx_word' id='word_1_18' title='bbox 749 312 821 366; x_wconf 90' lang='lat' dir='ltr'>Deus</span> <span class='ocrx_word' id='word_1_19' title='bbox 835 309 976 380; x_wconf 80' lang='lat' dir='ltr'>‹te-Aplo</span> <span class='ocrx_word' id='word_1_20' title='bbox 999 297 1071 366; x_wconf 87' lang='lat' dir='ltr'>illius</span> <span class='ocrx_word' id='word_1_21' title='bbox 1094 311 1200 368; x_wconf 89' lang='lat' dir='ltr'>custodi</span> <span class='ocrx_word' id='word_1_22' title='bbox 1234 301 1405 384; x_wconf 87' lang='lat' dir='ltr'>depositum,</span> <span class='ocrx_word' id='word_1_23' title='bbox 1431 313 1459 370; x_wconf 89' lang='lat' dir='ltr'>id</span> <span class='ocrx_word' id='word_1_24' title='bbox 1482 322 1523 370; x_wconf 93' lang='grc' dir='ltr'>εει</span> <span class='ocrx_word' id='word_1_25' title='bbox 1547 314 1729 387; x_wconf 86' lang='lat' dir='ltr'>episcopalem</span> 
     </span>
     <span class='ocr_line' id='line_1_3' title="bbox 80 393 1729 475; baseline 0.007 -28"><span class='ocrx_word' id='word_1_26' title='bbox 80 393 124 448; x_wconf 86' lang='lat' dir='ltr'>dit</span> <span class='ocrx_word' id='word_1_27' title='bbox 132 395 211 450; x_wconf 87' lang='lat' dir='ltr'>nohis</span> <span class='ocrx_word' id='word_1_28' title='bbox 225 393 356 466; x_wconf 88' lang='lat' dir='ltr'>Spiritum</span> <span class='ocrx_word' id='word_1_29' title='bbox 369 404 493 453; x_wconf 86' lang='lat' dir='ltr'>sanctum</span> <span class='ocrx_word' id='word_1_30' title='bbox 509 415 516 452; x_wconf 94' lang='lat'><strong>:</strong></span> <span class='ocrx_word' id='word_1_31' title='bbox 532 414 592 454; x_wconf 91' lang='lat' dir='ltr'>non</span> <span class='ocrx_word' id='word_1_32' title='bbox 608 400 743 470; x_wconf 85' lang='lat' dir='ltr'>spiritam</span> <span class='ocrx_word' id='word_1_33' title='bbox 769 400 880 456; x_wconf 83' lang='lat' dir='ltr'>timoris</span> <span class='ocrx_word' id='word_1_34' title='bbox 930 399 1047 471; x_wconf 86' lang='lat' dir='ltr'>gratiam</span> <span class='ocrx_word' id='word_1_35' title='bbox 1061 400 1109 455; x_wconf 90' lang='lat' dir='ltr'>tihi</span> <span class='ocrx_word' id='word_1_36' title='bbox 1123 401 1306 457; x_wconf 88' lang='lat' dir='ltr'>commissam.</span> <span class='ocrx_word' id='word_1_37' title='bbox 1334 404 1391 458; x_wconf 84' lang='lat' dir='ltr'>lioc</span> <span class='ocrx_word' id='word_1_38' title='bbox 1405 403 1476 458; x_wconf 89' lang='lat' dir='ltr'>enim</span> <span class='ocrx_word' id='word_1_39' title='bbox 1500 403 1659 475; x_wconf 85' lang='lat' dir='ltr'>depositum</span> <span class='ocrx_word' id='word_1_40' title='bbox 1680 404 1729 459; x_wconf 89' lang='lat' dir='ltr'>ho-</span> 
     </span>
     <span class='ocr_line' id='line_1_4' title="bbox 79 482 1728 563; baseline 0.006 -26"><span class='ocrx_word' id='word_1_41' title='bbox 79 482 129 537; x_wconf 88' lang='lat' dir='ltr'>sed</span> <span class='ocrx_word' id='word_1_42' title='bbox 139 483 266 546; x_wconf 86' lang='lat' dir='ltr'>uirtutis,</span> <span class='ocrx_word' id='word_1_43' title='bbox 282 484 310 539; x_wconf 91' lang='lat' dir='ltr'>id</span> <span class='ocrx_word' id='word_1_44' title='bbox 331 493 372 540; x_wconf 91' lang='grc' dir='ltr'>εει</span> <span class='ocrx_word' id='word_1_45' title='bbox 395 486 554 542; x_wconf 82' lang='lat' dir='ltr'>constantiae</span> <span class='ocrx_word' id='word_1_46' title='bbox 571 505 578 542; x_wconf 94' lang='lat'>:</span> <span class='ocrx_word' id='word_1_47' title='bbox 593 495 623 543; x_wconf 90' lang='lat' dir='ltr'>ut</span> <span class='ocrx_word' id='word_1_48' title='bbox 642 488 763 544; x_wconf 79' lang='lat' dir='ltr'>virtuose</span> <span class='ocrx_word' id='word_1_49' title='bbox 778 488 880 544; x_wconf 91' lang='lat' dir='ltr'>tolere·</span> <span class='ocrx_word' id='word_1_50' title='bbox 929 503 1004 555; x_wconf 88' lang='lat' dir='ltr'>num,</span> <span class='ocrx_word' id='word_1_51' title='bbox 1021 488 1048 543; x_wconf 92' lang='lat' dir='ltr'>id</span> <span class='ocrx_word' id='word_1_52' title='bbox 1063 498 1105 545; x_wconf 89' lang='lat' dir='ltr'>est</span> <span class='ocrx_word' id='word_1_53' title='bbox 1119 489 1192 556; x_wconf 90' lang='lat' dir='ltr'>utile,</span> <span class='ocrx_word' id='word_1_54' title='bbox 1209 499 1261 560; x_wconf 88' lang='lat' dir='ltr'>est,</span> <span class='ocrx_word' id='word_1_55' title='bbox 1278 491 1301 546; x_wconf 90' lang='lat' dir='ltr'>si</span> <span class='ocrx_word' id='word_1_56' title='bbox 1317 491 1493 547; x_wconf 82' lang='lat' dir='ltr'>custodiatur.</span> <span class='ocrx_word' id='word_1_57' title='bbox 1509 492 1605 563; x_wconf 84' lang='lat' dir='ltr'>Neque</span> <span class='ocrx_word' id='word_1_58' title='bbox 1619 492 1671 550; x_wconf 90' lang='lat' dir='ltr'>hoc</span> <span class='ocrx_word' id='word_1_59' title='bbox 1685 493 1728 549; x_wconf 92' lang='lat' dir='ltr'>vi·</span> 
     </span>
     <span class='ocr_line' id='line_1_5' title="bbox 79 570 1729 652; baseline 0.008 -28"><span class='ocrx_word' id='word_1_60' title='bbox 79 585 173 626; x_wconf 88' lang='lat' dir='ltr'>remus</span> <span class='ocrx_word' id='word_1_61' title='bbox 195 570 306 638; x_wconf 86' lang='lat' dir='ltr'>omuia;</span> <span class='ocrx_word' id='word_1_62' title='bbox 332 580 359 629; x_wconf 92' lang='grc' dir='ltr'>ει</span> <span class='ocrx_word' id='word_1_63' title='bbox 382 573 506 645; x_wconf 89' lang='lat' dir='ltr'>spiritum</span> <span class='ocrx_word' id='word_1_64' title='bbox 529 575 690 632; x_wconf 77' lang='lat' dir='ltr'>dilectionis</span> <span class='ocrx_word' id='word_1_65' title='bbox 715 576 774 632; x_wconf 89' lang='lat' dir='ltr'>Dei.</span> <span class='ocrx_word' id='word_1_66' title='bbox 801 575 881 632; x_wconf 86' lang='lat' dir='ltr'>Dedit</span> <span class='ocrx_word' id='word_1_67' title='bbox 930 575 1006 631; x_wconf 89' lang='lat' dir='ltr'>ribus</span> <span class='ocrx_word' id='word_1_68' title='bbox 1021 576 1222 634; x_wconf 89' lang='lat' dir='ltr'>tuiscustodire</span> <span class='ocrx_word' id='word_1_69' title='bbox 1238 588 1263 636; x_wconf 92' lang='lat' dir='ltr'>te</span> <span class='ocrx_word' id='word_1_70' title='bbox 1278 596 1358 650; x_wconf 90' lang='lat' dir='ltr'>posse</span> <span class='ocrx_word' id='word_1_71' title='bbox 1379 580 1509 651; x_wconf 86' lang='lat' dir='ltr'>opineris,</span> <span class='ocrx_word' id='word_1_72' title='bbox 1540 581 1589 636; x_wconf 92' lang='lat' dir='ltr'>sed</span> <span class='ocrx_word' id='word_1_73' title='bbox 1616 597 1664 652; x_wconf 90' lang='lat' dir='ltr'>per</span> <span class='ocrx_word' id='word_1_74' title='bbox 1678 597 1729 638; x_wconf 85' lang='lat' dir='ltr'>oo-</span> 
     </span>
     <span class='ocr_line' id='line_1_6' title="bbox 80 657 1728 740; baseline 0.007 -26"><span class='ocrx_word' id='word_1_75' title='bbox 80 657 161 714; x_wconf 88' lang='lat' dir='ltr'>etiam</span> <span class='ocrx_word' id='word_1_76' title='bbox 176 659 300 730; x_wconf 89' lang='lat' dir='ltr'>spiritum</span> <span class='ocrx_word' id='word_1_77' title='bbox 314 661 483 729; x_wconf 72' lang='lat' dir='ltr'>sobrietatis,</span> <span class='ocrx_word' id='word_1_78' title='bbox 494 662 521 718; x_wconf 92' lang='lat' dir='ltr'>id</span> <span class='ocrx_word' id='word_1_79' title='bbox 531 671 573 719; x_wconf 91' lang='lat' dir='ltr'>est</span> <span class='ocrx_word' id='word_1_80' title='bbox 587 664 785 736; x_wconf 73' lang='lat' dir='ltr'>temperantius.</span> <span class='ocrx_word' id='word_1_81' title='bbox 804 666 882 720; x_wconf 87' lang='lat' dir='ltr'>Tem·</span> <span class='ocrx_word' id='word_1_82' title='bbox 930 665 1102 734; x_wconf 75' lang='lat' dir='ltr'>adiuvantem</span> <span class='ocrx_word' id='word_1_83' title='bbox 1118 667 1247 738; x_wconf 90' lang='lat' dir='ltr'>Spiritum</span> <span class='ocrx_word' id='word_1_84' title='bbox 1272 677 1396 725; x_wconf 87' lang='lat' dir='ltr'>sanctum</span> <span class='ocrx_word' id='word_1_85' title='bbox 1413 669 1460 740; x_wconf 92' lang='lat' dir='ltr'>qui</span> <span class='ocrx_word' id='word_1_86' title='bbox 1475 669 1579 724; x_wconf 87' lang='lat' dir='ltr'>habitat</span> <span class='ocrx_word' id='word_1_87' title='bbox 1592 670 1619 723; x_wconf 93' lang='lat' dir='ltr'>iu</span> <span class='ocrx_word' id='word_1_88' title='bbox 1638 670 1728 726; x_wconf 88' lang='lat' dir='ltr'>nohis.</span> 
     </span>
     <span class='ocr_line' id='line_1_7' title="bbox 78 747 1729 831; baseline 0.008 -29"><span class='ocrx_word' id='word_1_89' title='bbox 78 747 202 817; x_wconf 79' lang='lat' dir='ltr'>perantia</span> <span class='ocrx_word' id='word_1_90' title='bbox 216 748 288 803; x_wconf 91' lang='lat' dir='ltr'>euim</span> <span class='ocrx_word' id='word_1_91' title='bbox 303 749 388 805; x_wconf 88' lang='lat' dir='ltr'>nutrit</span> <span class='ocrx_word' id='word_1_92' title='bbox 403 750 585 818; x_wconf 88' lang='lat' dir='ltr'>dilectionem,</span> <span class='ocrx_word' id='word_1_93' title='bbox 602 751 712 808; x_wconf 90' lang='lat' dir='ltr'>dilectio</span> <span class='ocrx_word' id='word_1_94' title='bbox 728 751 855 808; x_wconf 88' lang='lat' dir='ltr'>virtutem</span> <span class='ocrx_word' id='word_1_95' title='bbox 871 769 878 807; x_wconf 78' lang='grc' dir='ltr'>ι</span> <span class='ocrx_word' id='word_1_96' title='bbox 930 754 1019 824; x_wconf 88' lang='lat' dir='ltr'>thue</span> <span class='ocrx_word' id='word_1_97' title='bbox 1032 754 1186 825; x_wconf 90' lang='lat' dir='ltr'>depositum</span> <span class='ocrx_word' id='word_1_98' title='bbox 1198 756 1268 812; x_wconf 90' lang='lat' dir='ltr'>hene</span> <span class='ocrx_word' id='word_1_99' title='bbox 1283 757 1430 822; x_wconf 89' lang='lat' dir='ltr'>custodias,</span> <span class='ocrx_word' id='word_1_100' title='bbox 1453 762 1513 814; x_wconf 88' lang='lat' dir='ltr'>esto</span> <span class='ocrx_word' id='word_1_101' title='bbox 1538 757 1642 814; x_wconf 83' lang='lat' dir='ltr'>hahens</span> <span class='ocrx_word' id='word_1_102' title='bbox 1665 761 1729 831; x_wconf 72' lang='lat' dir='ltr'>sor-</span> 
     </span>
     <span class='ocr_line' id='line_1_8' title="bbox 77 835 1729 918; baseline 0.007 -28"><span class='ocrx_word' id='word_1_103' title='bbox 77 835 124 890; x_wconf 93' lang='lat' dir='ltr'>uhi</span> <span class='ocrx_word' id='word_1_104' title='bbox 139 835 212 891; x_wconf 91' lang='lat' dir='ltr'>enim</span> <span class='ocrx_word' id='word_1_105' title='bbox 226 835 346 904; x_wconf 90' lang='lat' dir='ltr'>dilectio,</span> <span class='ocrx_word' id='word_1_106' title='bbox 361 837 399 892; x_wconf 92' lang='lat' dir='ltr'>ihi</span> <span class='ocrx_word' id='word_1_107' title='bbox 413 837 534 910; x_wconf 84' lang='lat' dir='ltr'>proiecto</span> <span class='ocrx_word' id='word_1_108' title='bbox 558 855 613 915; x_wconf 90' lang='lat' dir='ltr'>non</span> <span class='ocrx_word' id='word_1_109' title='bbox 636 848 678 896; x_wconf 91' lang='grc' dir='ltr'>εει</span> <span class='ocrx_word' id='word_1_110' title='bbox 704 839 794 896; x_wconf 88' lang='lat' dir='ltr'>timor.</span> <span class='ocrx_word' id='word_1_111' title='bbox 811 842 880 896; x_wconf 89' lang='lat' dir='ltr'>Per·</span> <span class='ocrx_word' id='word_1_112' title='bbox 929 857 1156 900; x_wconf 73' lang='lat' dir='ltr'>montanorum</span> <span class='ocrx_word' id='word_1_113' title='bbox 1172 845 1326 911; x_wconf 87' lang='lat' dir='ltr'>uerborum,</span> <span class='ocrx_word' id='word_1_114' title='bbox 1344 862 1433 918; x_wconf 74' lang='lat' dir='ltr'>quiea</span> <span class='ocrx_word' id='word_1_115' title='bbox 1446 861 1490 901; x_wconf 88' lang='lat' dir='ltr'>me</span> <span class='ocrx_word' id='word_1_116' title='bbox 1505 847 1623 913; x_wconf 82' lang='lat' dir='ltr'>audisti,</span> <span class='ocrx_word' id='word_1_117' title='bbox 1644 846 1672 901; x_wconf 90' lang='lat' dir='ltr'>id</span> <span class='ocrx_word' id='word_1_118' title='bbox 1687 854 1729 902; x_wconf 85' lang='grc' dir='ltr'>εει</span> 
     </span>
     <span class='ocr_line' id='line_1_9' title="bbox 76 921 1729 1002; baseline 0.008 -25"><span class='ocrx_word' id='word_1_119' title='bbox 76 921 147 979; x_wconf 84' lang='grc' dir='ltr'><strong>[εειε</strong></span> <span class='ocrx_word' id='word_1_120' title='bbox 160 924 366 981; x_wconf 84' lang='lat' dir='ltr'>enimcharitas</span> <span class='ocrx_word' id='word_1_121' title='bbox 380 925 452 982; x_wconf 83' lang='lat' dir='ltr'>toras</span> <span class='ocrx_word' id='word_1_122' title='bbox 478 927 558 982; x_wconf 89' lang='lat' dir='ltr'>mittit</span> <span class='ocrx_word' id='word_1_123' title='bbox 579 928 714 984; x_wconf 89' lang='lat' dir='ltr'>timorem.</span> <span class='ocrx_word' id='word_1_124' title='bbox 731 928 799 984; x_wconf 82' lang='lat' dir='ltr'>Vide</span> <span class='ocrx_word' id='word_1_125' title='bbox 813 943 880 1002; x_wconf 90' lang='lat' dir='ltr'>ergo</span> <span class='ocrx_word' id='word_1_126' title='bbox 930 929 1000 985; x_wconf 90' lang='lat' dir='ltr'>adeo</span> <span class='ocrx_word' id='word_1_127' title='bbox 1014 945 1143 1001; x_wconf 83' lang='lat' dir='ltr'>expresse</span> <span class='ocrx_word' id='word_1_128' title='bbox 1168 931 1341 988; x_wconf 79' lang='lat' dir='ltr'>conformare</span> <span class='ocrx_word' id='word_1_129' title='bbox 1369 933 1446 999; x_wconf 93' lang='lat' dir='ltr'>mihi,</span> <span class='ocrx_word' id='word_1_130' title='bbox 1472 941 1501 988; x_wconf 96' lang='lat' dir='ltr'>ut</span> <span class='ocrx_word' id='word_1_131' title='bbox 1525 933 1644 989; x_wconf 88' lang='lat' dir='ltr'>videaris</span> <span class='ocrx_word' id='word_1_132' title='bbox 1667 949 1729 991; x_wconf 87' lang='lat' dir='ltr'>esso</span> 
     </span>
     <span class='ocr_line' id='line_1_10' title="bbox 77 1013 1730 1093; baseline 0.007 -26"><span class='ocrx_word' id='word_1_133' title='bbox 77 1019 116 1080; x_wconf 89' lang='lat' dir='ltr'>ut,</span> <span class='ocrx_word' id='word_1_134' title='bbox 134 1013 203 1068; x_wconf 92' lang='lat' dir='ltr'>sicut</span> <span class='ocrx_word' id='word_1_135' title='bbox 217 1013 309 1070; x_wconf 83' lang='lat' dir='ltr'>socius</span> <span class='ocrx_word' id='word_1_136' title='bbox 322 1014 389 1070; x_wconf 89' lang='lat' dir='ltr'>mihi</span> <span class='ocrx_word' id='word_1_137' title='bbox 401 1014 474 1070; x_wconf 82' lang='lat' dir='ltr'>luisti</span> <span class='ocrx_word' id='word_1_138' title='bbox 497 1016 664 1087; x_wconf 88' lang='lat' dir='ltr'>suscipiendi</span> <span class='ocrx_word' id='word_1_139' title='bbox 689 1016 802 1089; x_wconf 84' lang='lat' dir='ltr'>gretiam</span> <span class='ocrx_word' id='word_1_140' title='bbox 816 1017 880 1088; x_wconf 87' lang='lat' dir='ltr'>Spi·</span> <span class='ocrx_word' id='word_1_141' title='bbox 930 1017 1041 1073; x_wconf 89' lang='lat' dir='ltr'>Paulus.</span> <span class='ocrx_word' id='word_1_142' title='bbox 1058 1019 1185 1074; x_wconf 81' lang='lat' dir='ltr'>Formam</span> <span class='ocrx_word' id='word_1_143' title='bbox 1200 1037 1288 1076; x_wconf 88' lang='lat' dir='ltr'>meam</span> <span class='ocrx_word' id='word_1_144' title='bbox 1303 1021 1399 1093; x_wconf 89' lang='lat' dir='ltr'>utique</span> <span class='ocrx_word' id='word_1_145' title='bbox 1416 1021 1484 1077; x_wconf 82' lang='lat' dir='ltr'>hehe</span> <span class='ocrx_word' id='word_1_146' title='bbox 1498 1021 1531 1077; x_wconf 87' lang='lat' dir='ltr'>in</span> <span class='ocrx_word' id='word_1_147' title='bbox 1544 1022 1598 1091; x_wconf 76' lang='lat' dir='ltr'>fide</span> <span class='ocrx_word' id='word_1_148' title='bbox 1613 1037 1730 1078; x_wconf 89' lang='lat' dir='ltr'>conser-</span> 
     </span>
     <span class='ocr_line' id='line_1_11' title="bbox 78 1100 1729 1182; baseline 0.008 -29"><span class='ocrx_word' id='word_1_149' title='bbox 78 1100 148 1155; x_wconf 92' lang='lat' dir='ltr'>ritus</span> <span class='ocrx_word' id='word_1_150' title='bbox 171 1100 275 1168; x_wconf 81' lang='lat' dir='ltr'>sanch,</span> <span class='ocrx_word' id='word_1_151' title='bbox 291 1103 331 1158; x_wconf 87' lang='lat' dir='ltr'>sio</span> <span class='ocrx_word' id='word_1_152' title='bbox 363 1103 482 1159; x_wconf 85' lang='lat' dir='ltr'>imitator</span> <span class='ocrx_word' id='word_1_153' title='bbox 504 1103 543 1159; x_wconf 89' lang='lat' dir='ltr'>sis</span> <span class='ocrx_word' id='word_1_154' title='bbox 565 1104 723 1175; x_wconf 76' lang='lat' dir='ltr'>passionum</span> <span class='ocrx_word' id='word_1_155' title='bbox 745 1121 878 1161; x_wconf 84' lang='lat' dir='ltr'>mearum.</span> <span class='ocrx_word' id='word_1_156' title='bbox 930 1107 1057 1162; x_wconf 85' lang='lat' dir='ltr'>vandaet</span> <span class='ocrx_word' id='word_1_157' title='bbox 1073 1109 1104 1163; x_wconf 89' lang='lat' dir='ltr'>in</span> <span class='ocrx_word' id='word_1_158' title='bbox 1119 1108 1271 1166; x_wconf 87' lang='lat' dir='ltr'>dilectione</span> <span class='ocrx_word' id='word_1_159' title='bbox 1285 1109 1412 1164; x_wconf 89' lang='lat' dir='ltr'>habenda</span> <span class='ocrx_word' id='word_1_160' title='bbox 1429 1125 1436 1164; x_wconf 91' lang='lat'>:</span> <span class='ocrx_word' id='word_1_161' title='bbox 1453 1125 1514 1182; x_wconf 84' lang='lat' dir='ltr'>quae</span> <span class='ocrx_word' id='word_1_162' title='bbox 1535 1108 1603 1165; x_wconf 83' lang='lat' dir='ltr'>fides</span> <span class='ocrx_word' id='word_1_163' title='bbox 1617 1117 1644 1166; x_wconf 91' lang='lat' dir='ltr'>et</span> <span class='ocrx_word' id='word_1_164' title='bbox 1658 1110 1729 1166; x_wconf 91' lang='lat' dir='ltr'>dile·</span> 
     </span>
     <span class='ocr_line' id='line_1_12' title="bbox 79 1187 1730 1263; baseline 0.008 -21"><span class='ocrx_word' id='word_1_165' title='bbox 79 1187 112 1242; x_wconf 83' lang='lat' dir='ltr'>Et</span> <span class='ocrx_word' id='word_1_166' title='bbox 127 1189 350 1261; x_wconf 85' lang='lat' dir='ltr'>quandoquidem</span> <span class='ocrx_word' id='word_1_167' title='bbox 371 1192 506 1263; x_wconf 84' lang='lat' dir='ltr'>spiritum</span> <span class='ocrx_word' id='word_1_168' title='bbox 527 1193 646 1248; x_wconf 83' lang='lat' dir='ltr'>uirtutis</span> <span class='ocrx_word' id='word_1_169' title='bbox 673 1196 702 1249; x_wconf 88' lang='lat' dir='ltr'>et</span> <span class='ocrx_word' id='word_1_170' title='bbox 719 1194 880 1250; x_wconf 85' lang='lat' dir='ltr'>dilectionis</span> <span class='ocrx_word' id='word_1_171' title='bbox 931 1194 984 1250; x_wconf 82' lang='lat' dir='ltr'>ruo</span> <span class='ocrx_word' id='word_1_172' title='bbox 999 1197 1109 1252; x_wconf 88' lang='lat' dir='ltr'>suntin</span> <span class='ocrx_word' id='word_1_173' title='bbox 1127 1197 1235 1253; x_wconf 82' lang='lat' dir='ltr'>Christo</span> <span class='ocrx_word' id='word_1_174' title='bbox 1250 1199 1326 1255; x_wconf 82' lang='lat' dir='ltr'>lesu.</span> <span class='ocrx_word' id='word_1_175' title='bbox 1343 1197 1491 1253; x_wconf 88' lang='lat' dir='ltr'>Plurimum</span> <span class='ocrx_word' id='word_1_176' title='bbox 1511 1207 1600 1254; x_wconf 83' lang='lat' dir='ltr'>autem</span> <span class='ocrx_word' id='word_1_177' title='bbox 1616 1214 1730 1256; x_wconf 87' lang='lat' dir='ltr'>necesse</span> 
     </span>
     <span class='ocr_line' id='line_1_13' title="bbox 77 1278 1730 1357; baseline 0.008 -27"><span class='ocrx_word' id='word_1_178' title='bbox 77 1291 185 1333; x_wconf 88' lang='lat' dir='ltr'>mecum</span> <span class='ocrx_word' id='word_1_179' title='bbox 193 1278 322 1349; x_wconf 88' lang='lat' dir='ltr'>accepisti</span> <span class='ocrx_word' id='word_1_180' title='bbox 332 1294 339 1332; x_wconf 79' lang='lat' dir='ltr'><em>z</em></span> <span class='ocrx_word' id='word_1_181' title='bbox 351 1279 673 1351; x_wconf 85' lang='lat' dir='ltr'>itaquenolieruteseere</span> <span class='ocrx_word' id='word_1_182' title='bbox 682 1283 879 1338; x_wconf 85' lang='lat' dir='ltr'>testimonium</span> <span class='ocrx_word' id='word_1_183' title='bbox 930 1290 972 1338; x_wconf 93' lang='grc' dir='ltr'>εει</span> <span class='ocrx_word' id='word_1_184' title='bbox 985 1290 1015 1337; x_wconf 92' lang='lat' dir='ltr'>ut</span> <span class='ocrx_word' id='word_1_185' title='bbox 1029 1290 1058 1338; x_wconf 93' lang='lat' dir='ltr'>tu</span> <span class='ocrx_word' id='word_1_186' title='bbox 1086 1284 1243 1356; x_wconf 86' lang='lat' dir='ltr'>depositum</span> <span class='ocrx_word' id='word_1_187' title='bbox 1254 1285 1395 1341; x_wconf 84' lang='lat' dir='ltr'>custodior</span> <span class='ocrx_word' id='word_1_188' title='bbox 1411 1306 1420 1342; x_wconf 93' lang='lat'><em>:</em></span> <span class='ocrx_word' id='word_1_189' title='bbox 1436 1302 1466 1344; x_wconf 91' lang='lat' dir='ltr'>eo</span> <span class='ocrx_word' id='word_1_190' title='bbox 1476 1287 1646 1357; x_wconf 88' lang='lat' dir='ltr'>quodeuersi</span> <span class='ocrx_word' id='word_1_191' title='bbox 1660 1290 1730 1343; x_wconf 88' lang='lat' dir='ltr'>sunt</span> 
     </span>
     <span class='ocr_line' id='line_1_14' title="bbox 78 1364 1730 1446; baseline 0.008 -27"><span class='ocrx_word' id='word_1_192' title='bbox 78 1364 192 1421; x_wconf 81' lang='lat' dir='ltr'>Domini</span> <span class='ocrx_word' id='word_1_193' title='bbox 204 1367 297 1423; x_wconf 88' lang='lat' dir='ltr'>nostri</span> <span class='ocrx_word' id='word_1_194' title='bbox 309 1369 375 1424; x_wconf 83' lang='lat' dir='ltr'>lesu</span> <span class='ocrx_word' id='word_1_195' title='bbox 397 1368 511 1424; x_wconf 78' lang='lat' dir='ltr'>Christi.</span> <span class='ocrx_word' id='word_1_196' title='bbox 538 1366 609 1437; x_wconf 82' lang='lat' dir='ltr'>Quia</span> <span class='ocrx_word' id='word_1_197' title='bbox 633 1368 656 1423; x_wconf 92' lang='lat' dir='ltr'>si</span> <span class='ocrx_word' id='word_1_198' title='bbox 678 1369 880 1440; x_wconf 87' lang='lat' dir='ltr'>improperatur</span> <span class='ocrx_word' id='word_1_199' title='bbox 929 1387 947 1425; x_wconf 89' lang='lat' dir='ltr'>o</span> <span class='ocrx_word' id='word_1_200' title='bbox 961 1387 1006 1428; x_wconf 79' lang='lat' dir='ltr'>ene</span> <span class='ocrx_word' id='word_1_201' title='bbox 1017 1387 1114 1428; x_wconf 88' lang='lat' dir='ltr'>omnes</span> <span class='ocrx_word' id='word_1_202' title='bbox 1127 1371 1264 1444; x_wconf 90' lang='lat' dir='ltr'>discipuli,</span> <span class='ocrx_word' id='word_1_203' title='bbox 1280 1375 1337 1446; x_wconf 85' lang='lat' dir='ltr'>qui,</span> <span class='ocrx_word' id='word_1_204' title='bbox 1354 1390 1397 1429; x_wconf 89' lang='lat' dir='ltr'>me</span> <span class='ocrx_word' id='word_1_205' title='bbox 1408 1373 1513 1442; x_wconf 89' lang='lat' dir='ltr'>relicto,</span> <span class='ocrx_word' id='word_1_206' title='bbox 1525 1378 1632 1431; x_wconf 92' lang='lat' dir='ltr'>suntin</span> <span class='ocrx_word' id='word_1_207' title='bbox 1643 1377 1730 1432; x_wconf 74' lang='lat' dir='ltr'>isio:</span> 
     </span>
     <span class='ocr_line' id='line_1_15' title="bbox 76 1452 1731 1535; baseline 0.009 -29"><span class='ocrx_word' id='word_1_208' title='bbox 76 1452 126 1507; x_wconf 90' lang='lat' dir='ltr'>tihi</span> <span class='ocrx_word' id='word_1_209' title='bbox 140 1453 213 1525; x_wconf 92' lang='lat' dir='ltr'>quod</span> <span class='ocrx_word' id='word_1_210' title='bbox 238 1453 397 1511; x_wconf 82' lang='lat' dir='ltr'>crucifixum</span> <span class='ocrx_word' id='word_1_211' title='bbox 425 1456 533 1522; x_wconf 85' lang='lat' dir='ltr'>adores,</span> <span class='ocrx_word' id='word_1_212' title='bbox 559 1454 689 1512; x_wconf 82' lang='lat' dir='ltr'>confitere</span> <span class='ocrx_word' id='word_1_213' title='bbox 710 1456 791 1528; x_wconf 89' lang='lat' dir='ltr'>plane</span> <span class='ocrx_word' id='word_1_214' title='bbox 815 1456 879 1530; x_wconf 87' lang='lat' dir='ltr'>quia</span> <span class='ocrx_word' id='word_1_215' title='bbox 929 1465 955 1514; x_wconf 93' lang='lat' dir='ltr'>et</span> <span class='ocrx_word' id='word_1_216' title='bbox 970 1459 1023 1516; x_wconf 93' lang='lat' dir='ltr'>hoc</span> <span class='ocrx_word' id='word_1_217' title='bbox 1036 1460 1109 1515; x_wconf 87' lang='lat' dir='ltr'>idem</span> <span class='ocrx_word' id='word_1_218' title='bbox 1123 1468 1152 1516; x_wconf 89' lang='lat' dir='ltr'>tu</span> <span class='ocrx_word' id='word_1_219' title='bbox 1168 1460 1238 1516; x_wconf 90' lang='lat' dir='ltr'>hene</span> <span class='ocrx_word' id='word_1_220' title='bbox 1252 1463 1307 1517; x_wconf 88' lang='lat' dir='ltr'>scis</span> <span class='ocrx_word' id='word_1_221' title='bbox 1324 1461 1490 1535; x_wconf 75' lang='lat' dir='ltr'>:exquibus</span> <span class='ocrx_word' id='word_1_222' title='bbox 1505 1468 1547 1519; x_wconf 88' lang='lat' dir='ltr'>est</span> <span class='ocrx_word' id='word_1_223' title='bbox 1560 1464 1688 1520; x_wconf 85' lang='lat' dir='ltr'>Philetus</span> <span class='ocrx_word' id='word_1_224' title='bbox 1701 1467 1731 1521; x_wconf 89' lang='lat' dir='ltr'>el</span> 
     </span>
     <span class='ocr_line' id='line_1_16' title="bbox 78 1539 1122 1616; baseline 0.005 -21"><span class='ocrx_word' id='word_1_225' title='bbox 78 1539 118 1597; x_wconf 89' lang='lat' dir='ltr'>sin</span> <span class='ocrx_word' id='word_1_226' title='bbox 133 1542 243 1598; x_wconf 85' lang='lat' dir='ltr'>adoras.</span> <span class='ocrx_word' id='word_1_227' title='bbox 258 1543 351 1616; x_wconf 81' lang='lat' dir='ltr'>Neque</span> <span class='ocrx_word' id='word_1_228' title='bbox 361 1543 441 1599; x_wconf 86' lang='lat' dir='ltr'>etiam</span> <span class='ocrx_word' id='word_1_229' title='bbox 453 1545 599 1601; x_wconf 89' lang='lat' dir='ltr'>embescas</span> <span class='ocrx_word' id='word_1_230' title='bbox 609 1561 654 1601; x_wconf 89' lang='lat' dir='ltr'>me</span> <span class='ocrx_word' id='word_1_231' title='bbox 666 1547 795 1602; x_wconf 88' lang='lat' dir='ltr'>vinctum</span> <span class='ocrx_word' id='word_1_232' title='bbox 805 1547 876 1615; x_wconf 88' lang='lat' dir='ltr'>ejus.</span> <span class='ocrx_word' id='word_1_233' title='bbox 928 1544 1122 1616; x_wconf 79' lang='lat' dir='ltr'>Hermogenes.</span> 
     </span>
     <span class='ocr_line' id='line_1_17' title="bbox 78 1626 1731 1722; baseline 0.004 -38"><span class='ocrx_word' id='word_1_234' title='bbox 78 1626 184 1697; x_wconf 87' lang='lat' dir='ltr'>Quia</span> <span class='ocrx_word' id='word_1_235' title='bbox 163 1645 187 1684; x_wconf 90' lang='grc' dir='ltr'>ει</span> <span class='ocrx_word' id='word_1_236' title='bbox 201 1630 262 1702; x_wconf 92' lang='lat' dir='ltr'>quis</span> <span class='ocrx_word' id='word_1_237' title='bbox 276 1632 374 1687; x_wconf 90' lang='lat' dir='ltr'>iterum</span> <span class='ocrx_word' id='word_1_238' title='bbox 385 1632 574 1704; x_wconf 85' lang='lat' dir='ltr'>improperat:</span> <span class='ocrx_word' id='word_1_239' title='bbox 591 1634 662 1690; x_wconf 85' lang='lat' dir='ltr'>Ecce</span> <span class='ocrx_word' id='word_1_240' title='bbox 671 1633 804 1706; x_wconf 89' lang='lat' dir='ltr'>magister</span> <span class='ocrx_word' id='word_1_241' title='bbox 817 1642 918 1722; x_wconf 77' lang='lat' dir='ltr'>tuusB</span> <span class='ocrx_word' id='word_1_242' title='bbox 966 1632 1022 1687; x_wconf 89' lang='lat' dir='ltr'>Hos</span> <span class='ocrx_word' id='word_1_243' title='bbox 1035 1632 1097 1688; x_wconf 90' lang='lat' dir='ltr'>ideo</span> <span class='ocrx_word' id='word_1_244' title='bbox 1112 1632 1276 1689; x_wconf 88' lang='lat' dir='ltr'>determinat</span> <span class='ocrx_word' id='word_1_245' title='bbox 1291 1633 1343 1688; x_wconf 90' lang='lat' dir='ltr'>sihi</span> <span class='ocrx_word' id='word_1_246' title='bbox 1367 1650 1399 1690; x_wconf 87' lang='grc' dir='ltr'>ει</span> <span class='ocrx_word' id='word_1_247' title='bbox 1422 1634 1542 1704; x_wconf 87' lang='lat' dir='ltr'>nomine,</span> <span class='ocrx_word' id='word_1_248' title='bbox 1558 1651 1592 1690; x_wconf 89' lang='lat' dir='ltr'>ne</span> <span class='ocrx_word' id='word_1_249' title='bbox 1616 1635 1639 1704; x_wconf 73' lang='grc' dir='ltr'>ει·</span> <span class='ocrx_word' id='word_1_250' title='bbox 1654 1634 1731 1692; x_wconf 91' lang='lat' dir='ltr'>veni-</span> 
     </span>
     <span class='ocr_line' id='line_1_18' title="bbox 76 1715 1732 1794; baseline 0.005 -25"><span class='ocrx_word' id='word_1_251' title='bbox 76 1715 104 1771; x_wconf 92' lang='lat' dir='ltr'>in</span> <span class='ocrx_word' id='word_1_252' title='bbox 131 1717 246 1774; x_wconf 87' lang='lat' dir='ltr'>vinculis</span> <span class='ocrx_word' id='word_1_253' title='bbox 271 1719 414 1775; x_wconf 86' lang='lat' dir='ltr'>damnatus</span> <span class='ocrx_word' id='word_1_254' title='bbox 442 1728 503 1788; x_wconf 87' lang='lat' dir='ltr'>est;</span> <span class='ocrx_word' id='word_1_255' title='bbox 518 1737 553 1776; x_wconf 91' lang='lat' dir='ltr'>ne</span> <span class='ocrx_word' id='word_1_256' title='bbox 577 1720 640 1776; x_wconf 91' lang='lat' dir='ltr'>ideo</span> <span class='ocrx_word' id='word_1_257' title='bbox 666 1721 876 1787; x_wconf 80' lang='lat' dir='ltr'>verecunderis,</span> <span class='ocrx_word' id='word_1_258' title='bbox 930 1727 991 1775; x_wconf 88' lang='lat' dir='ltr'>rent</span> <span class='ocrx_word' id='word_1_259' title='bbox 1004 1720 1039 1775; x_wconf 87' lang='lat' dir='ltr'>ad</span> <span class='ocrx_word' id='word_1_260' title='bbox 1055 1736 1127 1788; x_wconf 88' lang='lat' dir='ltr'>eum,</span> <span class='ocrx_word' id='word_1_261' title='bbox 1143 1728 1243 1791; x_wconf 88' lang='lat' dir='ltr'>putans</span> <span class='ocrx_word' id='word_1_262' title='bbox 1258 1722 1347 1778; x_wconf 89' lang='lat' dir='ltr'>adhuc</span> <span class='ocrx_word' id='word_1_263' title='bbox 1363 1738 1410 1778; x_wconf 91' lang='lat' dir='ltr'>eos</span> <span class='ocrx_word' id='word_1_264' title='bbox 1420 1717 1525 1791; x_wconf 88' lang='lat' dir='ltr'>fideles</span> <span class='ocrx_word' id='word_1_265' title='bbox 1541 1721 1649 1780; x_wconf 83' lang='lat' dir='ltr'>facilius</span> <span class='ocrx_word' id='word_1_266' title='bbox 1663 1739 1732 1794; x_wconf 88' lang='lat' dir='ltr'>pos·</span> 
     </span>
     <span class='ocr_line' id='line_1_19' title="bbox 76 1807 1729 1883; baseline 0.005 -23"><span class='ocrx_word' id='word_1_267' title='bbox 76 1807 879 1880; x_wconf 80' lang='lat' dir='ltr'>seucollohorulivongelioetpraedicamecumsecundum</span> <span class='ocrx_word' id='word_1_268' title='bbox 930 1815 989 1863; x_wconf 90' lang='lat' dir='ltr'>sent</span> <span class='ocrx_word' id='word_1_269' title='bbox 1003 1808 1140 1864; x_wconf 85' lang='lat' dir='ltr'>suadere</span> <span class='ocrx_word' id='word_1_270' title='bbox 1133 1808 1196 1881; x_wconf 89' lang='lat' dir='ltr'>rpsi,</span> <span class='ocrx_word' id='word_1_271' title='bbox 1222 1817 1249 1865; x_wconf 92' lang='grc' dir='ltr'>ει</span> <span class='ocrx_word' id='word_1_272' title='bbox 1272 1810 1349 1883; x_wconf 86' lang='lat' dir='ltr'>quasi</span> <span class='ocrx_word' id='word_1_273' title='bbox 1373 1827 1405 1866; x_wconf 86' lang='lat' dir='ltr'>ex</span> <span class='ocrx_word' id='word_1_274' title='bbox 1428 1818 1503 1882; x_wconf 83' lang='lat' dir='ltr'>perte</span> <span class='ocrx_word' id='word_1_275' title='bbox 1527 1811 1603 1867; x_wconf 86' lang='lat' dir='ltr'>Pauli</span> <span class='ocrx_word' id='word_1_276' title='bbox 1626 1811 1729 1868; x_wconf 84' lang='lat' dir='ltr'>tallere.</span> 
     </span>
     <span class='ocr_line' id='line_1_20' title="bbox 75 1893 1732 1970; baseline 0.005 -22"><span class='ocrx_word' id='word_1_277' title='bbox 75 1893 213 1950; x_wconf 84' lang='lat' dir='ltr'>uirtutem</span> <span class='ocrx_word' id='word_1_278' title='bbox 226 1895 285 1964; x_wconf 90' lang='lat' dir='ltr'>Dei,</span> <span class='ocrx_word' id='word_1_279' title='bbox 303 1896 332 1951; x_wconf 91' lang='lat' dir='ltr'>id</span> <span class='ocrx_word' id='word_1_280' title='bbox 345 1906 397 1964; x_wconf 88' lang='lat' dir='ltr'>est,</span> <span class='ocrx_word' id='word_1_281' title='bbox 407 1898 547 1970; x_wconf 90' lang='lat' dir='ltr'>sequendo</span> <span class='ocrx_word' id='word_1_282' title='bbox 557 1898 738 1955; x_wconf 86' lang='lat' dir='ltr'>constantiam</span> <span class='ocrx_word' id='word_1_283' title='bbox 751 1914 831 1969; x_wconf 91' lang='lat' dir='ltr'>quam</span> <span class='ocrx_word' id='word_1_284' title='bbox 842 1897 881 1952; x_wconf 93' lang='lat' dir='ltr'>di·</span> <span class='ocrx_word' id='word_1_285' title='bbox 928 1896 1055 1966; x_wconf 85' lang='lat' dir='ltr'>Ephesus</span> <span class='ocrx_word' id='word_1_286' title='bbox 1072 1896 1145 1952; x_wconf 89' lang='lat' dir='ltr'>enim</span> <span class='ocrx_word' id='word_1_287' title='bbox 1160 1896 1188 1952; x_wconf 89' lang='lat' dir='ltr'>in</span> <span class='ocrx_word' id='word_1_288' title='bbox 1201 1897 1267 1953; x_wconf 79' lang='lat' dir='ltr'>Asia</span> <span class='ocrx_word' id='word_1_289' title='bbox 1282 1905 1350 1954; x_wconf 84' lang='lat' dir='ltr'>erut.</span> <span class='ocrx_word' id='word_1_290' title='bbox 1362 1898 1395 1953; x_wconf 90' lang='lat' dir='ltr'>Hi</span> <span class='ocrx_word' id='word_1_291' title='bbox 1405 1899 1494 1954; x_wconf 87' lang='lat' dir='ltr'>eversi</span> <span class='ocrx_word' id='word_1_292' title='bbox 1506 1906 1567 1954; x_wconf 89' lang='lat' dir='ltr'>sunt</span> <span class='ocrx_word' id='word_1_293' title='bbox 1581 1914 1598 1954; x_wconf 92' lang='lat' dir='ltr'>a</span> <span class='ocrx_word' id='word_1_294' title='bbox 1611 1914 1664 1966; x_wconf 91' lang='lat' dir='ltr'>me,</span> <span class='ocrx_word' id='word_1_295' title='bbox 1682 1899 1732 1956; x_wconf 88' lang='lat' dir='ltr'>sed</span> 
     </span>
     <span class='ocr_line' id='line_1_21' title="bbox 76 1980 1732 2058; baseline 0.005 -24"><span class='ocrx_word' id='word_1_296' title='bbox 76 1980 157 2041; x_wconf 83' lang='lat' dir='ltr'>leutio</span> <span class='ocrx_word' id='word_1_297' title='bbox 171 1982 222 2039; x_wconf 90' lang='lat' dir='ltr'>Dei</span> <span class='ocrx_word' id='word_1_298' title='bbox 235 1985 319 2039; x_wconf 89' lang='lat' dir='ltr'>nutrit</span> <span class='ocrx_word' id='word_1_299' title='bbox 335 2002 343 2040; x_wconf 76' lang='grc' dir='ltr'>ι</span> <span class='ocrx_word' id='word_1_300' title='bbox 359 1985 408 2057; x_wconf 80' lang='grc' dir='ltr'>ρει</span> <span class='ocrx_word' id='word_1_301' title='bbox 422 1986 496 2041; x_wconf 88' lang='lat' dir='ltr'>Deus</span> <span class='ocrx_word' id='word_1_302' title='bbox 508 1985 638 2042; x_wconf 80' lang='lat' dir='ltr'>liberauit</span> <span class='ocrx_word' id='word_1_303' title='bbox 651 2002 701 2042; x_wconf 87' lang='lat' dir='ltr'>nos</span> <span class='ocrx_word' id='word_1_304' title='bbox 716 1985 812 2058; x_wconf 83' lang='lat' dir='ltr'>ajugo</span> <span class='ocrx_word' id='word_1_305' title='bbox 823 1986 882 2042; x_wconf 91' lang='lat' dir='ltr'>dia.</span> <span class='ocrx_word' id='word_1_306' title='bbox 932 1982 1125 2056; x_wconf 87' lang='lat' dir='ltr'>Onesiphorus</span> <span class='ocrx_word' id='word_1_307' title='bbox 1139 1986 1290 2057; x_wconf 88' lang='lat' dir='ltr'>permansit</span> <span class='ocrx_word' id='word_1_308' title='bbox 1306 2001 1312 2041; x_wconf 93' lang='lat'>:</span> <span class='ocrx_word' id='word_1_309' title='bbox 1330 1994 1357 2042; x_wconf 93' lang='grc' dir='ltr'>ει</span> <span class='ocrx_word' id='word_1_310' title='bbox 1378 1987 1441 2042; x_wconf 91' lang='lat' dir='ltr'>ideo</span> <span class='ocrx_word' id='word_1_311' title='bbox 1464 1988 1512 2043; x_wconf 82' lang='grc' dir='ltr'><strong>ιιει</strong></span> <span class='ocrx_word' id='word_1_312' title='bbox 1526 1988 1662 2043; x_wconf 89' lang='lat' dir='ltr'>Dominus</span> <span class='ocrx_word' id='word_1_313' title='bbox 1677 2002 1732 2043; x_wconf 90' lang='lat' dir='ltr'>non</span> 
     </span>
     <span class='ocr_line' id='line_1_22' title="bbox 76 2069 1729 2147; baseline 0.003 -22"><span class='ocrx_word' id='word_1_314' title='bbox 76 2069 143 2136; x_wconf 84' lang='lat' dir='ltr'>boli,</span> <span class='ocrx_word' id='word_1_315' title='bbox 157 2075 185 2126; x_wconf 84' lang='grc' dir='ltr'>ει</span> <span class='ocrx_word' id='word_1_316' title='bbox 201 2074 309 2129; x_wconf 84' lang='lat' dir='ltr'>vocavit</span> <span class='ocrx_word' id='word_1_317' title='bbox 324 2088 376 2128; x_wconf 91' lang='lat' dir='ltr'>nos</span> <span class='ocrx_word' id='word_1_318' title='bbox 390 2076 536 2130; x_wconf 82' lang='lat' dir='ltr'>vocatione</span> <span class='ocrx_word' id='word_1_319' title='bbox 548 2090 600 2130; x_wconf 88' lang='lat' dir='ltr'>suo</span> <span class='ocrx_word' id='word_1_320' title='bbox 614 2078 725 2142; x_wconf 83' lang='lat' dir='ltr'>sanctu,</span> <span class='ocrx_word' id='word_1_321' title='bbox 744 2074 773 2129; x_wconf 91' lang='lat' dir='ltr'>id</span> <span class='ocrx_word' id='word_1_322' title='bbox 787 2082 828 2129; x_wconf 91' lang='lat' dir='ltr'>est</span> <span class='ocrx_word' id='word_1_323' title='bbox 842 2074 879 2130; x_wconf 89' lang='lat' dir='ltr'>ad</span> <span class='ocrx_word' id='word_1_324' title='bbox 929 2070 990 2138; x_wconf 89' lang='lat' dir='ltr'>soli,</span> <span class='ocrx_word' id='word_1_325' title='bbox 1017 2072 1066 2128; x_wconf 89' lang='lat' dir='ltr'>sed</span> <span class='ocrx_word' id='word_1_326' title='bbox 1087 2073 1167 2129; x_wconf 85' lang='lat' dir='ltr'>etiarn</span> <span class='ocrx_word' id='word_1_327' title='bbox 1182 2074 1278 2130; x_wconf 83' lang='lat' dir='ltr'>domet</span> <span class='ocrx_word' id='word_1_328' title='bbox 1305 2074 1472 2147; x_wconf 83' lang='lat' dir='ltr'>Onesiphori</span> <span class='ocrx_word' id='word_1_329' title='bbox 1496 2075 1729 2143; x_wconf 81' lang='lat' dir='ltr'>misericordium,</span> 
     </span>
     <span class='ocr_line' id='line_1_23' title="bbox 75 2158 1732 2234; baseline 0.002 -21"><span class='ocrx_word' id='word_1_330' title='bbox 75 2158 128 2215; x_wconf 91' lang='lat' dir='ltr'>hoc</span> <span class='ocrx_word' id='word_1_331' title='bbox 142 2166 170 2214; x_wconf 90' lang='lat' dir='ltr'>ut</span> <span class='ocrx_word' id='word_1_332' title='bbox 184 2175 308 2216; x_wconf 87' lang='lat' dir='ltr'>essemus</span> <span class='ocrx_word' id='word_1_333' title='bbox 323 2161 420 2218; x_wconf 88' lang='lat' dir='ltr'>sancti.</span> <span class='ocrx_word' id='word_1_334' title='bbox 444 2163 479 2216; x_wconf 89' lang='lat' dir='ltr'>Et</span> <span class='ocrx_word' id='word_1_335' title='bbox 492 2162 528 2217; x_wconf 90' lang='lat' dir='ltr'>ad</span> <span class='ocrx_word' id='word_1_336' title='bbox 550 2163 621 2218; x_wconf 89' lang='lat' dir='ltr'>hanc</span> <span class='ocrx_word' id='word_1_337' title='bbox 636 2162 807 2218; x_wconf 77' lang='lat' dir='ltr'>sanctitatem</span> <span class='ocrx_word' id='word_1_338' title='bbox 822 2177 878 2217; x_wconf 91' lang='lat' dir='ltr'>non</span> <span class='ocrx_word' id='word_1_339' title='bbox 928 2159 956 2214; x_wconf 96' lang='lat' dir='ltr'>id</span> <span class='ocrx_word' id='word_1_340' title='bbox 995 2167 1036 2215; x_wconf 90' lang='grc' dir='ltr'>εει</span> <span class='ocrx_word' id='word_1_341' title='bbox 1079 2161 1283 2218; x_wconf 87' lang='lat' dir='ltr'>retributionem</span> <span class='ocrx_word' id='word_1_342' title='bbox 1314 2161 1508 2218; x_wconf 74' lang='lat' dir='ltr'>misericordiis</span> <span class='ocrx_word' id='word_1_343' title='bbox 1544 2177 1627 2234; x_wconf 87' lang='lat' dir='ltr'>quem</span> <span class='ocrx_word' id='word_1_344' title='bbox 1666 2162 1732 2217; x_wconf 89' lang='lat' dir='ltr'>mihi</span> 
     </span>
     <span class='ocr_line' id='line_1_24' title="bbox 73 2247 1732 2322; baseline 0.002 -19"><span class='ocrx_word' id='word_1_345' title='bbox 73 2249 470 2321; x_wconf 87' lang='lat' dir='ltr'>vocouitnosmeritooperum</span> <span class='ocrx_word' id='word_1_346' title='bbox 480 2258 646 2315; x_wconf 89' lang='lat' dir='ltr'>nostrorum,</span> <span class='ocrx_word' id='word_1_347' title='bbox 660 2249 875 2307; x_wconf 87' lang='lat' dir='ltr'>sedsecundum</span> <span class='ocrx_word' id='word_1_348' title='bbox 931 2248 1049 2304; x_wconf 64' lang='lat'>337</span> <span class='ocrx_word' id='word_1_349' title='bbox 1064 2247 1128 2305; x_wconf 88' lang='lat' dir='ltr'>iecit</span> <span class='ocrx_word' id='word_1_350' title='bbox 1145 2267 1151 2303; x_wconf 95' lang='lat'><strong>:</strong></span> <span class='ocrx_word' id='word_1_351' title='bbox 1168 2251 1235 2322; x_wconf 85' lang='lat' dir='ltr'>quin</span> <span class='ocrx_word' id='word_1_352' title='bbox 1250 2265 1322 2322; x_wconf 85' lang='lat' dir='ltr'>scepe</span> <span class='ocrx_word' id='word_1_353' title='bbox 1339 2251 1519 2322; x_wconf 73' lang='lat' dir='ltr'>refrigeravit</span> <span class='ocrx_word' id='word_1_354' title='bbox 1529 2267 1584 2316; x_wconf 81' lang='lat' dir='ltr'>sne,</span> <span class='ocrx_word' id='word_1_355' title='bbox 1596 2258 1624 2306; x_wconf 92' lang='grc' dir='ltr'>ει</span> <span class='ocrx_word' id='word_1_356' title='bbox 1637 2249 1666 2306; x_wconf 89' lang='lat' dir='ltr'>in</span> <span class='ocrx_word' id='word_1_357' title='bbox 1678 2248 1732 2306; x_wconf 85' lang='lat' dir='ltr'>lide</span> 
     </span>
     <span class='ocr_line' id='line_1_25' title="bbox 73 2335 1733 2410; baseline 0.003 -20"><span class='ocrx_word' id='word_1_358' title='bbox 73 2337 249 2408; x_wconf 85' lang='lat' dir='ltr'>propositum</span> <span class='ocrx_word' id='word_1_359' title='bbox 259 2353 351 2405; x_wconf 84' lang='lat' dir='ltr'>suurn,</span> <span class='ocrx_word' id='word_1_360' title='bbox 363 2337 439 2393; x_wconf 89' lang='lat' dir='ltr'>idest</span> <span class='ocrx_word' id='word_1_361' title='bbox 448 2338 877 2410; x_wconf 85' lang='lat' dir='ltr'>secundumprovisionemsuam</span> <span class='ocrx_word' id='word_1_362' title='bbox 928 2335 1106 2404; x_wconf 85' lang='lat' dir='ltr'>consolando,</span> <span class='ocrx_word' id='word_1_363' title='bbox 1125 2345 1152 2392; x_wconf 90' lang='lat' dir='ltr'>et</span> <span class='ocrx_word' id='word_1_364' title='bbox 1168 2338 1326 2393; x_wconf 85' lang='lat' dir='ltr'>necessarie</span> <span class='ocrx_word' id='word_1_365' title='bbox 1341 2338 1519 2394; x_wconf 87' lang='lat' dir='ltr'>ministrando</span> <span class='ocrx_word' id='word_1_366' title='bbox 1535 2356 1542 2394; x_wconf 94' lang='lat'><strong>:</strong></span> <span class='ocrx_word' id='word_1_367' title='bbox 1558 2344 1586 2395; x_wconf 91' lang='lat' dir='ltr'>et</span> <span class='ocrx_word' id='word_1_368' title='bbox 1593 2355 1650 2395; x_wconf 90' lang='lat' dir='ltr'>non</span> <span class='ocrx_word' id='word_1_369' title='bbox 1664 2355 1733 2396; x_wconf 87' lang='lat' dir='ltr'>eru-</span> 
     </span>
     <span class='ocr_line' id='line_1_26' title="bbox 75 2424 1733 2497; baseline 0.002 -18"><span class='ocrx_word' id='word_1_370' title='bbox 75 2439 130 2496; x_wconf 86' lang='lat' dir='ltr'>qua</span> <span class='ocrx_word' id='word_1_371' title='bbox 143 2439 194 2479; x_wconf 90' lang='lat' dir='ltr'>nos</span> <span class='ocrx_word' id='word_1_372' title='bbox 203 2425 420 2482; x_wconf 86' lang='lat' dir='ltr'>misericorditer</span> <span class='ocrx_word' id='word_1_373' title='bbox 429 2425 553 2497; x_wconf 87' lang='lat' dir='ltr'>praevidit</span> <span class='ocrx_word' id='word_1_374' title='bbox 563 2426 677 2482; x_wconf 90' lang='lat' dir='ltr'>idoneos</span> <span class='ocrx_word' id='word_1_375' title='bbox 688 2425 740 2480; x_wconf 93' lang='lat' dir='ltr'>sihi</span> <span class='ocrx_word' id='word_1_376' title='bbox 751 2425 875 2482; x_wconf 87' lang='lat' dir='ltr'>tuturos:</span> <span class='ocrx_word' id='word_1_377' title='bbox 929 2424 990 2481; x_wconf 85' lang='lat' dir='ltr'>huit</span> <span class='ocrx_word' id='word_1_378' title='bbox 1008 2430 1141 2482; x_wconf 86' lang='lat' dir='ltr'>catenum</span> <span class='ocrx_word' id='word_1_379' title='bbox 1155 2441 1258 2483; x_wconf 87' lang='lat' dir='ltr'>meum.</span> <span class='ocrx_word' id='word_1_380' title='bbox 1278 2426 1344 2483; x_wconf 85' lang='lat' dir='ltr'>Vide</span> <span class='ocrx_word' id='word_1_381' title='bbox 1362 2443 1397 2482; x_wconf 89' lang='lat' dir='ltr'>ne</span> <span class='ocrx_word' id='word_1_382' title='bbox 1412 2435 1439 2482; x_wconf 89' lang='lat' dir='ltr'>et</span> <span class='ocrx_word' id='word_1_383' title='bbox 1450 2435 1479 2482; x_wconf 95' lang='lat' dir='ltr'>tu</span> <span class='ocrx_word' id='word_1_384' title='bbox 1494 2426 1643 2484; x_wconf 87' lang='lat' dir='ltr'>erubescas</span> <span class='ocrx_word' id='word_1_385' title='bbox 1658 2445 1665 2481; x_wconf 75' lang='grc' dir='ltr'>ι</span> <span class='ocrx_word' id='word_1_386' title='bbox 1683 2427 1733 2483; x_wconf 85' lang='lat' dir='ltr'>sed</span> 
     </span>
     <span class='ocr_line' id='line_1_27' title="bbox 76 2511 1732 2586; baseline 0.002 -19"><span class='ocrx_word' id='word_1_387' title='bbox 76 2518 105 2567; x_wconf 88' lang='lat' dir='ltr'>et</span> <span class='ocrx_word' id='word_1_388' title='bbox 118 2511 188 2569; x_wconf 88' lang='lat' dir='ltr'>sicut</span> <span class='ocrx_word' id='word_1_389' title='bbox 207 2513 320 2580; x_wconf 87' lang='lat' dir='ltr'>vocatio,</span> <span class='ocrx_word' id='word_1_390' title='bbox 339 2513 377 2570; x_wconf 92' lang='lat' dir='ltr'>sic</span> <span class='ocrx_word' id='word_1_391' title='bbox 390 2530 441 2569; x_wconf 89' lang='lat' dir='ltr'>nec</span> <span class='ocrx_word' id='word_1_392' title='bbox 464 2513 584 2584; x_wconf 85' lang='lat' dir='ltr'>provisio</span> <span class='ocrx_word' id='word_1_393' title='bbox 606 2513 654 2569; x_wconf 83' lang='lat' dir='ltr'>fuit</span> <span class='ocrx_word' id='word_1_394' title='bbox 667 2530 700 2569; x_wconf 84' lang='lat' dir='ltr'>ex</span> <span class='ocrx_word' id='word_1_395' title='bbox 715 2513 806 2586; x_wconf 86' lang='lat' dir='ltr'>aliquo</span> <span class='ocrx_word' id='word_1_396' title='bbox 821 2529 877 2569; x_wconf 90' lang='lat' dir='ltr'>me·</span> <span class='ocrx_word' id='word_1_397' title='bbox 927 2512 1118 2584; x_wconf 90' lang='lat' dir='ltr'>amplectaris.</span> <span class='ocrx_word' id='word_1_398' title='bbox 1136 2515 1198 2570; x_wconf 90' lang='lat' dir='ltr'>Non</span> <span class='ocrx_word' id='word_1_399' title='bbox 1212 2515 1305 2585; x_wconf 91' lang='lat' dir='ltr'>utique</span> <span class='ocrx_word' id='word_1_400' title='bbox 1320 2515 1428 2571; x_wconf 90' lang='lat' dir='ltr'>erubuit</span> <span class='ocrx_word' id='word_1_401' title='bbox 1444 2533 1451 2570; x_wconf 94' lang='lat'>:</span> <span class='ocrx_word' id='word_1_402' title='bbox 1467 2517 1515 2572; x_wconf 88' lang='lat' dir='ltr'>sed</span> <span class='ocrx_word' id='word_1_403' title='bbox 1530 2532 1595 2572; x_wconf 84' lang='lat' dir='ltr'>curn</span> <span class='ocrx_word' id='word_1_404' title='bbox 1608 2516 1732 2572; x_wconf 85' lang='lat' dir='ltr'>uenisset</span> 
     </span>
     <span class='ocr_line' id='line_1_28' title="bbox 75 2599 1730 2675; baseline 0.002 -19"><span class='ocrx_word' id='word_1_405' title='bbox 75 2599 140 2667; x_wconf 88' lang='lat' dir='ltr'>rito,</span> <span class='ocrx_word' id='word_1_406' title='bbox 155 2600 205 2657; x_wconf 89' lang='lat' dir='ltr'>sed</span> <span class='ocrx_word' id='word_1_407' title='bbox 218 2603 368 2658; x_wconf 89' lang='lat' dir='ltr'>secundum</span> <span class='ocrx_word' id='word_1_408' title='bbox 390 2603 524 2674; x_wconf 78' lang='lat' dir='ltr'>pretium,</span> <span class='ocrx_word' id='word_1_409' title='bbox 541 2619 603 2675; x_wconf 84' lang='lat' dir='ltr'>quoe</span> <span class='ocrx_word' id='word_1_410' title='bbox 623 2602 691 2658; x_wconf 86' lang='lat' dir='ltr'>doto</span> <span class='ocrx_word' id='word_1_411' title='bbox 714 2606 767 2672; x_wconf 91' lang='lat' dir='ltr'>est,</span> <span class='ocrx_word' id='word_1_412' title='bbox 792 2602 820 2657; x_wconf 94' lang='lat' dir='ltr'>id</span> <span class='ocrx_word' id='word_1_413' title='bbox 835 2609 877 2658; x_wconf 93' lang='grc' dir='ltr'>εει</span> <span class='ocrx_word' id='word_1_414' title='bbox 927 2603 1054 2668; x_wconf 79' lang='lat' dir='ltr'>hornum,</span> <span class='ocrx_word' id='word_1_415' title='bbox 1065 2603 1191 2658; x_wconf 84' lang='lat' dir='ltr'>sollicite</span> <span class='ocrx_word' id='word_1_416' title='bbox 1200 2604 1329 2675; x_wconf 77' lang='lat' dir='ltr'>quesivit</span> <span class='ocrx_word' id='word_1_417' title='bbox 1342 2619 1398 2671; x_wconf 90' lang='lat' dir='ltr'>me,</span> <span class='ocrx_word' id='word_1_418' title='bbox 1409 2607 1439 2660; x_wconf 86' lang='lat' dir='ltr'>et</span> <span class='ocrx_word' id='word_1_419' title='bbox 1452 2603 1595 2675; x_wconf 74' lang='lat' dir='ltr'>quaesitum</span> <span class='ocrx_word' id='word_1_420' title='bbox 1608 2605 1730 2661; x_wconf 84' lang='lat' dir='ltr'>inuenit.</span> 
     </span>
     <span class='ocr_line' id='line_1_29' title="bbox 75 2688 1731 2761; baseline 0.003 -17"><span class='ocrx_word' id='word_1_421' title='bbox 75 2704 139 2760; x_wconf 76' lang='lat' dir='ltr'>quas</span> <span class='ocrx_word' id='word_1_422' title='bbox 152 2690 333 2760; x_wconf 79' lang='lat' dir='ltr'>preordinata</span> <span class='ocrx_word' id='word_1_423' title='bbox 347 2698 390 2746; x_wconf 91' lang='lat' dir='ltr'>est</span> <span class='ocrx_word' id='word_1_424' title='bbox 403 2691 481 2748; x_wconf 86' lang='lat' dir='ltr'>nohis</span> <span class='ocrx_word' id='word_1_425' title='bbox 495 2690 555 2746; x_wconf 88' lang='lat' dir='ltr'>dari</span> <span class='ocrx_word' id='word_1_426' title='bbox 564 2691 596 2747; x_wconf 88' lang='lat' dir='ltr'>in</span> <span class='ocrx_word' id='word_1_427' title='bbox 608 2690 717 2748; x_wconf 81' lang='lat' dir='ltr'>Christo</span> <span class='ocrx_word' id='word_1_428' title='bbox 727 2692 791 2748; x_wconf 85' lang='lat' dir='ltr'>lesu</span> <span class='ocrx_word' id='word_1_429' title='bbox 806 2695 876 2746; x_wconf 87' lang='lat' dir='ltr'>unte</span> <span class='ocrx_word' id='word_1_430' title='bbox 927 2688 961 2744; x_wconf 89' lang='lat' dir='ltr'>Et</span> <span class='ocrx_word' id='word_1_431' title='bbox 975 2689 1039 2761; x_wconf 90' lang='lat' dir='ltr'>quia</span> <span class='ocrx_word' id='word_1_432' title='bbox 1052 2706 1096 2744; x_wconf 91' lang='lat' dir='ltr'>me</span> <span class='ocrx_word' id='word_1_433' title='bbox 1110 2689 1223 2759; x_wconf 88' lang='lat' dir='ltr'>invenit,</span> <span class='ocrx_word' id='word_1_434' title='bbox 1240 2692 1286 2747; x_wconf 85' lang='lat' dir='ltr'>det</span> <span class='ocrx_word' id='word_1_435' title='bbox 1301 2692 1348 2747; x_wconf 86' lang='lat' dir='ltr'>illi</span> <span class='ocrx_word' id='word_1_436' title='bbox 1358 2692 1495 2747; x_wconf 83' lang='lat' dir='ltr'>Dominus</span> <span class='ocrx_word' id='word_1_437' title='bbox 1510 2692 1589 2747; x_wconf 87' lang='lat' dir='ltr'>Pater</span> <span class='ocrx_word' id='word_1_438' title='bbox 1602 2693 1731 2749; x_wconf 86' lang='lat' dir='ltr'>inuenire</span> 
     </span>
     <span class='ocr_line' id='line_1_30' title="bbox 76 2777 1728 2850; baseline 0.003 -19"><span class='ocrx_word' id='word_1_439' title='bbox 76 2780 205 2848; x_wconf 74' lang='lat' dir='ltr'>tempora</span> <span class='ocrx_word' id='word_1_440' title='bbox 217 2779 378 2844; x_wconf 82' lang='lat' dir='ltr'>soeeulorio,</span> <span class='ocrx_word' id='word_1_441' title='bbox 396 2778 423 2833; x_wconf 93' lang='lat' dir='ltr'>id</span> <span class='ocrx_word' id='word_1_442' title='bbox 439 2787 480 2834; x_wconf 90' lang='lat' dir='ltr'>est</span> <span class='ocrx_word' id='word_1_443' title='bbox 493 2779 527 2833; x_wconf 88' lang='lat' dir='ltr'>ab</span> <span class='ocrx_word' id='word_1_444' title='bbox 542 2786 645 2835; x_wconf 78' lang='lat' dir='ltr'>aeterno</span> <span class='ocrx_word' id='word_1_445' title='bbox 655 2786 719 2834; x_wconf 86' lang='lat' dir='ltr'>ante</span> <span class='ocrx_word' id='word_1_446' title='bbox 734 2780 793 2835; x_wconf 85' lang='lat' dir='ltr'>haee</span> <span class='ocrx_word' id='word_1_447' title='bbox 807 2786 875 2834; x_wconf 89' lang='lat' dir='ltr'>tem·</span> <span class='ocrx_word' id='word_1_448' title='bbox 926 2778 1174 2845; x_wconf 85' lang='lat' dir='ltr'>misericordium,</span> <span class='ocrx_word' id='word_1_449' title='bbox 1191 2779 1218 2833; x_wconf 93' lang='lat' dir='ltr'>id</span> <span class='ocrx_word' id='word_1_450' title='bbox 1233 2786 1274 2834; x_wconf 92' lang='lat' dir='ltr'>cst</span> <span class='ocrx_word' id='word_1_451' title='bbox 1287 2777 1405 2835; x_wconf 82' lang='lat' dir='ltr'>tructam</span> <span class='ocrx_word' id='word_1_452' title='bbox 1429 2779 1509 2850; x_wconf 87' lang='lat' dir='ltr'>hujus</span> <span class='ocrx_word' id='word_1_453' title='bbox 1523 2780 1728 2850; x_wconf 75' lang='lat' dir='ltr'>misericordie,</span> 
     </span>
     <span class='ocr_line' id='line_1_31' title="bbox 74 2865 1729 2940; baseline 0.002 -20"><span class='ocrx_word' id='word_1_454' title='bbox 74 2878 145 2936; x_wconf 89' lang='lat' dir='ltr'>pora</span> <span class='ocrx_word' id='word_1_455' title='bbox 159 2873 262 2934; x_wconf 87' lang='lat' dir='ltr'>nostra,</span> <span class='ocrx_word' id='word_1_456' title='bbox 280 2882 340 2940; x_wconf 77' lang='lat' dir='ltr'>quse</span> <span class='ocrx_word' id='word_1_457' title='bbox 354 2866 500 2923; x_wconf 87' lang='lat' dir='ltr'>volvuntur</span> <span class='ocrx_word' id='word_1_458' title='bbox 522 2883 573 2938; x_wconf 89' lang='lat' dir='ltr'>per</span> <span class='ocrx_word' id='word_1_459' title='bbox 595 2867 696 2923; x_wconf 81' lang='lat' dir='ltr'>saecula</span> <span class='ocrx_word' id='word_1_460' title='bbox 718 2865 791 2923; x_wconf 88' lang='lat' dir='ltr'>Olim</span> <span class='ocrx_word' id='word_1_461' title='bbox 809 2882 875 2937; x_wconf 90' lang='lat' dir='ltr'>pro·</span> <span class='ocrx_word' id='word_1_462' title='bbox 926 2868 1021 2933; x_wconf 84' lang='lat' dir='ltr'>chen,</span> <span class='ocrx_word' id='word_1_463' title='bbox 1037 2866 1065 2922; x_wconf 92' lang='lat' dir='ltr'>id</span> <span class='ocrx_word' id='word_1_464' title='bbox 1080 2874 1121 2922; x_wconf 91' lang='grc' dir='ltr'>εει</span> <span class='ocrx_word' id='word_1_465' title='bbox 1137 2883 1152 2921; x_wconf 83' lang='grc' dir='ltr'>ε</span> <span class='ocrx_word' id='word_1_466' title='bbox 1167 2868 1273 2923; x_wconf 90' lang='lat' dir='ltr'>Christo</span> <span class='ocrx_word' id='word_1_467' title='bbox 1295 2868 1397 2938; x_wconf 88' lang='lat' dir='ltr'>judice,</span> <span class='ocrx_word' id='word_1_468' title='bbox 1422 2870 1454 2924; x_wconf 87' lang='lat' dir='ltr'>in</span> <span class='ocrx_word' id='word_1_469' title='bbox 1478 2869 1531 2924; x_wconf 86' lang='lat' dir='ltr'>ilio</span> <span class='ocrx_word' id='word_1_470' title='bbox 1556 2870 1610 2938; x_wconf 85' lang='lat' dir='ltr'>die,</span> <span class='ocrx_word' id='word_1_471' title='bbox 1622 2868 1729 2938; x_wconf 76' lang='lat' dir='ltr'>iudicii.</span> 
     </span>
     <span class='ocr_line' id='line_1_32' title="bbox 73 2953 1731 3074; baseline 0.003 -66"><span class='ocrx_word' id='word_1_472' title='bbox 73 2953 160 3009; x_wconf 83' lang='lat' dir='ltr'>missa</span> <span class='ocrx_word' id='word_1_473' title='bbox 173 2953 223 3010; x_wconf 86' lang='lat' dir='ltr'>fuit</span> <span class='ocrx_word' id='word_1_474' title='bbox 237 2956 296 3013; x_wconf 75' lang='lat' dir='ltr'>hese</span> <span class='ocrx_word' id='word_1_475' title='bbox 319 2955 408 3030; x_wconf 67' lang='lat' dir='ltr'>mua</span> <span class='ocrx_word' id='word_1_476' title='bbox 433 2955 491 3010; x_wconf 89' lang='lat' dir='ltr'>dari</span> <span class='ocrx_word' id='word_1_477' title='bbox 514 2955 604 3010; x_wconf 88' lang='lat' dir='ltr'>nohis.</span> <span class='ocrx_word' id='word_1_478' title='bbox 630 2957 711 3012; x_wconf 86' lang='lat' dir='ltr'>Nunc</span> <span class='ocrx_word' id='word_1_479' title='bbox 734 2963 825 3012; x_wconf 89' lang='lat' dir='ltr'>autem</span> <span class='ocrx_word' id='word_1_480' title='bbox 846 2954 912 3074; x_wconf 80' lang='lat' dir='ltr'>inG</span> <span class='ocrx_word' id='word_1_481' title='bbox 926 2954 1051 3010; x_wconf 83' lang='lat' dir='ltr'>Romec&#39;</span> <span class='ocrx_word' id='word_1_482' title='bbox 1044 2970 1070 3009; x_wconf 92' lang='lat' dir='ltr'>ru</span> <span class='ocrx_word' id='word_1_483' title='bbox 1095 2955 1211 3012; x_wconf 90' lang='lat' dir='ltr'>vinculis</span> <span class='ocrx_word' id='word_1_484' title='bbox 1233 2955 1275 3012; x_wconf 87' lang='lat' dir='ltr'>sin</span> <span class='ocrx_word' id='word_1_485' title='bbox 1303 2955 1478 3012; x_wconf 88' lang='lat' dir='ltr'>ministravit.</span> <span class='ocrx_word' id='word_1_486' title='bbox 1511 2958 1621 3025; x_wconf 74' lang='lat' dir='ltr'>Quanto</span> <span class='ocrx_word' id='word_1_487' title='bbox 1648 2958 1731 3013; x_wconf 87' lang='lat' dir='ltr'>etiam</span> 
     </span>
     <span class='ocr_line' id='line_1_33' title="bbox 79 3011 1731 3117; baseline 0.002 -20"><span class='ocrx_word' id='word_1_488' title='bbox 79 3049 203 3115; x_wconf 90' lang='lat' dir='ltr'>tempore</span> <span class='ocrx_word' id='word_1_489' title='bbox 214 3044 521 3116; x_wconf 74' lang='lat' dir='ltr'>Christimanitestotn,</span> <span class='ocrx_word' id='word_1_490' title='bbox 537 3043 566 3099; x_wconf 96' lang='lat' dir='ltr'>id</span> <span class='ocrx_word' id='word_1_491' title='bbox 580 3051 622 3099; x_wconf 90' lang='lat' dir='ltr'>est</span> <span class='ocrx_word' id='word_1_492' title='bbox 634 3043 746 3115; x_wconf 90' lang='lat' dir='ltr'>impleta</span> <span class='ocrx_word' id='word_1_493' title='bbox 762 3051 812 3109; x_wconf 89' lang='lat' dir='ltr'>cst,</span> <span class='ocrx_word' id='word_1_494' title='bbox 827 3043 879 3100; x_wconf 90' lang='lat' dir='ltr'>sic·</span> <span class='ocrx_word' id='word_1_495' title='bbox 888 3011 1028 3115; x_wconf 78' lang='lat' dir='ltr'>olipltesi</span> <span class='ocrx_word' id='word_1_496' title='bbox 1038 3043 1227 3110; x_wconf 84' lang='lat' dir='ltr'>ministravit,</span> <span class='ocrx_word' id='word_1_497' title='bbox 1242 3048 1274 3099; x_wconf 92' lang='lat' dir='ltr'>tu</span> <span class='ocrx_word' id='word_1_498' title='bbox 1283 3045 1360 3100; x_wconf 83' lang='lat' dir='ltr'>noste</span> <span class='ocrx_word' id='word_1_499' title='bbox 1372 3045 1487 3111; x_wconf 87' lang='lat' dir='ltr'>melius,</span> <span class='ocrx_word' id='word_1_500' title='bbox 1504 3060 1584 3116; x_wconf 88' lang='lat' dir='ltr'>quam</span> <span class='ocrx_word' id='word_1_501' title='bbox 1599 3044 1657 3101; x_wconf 79' lang='lat' dir='ltr'>heec</span> <span class='ocrx_word' id='word_1_502' title='bbox 1670 3061 1731 3117; x_wconf 77' lang='lat' dir='ltr'>qua</span> 
     </span>
     <span class='ocr_line' id='line_1_34' title="bbox 72 3130 1730 3205; baseline 0.002 -21"><span class='ocrx_word' id='word_1_503' title='bbox 72 3131 818 3205; x_wconf 76' lang='lat' dir='ltr'>utpromissaiueratperilluminntionemSalinatoris</span> <span class='ocrx_word' id='word_1_504' title='bbox 827 3147 878 3187; x_wconf 91' lang='lat' dir='ltr'>no·</span> <span class='ocrx_word' id='word_1_505' title='bbox 928 3131 1010 3186; x_wconf 91' lang='lat' dir='ltr'>modo</span> <span class='ocrx_word' id='word_1_506' title='bbox 1036 3130 1227 3188; x_wconf 88' lang='lat' dir='ltr'>ministravit:</span> <span class='ocrx_word' id='word_1_507' title='bbox 1255 3131 1309 3199; x_wconf 89' lang='lat' dir='ltr'>vel,</span> <span class='ocrx_word' id='word_1_508' title='bbox 1339 3132 1437 3188; x_wconf 86' lang='lat' dir='ltr'>melius</span> <span class='ocrx_word' id='word_1_509' title='bbox 1463 3147 1546 3205; x_wconf 87' lang='lat' dir='ltr'>quarn</span> <span class='ocrx_word' id='word_1_510' title='bbox 1570 3132 1616 3187; x_wconf 87' lang='lat' dir='ltr'>elii</span> <span class='ocrx_word' id='word_1_511' title='bbox 1644 3133 1730 3191; x_wconf 87' lang='lat' dir='ltr'>disei-</span> 
     </span>
     <span class='ocr_line' id='line_1_35' title="bbox 72 3218 993 3292; baseline -0.001 -18"><span class='ocrx_word' id='word_1_512' title='bbox 72 3219 130 3274; x_wconf 84' lang='lat' dir='ltr'>stri</span> <span class='ocrx_word' id='word_1_513' title='bbox 143 3221 209 3276; x_wconf 84' lang='lat' dir='ltr'>lesu</span> <span class='ocrx_word' id='word_1_514' title='bbox 225 3219 340 3286; x_wconf 75' lang='lat' dir='ltr'>Christi,</span> <span class='ocrx_word' id='word_1_515' title='bbox 351 3220 379 3275; x_wconf 92' lang='lat' dir='ltr'>id</span> <span class='ocrx_word' id='word_1_516' title='bbox 394 3228 435 3276; x_wconf 89' lang='lat' dir='ltr'>est</span> <span class='ocrx_word' id='word_1_517' title='bbox 449 3236 500 3292; x_wconf 89' lang='grc' dir='ltr'>ρει</span> <span class='ocrx_word' id='word_1_518' title='bbox 524 3219 680 3275; x_wconf 88' lang='lat' dir='ltr'>Christum&#39;</span> <span class='ocrx_word' id='word_1_519' title='bbox 673 3236 702 3273; x_wconf 89' lang='lat' dir='ltr'>ru</span> <span class='ocrx_word' id='word_1_520' title='bbox 715 3218 816 3274; x_wconf 89' lang='lat' dir='ltr'>lumine</span> <span class='ocrx_word' id='word_1_521' title='bbox 831 3234 877 3275; x_wconf 93' lang='lat' dir='ltr'>co·</span> <span class='ocrx_word' id='word_1_522' title='bbox 925 3218 993 3290; x_wconf 90' lang='lat' dir='ltr'>puli.</span> 
     </span>
     <span class='ocr_line' id='line_1_36' title="bbox 49 3290 1406 3382; baseline 0.001 -21"><span class='ocrx_word' id='word_1_523' title='bbox 49 3296 204 3379; x_wconf 83' lang='lat' dir='ltr'>‘gnitionis</span> <span class='ocrx_word' id='word_1_524' title='bbox 215 3316 316 3365; x_wconf 80' lang='lat' dir='ltr'>nostre</span> <span class='ocrx_word' id='word_1_525' title='bbox 327 3308 447 3379; x_wconf 91' lang='lat' dir='ltr'>positum</span> <span class='ocrx_word' id='word_1_526' title='bbox 461 3324 511 3382; x_wconf 94' lang='grc' dir='ltr'>ρει</span> <span class='ocrx_word' id='word_1_527' title='bbox 520 3315 690 3380; x_wconf 79' lang='lat' dir='ltr'>assumptam</span> <span class='ocrx_word' id='word_1_528' title='bbox 705 3307 758 3363; x_wconf 88' lang='lat' dir='ltr'>sihi</span> <span class='ocrx_word' id='word_1_529' title='bbox 774 3308 875 3362; x_wconf 90' lang='lat' dir='ltr'>huma·</span> <span class='ocrx_word' id='word_1_530' title='bbox 1242 3290 1356 3346; x_wconf 66' lang='lat' dir='ltr'>CAPUT</span> <span class='ocrx_word' id='word_1_531' title='bbox 1372 3291 1406 3345; x_wconf 76' lang='grc' dir='ltr'>Π·</span> 
     </span>
     <span class='ocr_line' id='line_1_37' title="bbox 72 3393 1731 3470; baseline 0.002 -20"><span class='ocrx_word' id='word_1_532' title='bbox 72 3394 199 3452; x_wconf 88' lang='lat' dir='ltr'>nitatem.</span> <span class='ocrx_word' id='word_1_533' title='bbox 963 3417 975 3443; x_wconf 70' lang='grc' dir='ltr'><em>α</em></span> <span class='ocrx_word' id='word_1_534' title='bbox 992 3395 1032 3450; x_wconf 87' lang='lat' dir='ltr'>Tu</span> <span class='ocrx_word' id='word_1_535' title='bbox 1047 3410 1124 3468; x_wconf 88' lang='lat' dir='ltr'>ergo,</span> <span class='ocrx_word' id='word_1_536' title='bbox 1138 3393 1176 3450; x_wconf 85' lang='lat' dir='ltr'>fili</span> <span class='ocrx_word' id='word_1_537' title='bbox 1191 3396 1239 3466; x_wconf 91' lang='lat' dir='ltr'>mi,</span> <span class='ocrx_word' id='word_1_538' title='bbox 1265 3394 1419 3452; x_wconf 84' lang='lat' dir='ltr'>confortare</span> <span class='ocrx_word' id='word_1_539' title='bbox 1434 3395 1461 3451; x_wconf 92' lang='lat' dir='ltr'>in</span> <span class='ocrx_word' id='word_1_540' title='bbox 1481 3397 1578 3468; x_wconf 88' lang='lat' dir='ltr'>gratia,</span> <span class='ocrx_word' id='word_1_541' title='bbox 1605 3414 1665 3470; x_wconf 85' lang='lat' dir='ltr'>quae</span> <span class='ocrx_word' id='word_1_542' title='bbox 1690 3406 1731 3454; x_wconf 92' lang='grc' dir='ltr'>εει</span> 
     </span>
     <span class='ocr_line' id='line_1_38' title="bbox 109 3482 1731 3556; baseline 0 -17"><span class='ocrx_word' id='word_1_543' title='bbox 109 3485 152 3540; x_wconf 79' lang='lat' dir='ltr'>Ad</span> <span class='ocrx_word' id='word_1_544' title='bbox 166 3485 240 3556; x_wconf 91' lang='lat' dir='ltr'>quod</span> <span class='ocrx_word' id='word_1_545' title='bbox 251 3484 320 3541; x_wconf 81' lang='lat' dir='ltr'>forte</span> <span class='ocrx_word' id='word_1_546' title='bbox 333 3485 439 3543; x_wconf 88' lang='lat' dir='ltr'>diceret</span> <span class='ocrx_word' id='word_1_547' title='bbox 452 3485 610 3542; x_wconf 86' lang='lat' dir='ltr'>Timotheus</span> <span class='ocrx_word' id='word_1_548' title='bbox 626 3483 715 3540; x_wconf 89' lang='lat' dir='ltr'>:Nolo</span> <span class='ocrx_word' id='word_1_549' title='bbox 729 3482 810 3551; x_wconf 89' lang='lat' dir='ltr'>mori,</span> <span class='ocrx_word' id='word_1_550' title='bbox 827 3482 877 3539; x_wconf 89' lang='lat' dir='ltr'>sed</span> <span class='ocrx_word' id='word_1_551' title='bbox 928 3483 980 3538; x_wconf 79' lang='lat' dir='ltr'>rin</span> <span class='ocrx_word' id='word_1_552' title='bbox 995 3483 1103 3539; x_wconf 89' lang='lat' dir='ltr'>Christo</span> <span class='ocrx_word' id='word_1_553' title='bbox 1127 3485 1192 3540; x_wconf 89' lang='lat' dir='ltr'>lesu</span> <span class='ocrx_word' id='word_1_554' title='bbox 1208 3501 1215 3538; x_wconf 77' lang='grc' dir='ltr'>ε</span> <span class='ocrx_word' id='word_1_555' title='bbox 1231 3491 1259 3540; x_wconf 92' lang='grc' dir='ltr'>ει</span> <span class='ocrx_word' id='word_1_556' title='bbox 1283 3501 1344 3556; x_wconf 85' lang='lat' dir='ltr'>quae</span> <span class='ocrx_word' id='word_1_557' title='bbox 1367 3484 1465 3539; x_wconf 88' lang='lat' dir='ltr'>audisti</span> <span class='ocrx_word' id='word_1_558' title='bbox 1480 3500 1497 3539; x_wconf 87' lang='lat' dir='ltr'>a</span> <span class='ocrx_word' id='word_1_559' title='bbox 1524 3501 1568 3540; x_wconf 89' lang='lat' dir='ltr'>me</span> <span class='ocrx_word' id='word_1_560' title='bbox 1589 3501 1639 3556; x_wconf 89' lang='lat' dir='ltr'>per</span> <span class='ocrx_word' id='word_1_561' title='bbox 1660 3485 1731 3540; x_wconf 92' lang='lat' dir='ltr'>mul-</span> 
     </span>
     <span class='ocr_line' id='line_1_39' title="bbox 72 3571 1727 3641; baseline 0 -13"><span class='ocrx_word' id='word_1_562' title='bbox 72 3588 187 3629; x_wconf 85' lang='lat' dir='ltr'>menere</span> <span class='ocrx_word' id='word_1_563' title='bbox 200 3573 229 3629; x_wconf 91' lang='lat' dir='ltr'>in</span> <span class='ocrx_word' id='word_1_564' title='bbox 247 3574 301 3630; x_wconf 87' lang='lat' dir='ltr'>heo</span> <span class='ocrx_word' id='word_1_565' title='bbox 322 3573 529 3631; x_wconf 82' lang='lat' dir='ltr'>illuminatione.</span> <span class='ocrx_word' id='word_1_566' title='bbox 554 3575 652 3631; x_wconf 88' lang='lat' dir='ltr'>Contra</span> <span class='ocrx_word' id='word_1_567' title='bbox 675 3574 728 3628; x_wconf 90' lang='lat' dir='ltr'>hoo</span> <span class='ocrx_word' id='word_1_568' title='bbox 752 3571 874 3627; x_wconf 85' lang='lat' dir='ltr'>Paulus:</span> <span class='ocrx_word' id='word_1_569' title='bbox 927 3579 999 3626; x_wconf 82' lang='lat' dir='ltr'>·tos</span> <span class='ocrx_word' id='word_1_570' title='bbox 1015 3579 1106 3638; x_wconf 88' lang='lat' dir='ltr'>testes,</span> <span class='ocrx_word' id='word_1_571' title='bbox 1127 3573 1187 3629; x_wconf 87' lang='lat' dir='ltr'>haeo</span> <span class='ocrx_word' id='word_1_572' title='bbox 1215 3572 1376 3629; x_wconf 85' lang='lat' dir='ltr'>commende</span> <span class='ocrx_word' id='word_1_573' title='bbox 1410 3571 1534 3627; x_wconf 81' lang='lat' dir='ltr'>fidelihus</span> <span class='ocrx_word' id='word_1_574' title='bbox 1561 3571 1727 3641; x_wconf 89' lang='lat' dir='ltr'>hominihus,</span> 
     </span>
     <span class='ocr_line' id='line_1_40' title="bbox 71 3659 1729 3735; baseline 0 -18"><span class='ocrx_word' id='word_1_575' title='bbox 71 3662 115 3717; x_wconf 88' lang='lat' dir='ltr'>Ne</span> <span class='ocrx_word' id='word_1_576' title='bbox 136 3662 231 3722; x_wconf 81' lang='lat' dir='ltr'>timeas</span> <span class='ocrx_word' id='word_1_577' title='bbox 253 3662 340 3730; x_wconf 80' lang='lat' dir='ltr'>mori3</span> <span class='ocrx_word' id='word_1_578' title='bbox 364 3662 428 3735; x_wconf 88' lang='lat' dir='ltr'>quia</span> <span class='ocrx_word' id='word_1_579' title='bbox 451 3662 575 3718; x_wconf 88' lang='lat' dir='ltr'>Christus</span> <span class='ocrx_word' id='word_1_580' title='bbox 598 3661 742 3718; x_wconf 87' lang='lat' dir='ltr'>moriendo</span> <span class='ocrx_word' id='word_1_581' title='bbox 766 3660 875 3733; x_wconf 90' lang='lat' dir='ltr'>quidem</span> <span class='ocrx_word' id='word_1_582' title='bbox 927 3659 1002 3731; x_wconf 72' lang='lat' dir='ltr'>equi</span> <span class='ocrx_word' id='word_1_583' title='bbox 1030 3659 1120 3715; x_wconf 91' lang='lat' dir='ltr'>idonei</span> <span class='ocrx_word' id='word_1_584' title='bbox 1147 3668 1225 3715; x_wconf 89' lang='lat' dir='ltr'>emnt</span> <span class='ocrx_word' id='word_1_585' title='bbox 1251 3670 1278 3716; x_wconf 92' lang='grc' dir='ltr'>ει</span> <span class='ocrx_word' id='word_1_586' title='bbox 1306 3660 1376 3716; x_wconf 91' lang='lat' dir='ltr'>alios</span> <span class='ocrx_word' id='word_1_587' title='bbox 1400 3661 1510 3717; x_wconf 89' lang='lat' dir='ltr'>docere.</span> <span class='ocrx_word' id='word_1_588' title='bbox 1535 3660 1642 3716; x_wconf 83' lang='lat' dir='ltr'>Laboro</span> <span class='ocrx_word' id='word_1_589' title='bbox 1660 3660 1729 3717; x_wconf 90' lang='lat' dir='ltr'>sicut</span> 
     </span>
     <span class='ocr_line' id='line_1_41' title="bbox 72 3748 1750 3818; baseline -0.002 -11"><span class='ocrx_word' id='word_1_590' title='bbox 72 3749 221 3807; x_wconf 72' lang='lat' dir='ltr'>destruxit</span> <span class='ocrx_word' id='word_1_591' title='bbox 232 3755 363 3818; x_wconf 89' lang='lat' dir='ltr'>mortem,</span> <span class='ocrx_word' id='word_1_592' title='bbox 380 3759 407 3807; x_wconf 92' lang='grc' dir='ltr'>ει</span> <span class='ocrx_word' id='word_1_593' title='bbox 417 3751 499 3807; x_wconf 88' lang='lat' dir='ltr'>ctiam</span> <span class='ocrx_word' id='word_1_594' title='bbox 514 3752 652 3808; x_wconf 88' lang='lat' dir='ltr'>destructa</span> <span class='ocrx_word' id='word_1_595' title='bbox 666 3757 754 3806; x_wconf 87' lang='lat' dir='ltr'>morte</span> <span class='ocrx_word' id='word_1_596' title='bbox 765 3749 876 3804; x_wconf 86' lang='lat' dir='ltr'>illumi·</span> <span class='ocrx_word' id='word_1_597' title='bbox 927 3768 939 3799; x_wconf 78' lang='grc' dir='ltr'>ι</span> <span class='ocrx_word' id='word_1_598' title='bbox 956 3748 1045 3804; x_wconf 90' lang='lat' dir='ltr'>honus</span> <span class='ocrx_word' id='word_1_599' title='bbox 1058 3748 1138 3803; x_wconf 91' lang='lat' dir='ltr'>miles</span> <span class='ocrx_word' id='word_1_600' title='bbox 1153 3748 1254 3804; x_wconf 92' lang='lat' dir='ltr'>Christi</span> <span class='ocrx_word' id='word_1_601' title='bbox 1267 3749 1342 3805; x_wconf 87' lang='lat' dir='ltr'>lesu.</span> <span class='ocrx_word' id='word_1_602' title='bbox 1358 3750 1446 3805; x_wconf 90' lang='lat' dir='ltr'>Nemo</span> <span class='ocrx_word' id='word_1_603' title='bbox 1461 3749 1580 3804; x_wconf 88' lang='lat' dir='ltr'>militans</span> <span class='ocrx_word' id='word_1_604' title='bbox 1602 3750 1660 3805; x_wconf 88' lang='lat' dir='ltr'>Deo</span> <span class='ocrx_word' id='word_1_605' title='bbox 1673 3748 1729 3804; x_wconf 90' lang='lat' dir='ltr'>im·</span> <span class='ocrx_word' id='word_1_606' title='bbox 1746 3787 1750 3796; x_wconf 83' lang='lat'>·</span> 
     </span>
     <span class='ocr_line' id='line_1_42' title="bbox 74 3833 1728 3913; baseline -0.001 -19"><span class='ocrx_word' id='word_1_607' title='bbox 74 3841 167 3906; x_wconf 86' lang='lat' dir='ltr'>novit,</span> <span class='ocrx_word' id='word_1_608' title='bbox 183 3839 212 3895; x_wconf 92' lang='lat' dir='ltr'>id</span> <span class='ocrx_word' id='word_1_609' title='bbox 226 3847 268 3895; x_wconf 91' lang='lat' dir='ltr'>est</span> <span class='ocrx_word' id='word_1_610' title='bbox 281 3839 414 3896; x_wconf 87' lang='lat' dir='ltr'>revelavit</span> <span class='ocrx_word' id='word_1_611' title='bbox 429 3833 455 3895; x_wconf 87' lang='grc' dir='ltr'>ει</span> <span class='ocrx_word' id='word_1_612' title='bbox 468 3840 608 3913; x_wconf 78' lang='lat' dir='ltr'>cognitam</span> <span class='ocrx_word' id='word_1_613' title='bbox 632 3837 704 3905; x_wconf 87' lang='lat' dir='ltr'>iecit,</span> <span class='ocrx_word' id='word_1_614' title='bbox 721 3839 875 3894; x_wconf 85' lang='lat' dir='ltr'>vitamnon</span> <span class='ocrx_word' id='word_1_615' title='bbox 926 3858 938 3882; x_wconf 71' lang='grc' dir='ltr'>α</span> <span class='ocrx_word' id='word_1_616' title='bbox 955 3836 1038 3908; x_wconf 82' lang='lat' dir='ltr'>plicet</span> <span class='ocrx_word' id='word_1_617' title='bbox 1056 3852 1087 3892; x_wconf 92' lang='grc' dir='ltr'>εε</span> <span class='ocrx_word' id='word_1_618' title='bbox 1110 3836 1227 3908; x_wconf 89' lang='lat' dir='ltr'>negotiis</span> <span class='ocrx_word' id='word_1_619' title='bbox 1251 3836 1438 3904; x_wconf 78' lang='lat' dir='ltr'>soecularibus,</span> <span class='ocrx_word' id='word_1_620' title='bbox 1463 3846 1492 3892; x_wconf 91' lang='lat' dir='ltr'>ut</span> <span class='ocrx_word' id='word_1_621' title='bbox 1515 3837 1540 3892; x_wconf 91' lang='lat' dir='ltr'>ci</span> <span class='ocrx_word' id='word_1_622' title='bbox 1562 3837 1671 3909; x_wconf 84' lang='lat' dir='ltr'>placeat</span> <span class='ocrx_word' id='word_1_623' title='bbox 1685 3837 1728 3895; x_wconf 90' lang='lat' dir='ltr'>oui</span> 
     </span>
     <span class='ocr_line' id='line_1_43' title="bbox 77 3924 1729 4001; baseline -0.001 -18"><span class='ocrx_word' id='word_1_624' title='bbox 77 3925 273 3994; x_wconf 84' lang='lat' dir='ltr'>transitoriam,</span> <span class='ocrx_word' id='word_1_625' title='bbox 290 3928 340 3984; x_wconf 88' lang='lat' dir='ltr'>sed</span> <span class='ocrx_word' id='word_1_626' title='bbox 355 3928 607 4001; x_wconf 82' lang='lat' dir='ltr'>incorruptionem,</span> <span class='ocrx_word' id='word_1_627' title='bbox 628 3927 656 3982; x_wconf 90' lang='lat' dir='ltr'>id</span> <span class='ocrx_word' id='word_1_628' title='bbox 672 3934 712 3982; x_wconf 90' lang='lat' dir='ltr'>cst</span> <span class='ocrx_word' id='word_1_629' title='bbox 736 3925 820 3982; x_wconf 86' lang='lat' dir='ltr'>vitam</span> <span class='ocrx_word' id='word_1_630' title='bbox 834 3925 876 3979; x_wconf 89' lang='lat' dir='ltr'>in·</span> <span class='ocrx_word' id='word_1_631' title='bbox 927 3924 1091 3995; x_wconf 79' lang='lat' dir='ltr'>«probavit.</span> <span class='ocrx_word' id='word_1_632' title='bbox 1106 3925 1177 3980; x_wconf 88' lang='lat' dir='ltr'>Nam</span> <span class='ocrx_word' id='word_1_633' title='bbox 1201 3934 1228 3981; x_wconf 94' lang='grc' dir='ltr'>ει</span> <span class='ocrx_word' id='word_1_634' title='bbox 1248 3926 1294 3998; x_wconf 93' lang='lat' dir='ltr'>qui</span> <span class='ocrx_word' id='word_1_635' title='bbox 1319 3933 1406 3982; x_wconf 90' lang='lat' dir='ltr'>certat</span> <span class='ocrx_word' id='word_1_636' title='bbox 1431 3925 1458 3979; x_wconf 92' lang='lat' dir='ltr'>in</span> <span class='ocrx_word' id='word_1_637' title='bbox 1483 3940 1581 3998; x_wconf 86' lang='lat' dir='ltr'>egone,</span> <span class='ocrx_word' id='word_1_638' title='bbox 1604 3942 1660 3981; x_wconf 88' lang='lat' dir='ltr'>non</span> <span class='ocrx_word' id='word_1_639' title='bbox 1683 3941 1729 3982; x_wconf 93' lang='lat' dir='ltr'>co·</span> 
     </span>
     <span class='ocr_line' id='line_1_44' title="bbox 72 4013 1729 4087; baseline -0.001 -16"><span class='ocrx_word' id='word_1_640' title='bbox 72 4015 287 4086; x_wconf 83' lang='lat' dir='ltr'>corruptibilem,</span> <span class='ocrx_word' id='word_1_641' title='bbox 313 4015 419 4087; x_wconf 91' lang='lat' dir='ltr'>inqua</span> <span class='ocrx_word' id='word_1_642' title='bbox 450 4015 634 4087; x_wconf 89' lang='lat' dir='ltr'>impassibiles</span> <span class='ocrx_word' id='word_1_643' title='bbox 658 4023 685 4070; x_wconf 91' lang='lat' dir='ltr'>et</span> <span class='ocrx_word' id='word_1_644' title='bbox 705 4013 875 4069; x_wconf 82' lang='lat' dir='ltr'>immortales</span> <span class='ocrx_word' id='word_1_645' title='bbox 927 4020 1070 4068; x_wconf 76' lang='lat' dir='ltr'>«conatur</span> <span class='ocrx_word' id='word_1_646' title='bbox 1104 4013 1157 4067; x_wconf 90' lang='lat' dir='ltr'>nisi</span> <span class='ocrx_word' id='word_1_647' title='bbox 1185 4013 1307 4086; x_wconf 83' lang='lat' dir='ltr'>legitime</span> <span class='ocrx_word' id='word_1_648' title='bbox 1349 4013 1503 4069; x_wconf 85' lang='lat' dir='ltr'>certaverit.</span> <span class='ocrx_word' id='word_1_649' title='bbox 1534 4014 1729 4072; x_wconf 70' lang='lat' dir='ltr'>,Laborantern</span> 
     </span>
     <span class='ocr_line' id='line_1_45' title="bbox 72 4100 1728 4177; baseline -0.001 -18"><span class='ocrx_word' id='word_1_650' title='bbox 72 4103 185 4159; x_wconf 89' lang='lat' dir='ltr'>erimus.</span> <span class='ocrx_word' id='word_1_651' title='bbox 201 4104 448 4161; x_wconf 84' lang='lat' dir='ltr'>llluminovitdico</span> <span class='ocrx_word' id='word_1_652' title='bbox 460 4120 512 4177; x_wconf 90' lang='lat' dir='ltr'>per</span> <span class='ocrx_word' id='word_1_653' title='bbox 525 4103 709 4174; x_wconf 78' lang='lat' dir='ltr'>Euangelium</span> <span class='ocrx_word' id='word_1_654' title='bbox 725 4118 803 4157; x_wconf 91' lang='lat' dir='ltr'>suum</span> <span class='ocrx_word' id='word_1_655' title='bbox 821 4117 827 4156; x_wconf 93' lang='lat'>:</span> <span class='ocrx_word' id='word_1_656' title='bbox 843 4103 875 4157; x_wconf 88' lang='lat' dir='ltr'>in</span> <span class='ocrx_word' id='word_1_657' title='bbox 927 4122 938 4147; x_wconf 79' lang='lat' dir='ltr'>v</span> <span class='ocrx_word' id='word_1_658' title='bbox 955 4101 1105 4173; x_wconf 84' lang='lat' dir='ltr'>agricolum</span> <span class='ocrx_word' id='word_1_659' title='bbox 1128 4109 1236 4173; x_wconf 87' lang='lat' dir='ltr'>oportet</span> <span class='ocrx_word' id='word_1_660' title='bbox 1258 4101 1376 4172; x_wconf 91' lang='lat' dir='ltr'>primum</span> <span class='ocrx_word' id='word_1_661' title='bbox 1391 4101 1426 4156; x_wconf 91' lang='lat' dir='ltr'>de</span> <span class='ocrx_word' id='word_1_662' title='bbox 1449 4100 1582 4157; x_wconf 84' lang='lat' dir='ltr'>tractibus</span> <span class='ocrx_word' id='word_1_663' title='bbox 1604 4101 1728 4173; x_wconf 89' lang='lat' dir='ltr'>accipere</span> 
     </span>
     <span class='ocr_line' id='line_1_46' title="bbox 72 4187 1744 4266; baseline -0.002 -18"><span class='ocrx_word' id='word_1_664' title='bbox 72 4191 877 4266; x_wconf 80' lang='lat' dir='ltr'>quoEvangcliopraedicundoegopositusaDeoproedicu-</span> <span class='ocrx_word' id='word_1_665' title='bbox 926 4187 1129 4261; x_wconf 72' lang='lat' dir='ltr'>s[pcrcipcre].</span> <span class='ocrx_word' id='word_1_666' title='bbox 1146 4189 1272 4261; x_wconf 89' lang='lat' dir='ltr'>intellige</span> <span class='ocrx_word' id='word_1_667' title='bbox 1287 4206 1348 4261; x_wconf 84' lang='lat' dir='ltr'>quae</span> <span class='ocrx_word' id='word_1_668' title='bbox 1368 4190 1446 4256; x_wconf 88' lang='lat' dir='ltr'>dico;</span> <span class='ocrx_word' id='word_1_669' title='bbox 1476 4189 1550 4244; x_wconf 84' lang='lat' dir='ltr'>debit</span> <span class='ocrx_word' id='word_1_670' title='bbox 1577 4190 1651 4245; x_wconf 89' lang='lat' dir='ltr'>enim</span> <span class='ocrx_word' id='word_1_671' title='bbox 1679 4190 1744 4246; x_wconf 82' lang='lat' dir='ltr'>tihi·</span> 
     </span>
     <span class='ocr_line' id='line_1_47' title="bbox 75 4277 1727 4353; baseline -0.001 -17"><span class='ocrx_word' id='word_1_672' title='bbox 75 4281 876 4353; x_wconf 80' lang='lat' dir='ltr'>tor,etupostolus,etmoqistergentium:quemprutot</span> <span class='ocrx_word' id='word_1_673' title='bbox 927 4278 1088 4332; x_wconf 79' lang='lat' dir='ltr'>«Dominus</span> <span class='ocrx_word' id='word_1_674' title='bbox 1117 4277 1145 4331; x_wconf 90' lang='lat' dir='ltr'>in</span> <span class='ocrx_word' id='word_1_675' title='bbox 1172 4277 1298 4332; x_wconf 91' lang='lat' dir='ltr'>omnihus</span> <span class='ocrx_word' id='word_1_676' title='bbox 1326 4277 1503 4333; x_wconf 88' lang='lat' dir='ltr'>intellectum.</span> <span class='ocrx_word' id='word_1_677' title='bbox 1534 4279 1639 4334; x_wconf 84' lang='lat' dir='ltr'>hiemor</span> <span class='ocrx_word' id='word_1_678' title='bbox 1667 4287 1727 4335; x_wconf 86' lang='lat' dir='ltr'>esto</span> 
     </span>
     <span class='ocr_line' id='line_1_48' title="bbox 72 4364 1727 4438; baseline 0 -15"><span class='ocrx_word' id='word_1_679' title='bbox 72 4368 278 4426; x_wconf 79' lang='lat' dir='ltr'>auctoritatibus</span> <span class='ocrx_word' id='word_1_680' title='bbox 290 4369 394 4438; x_wconf 84' lang='lat' dir='ltr'>justum</span> <span class='ocrx_word' id='word_1_681' title='bbox 409 4376 461 4438; x_wconf 88' lang='lat' dir='ltr'>est,</span> <span class='ocrx_word' id='word_1_682' title='bbox 477 4376 505 4423; x_wconf 90' lang='lat' dir='ltr'>ut</span> <span class='ocrx_word' id='word_1_683' title='bbox 528 4384 583 4423; x_wconf 92' lang='lat' dir='ltr'>non</span> <span class='ocrx_word' id='word_1_684' title='bbox 598 4367 746 4423; x_wconf 86' lang='lat' dir='ltr'>erubescas</span> <span class='ocrx_word' id='word_1_685' title='bbox 762 4364 909 4427; x_wconf 85' lang='lat' dir='ltr'>imitari.D</span> <span class='ocrx_word' id='word_1_686' title='bbox 925 4387 937 4414; x_wconf 76' lang='grc' dir='ltr'>ι</span> <span class='ocrx_word' id='word_1_687' title='bbox 955 4365 1100 4421; x_wconf 88' lang='lat' dir='ltr'>Dominum</span> <span class='ocrx_word' id='word_1_688' title='bbox 1113 4364 1207 4420; x_wconf 82' lang='lat' dir='ltr'>lesum</span> <span class='ocrx_word' id='word_1_689' title='bbox 1227 4365 1365 4421; x_wconf 86' lang='lat' dir='ltr'>Christum</span> <span class='ocrx_word' id='word_1_690' title='bbox 1386 4366 1569 4422; x_wconf 89' lang='lat' dir='ltr'>resurrexisse</span> <span class='ocrx_word' id='word_1_691' title='bbox 1584 4382 1600 4422; x_wconf 89' lang='lat' dir='ltr'>a</span> <span class='ocrx_word' id='word_1_692' title='bbox 1614 4367 1727 4423; x_wconf 89' lang='lat' dir='ltr'>mortuis</span> 
     </span>
     <span class='ocr_line' id='line_1_49' title="bbox 74 4453 1725 4530; baseline -0.002 -16"><span class='ocrx_word' id='word_1_693' title='bbox 74 4456 112 4514; x_wconf 85' lang='lat' dir='ltr'>ot</span> <span class='ocrx_word' id='word_1_694' title='bbox 126 4472 211 4530; x_wconf 86' lang='lat' dir='ltr'>quom</span> <span class='ocrx_word' id='word_1_695' title='bbox 224 4473 351 4527; x_wconf 82' lang='lat' dir='ltr'>causam,</span> <span class='ocrx_word' id='word_1_696' title='bbox 367 4457 451 4513; x_wconf 91' lang='lat' dir='ltr'>idest</span> <span class='ocrx_word' id='word_1_697' title='bbox 466 4457 530 4528; x_wconf 87' lang='lat' dir='ltr'>quia</span> <span class='ocrx_word' id='word_1_698' title='bbox 552 4457 605 4513; x_wconf 95' lang='lat' dir='ltr'>hoc</span> <span class='ocrx_word' id='word_1_699' title='bbox 627 4455 807 4526; x_wconf 86' lang='lat' dir='ltr'>Evangeiium</span> <span class='ocrx_word' id='word_1_700' title='bbox 821 4454 873 4510; x_wconf 95' lang='lat' dir='ltr'>do·</span> <span class='ocrx_word' id='word_1_701' title='bbox 926 4475 938 4503; x_wconf 80' lang='grc' dir='ltr'>ι</span> <span class='ocrx_word' id='word_1_702' title='bbox 956 4470 988 4510; x_wconf 85' lang='grc' dir='ltr'>ει</span> <span class='ocrx_word' id='word_1_703' title='bbox 1003 4453 1108 4510; x_wconf 88' lang='lat' dir='ltr'>semine</span> <span class='ocrx_word' id='word_1_704' title='bbox 1122 4453 1220 4521; x_wconf 86' lang='lat' dir='ltr'>David,</span> <span class='ocrx_word' id='word_1_705' title='bbox 1232 4454 1381 4510; x_wconf 90' lang='lat' dir='ltr'>secundum</span> <span class='ocrx_word' id='word_1_706' title='bbox 1390 4453 1569 4528; x_wconf 85' lang='lat' dir='ltr'>Evangelium</span> <span class='ocrx_word' id='word_1_707' title='bbox 1583 4471 1686 4524; x_wconf 84' lang='lat' dir='ltr'>meum,</span> <span class='ocrx_word' id='word_1_708' title='bbox 1697 4455 1725 4511; x_wconf 91' lang='lat' dir='ltr'>in</span> 
     </span>
     <span class='ocr_line' id='line_1_50' title="bbox 70 4541 1726 4618; baseline -0.001 -16"><span class='ocrx_word' id='word_1_709' title='bbox 70 4545 115 4602; x_wconf 83' lang='lat' dir='ltr'>oui</span> <span class='ocrx_word' id='word_1_710' title='bbox 129 4553 237 4618; x_wconf 89' lang='lat' dir='ltr'>gentes,</span> <span class='ocrx_word' id='word_1_711' title='bbox 251 4562 350 4618; x_wconf 88' lang='lat' dir='ltr'>passus</span> <span class='ocrx_word' id='word_1_712' title='bbox 365 4561 426 4601; x_wconf 90' lang='lat' dir='ltr'>sum</span> <span class='ocrx_word' id='word_1_713' title='bbox 451 4544 544 4601; x_wconf 84' lang='lat' dir='ltr'>multa.</span> <span class='ocrx_word' id='word_1_714' title='bbox 571 4547 633 4601; x_wconf 85' lang='lat' dir='ltr'>llaec</span> <span class='ocrx_word' id='word_1_715' title='bbox 659 4543 741 4599; x_wconf 88' lang='lat' dir='ltr'>etiam</span> <span class='ocrx_word' id='word_1_716' title='bbox 765 4541 875 4599; x_wconf 82' lang='lat' dir='ltr'>vinculo</span> <span class='ocrx_word' id='word_1_717' title='bbox 927 4560 938 4596; x_wconf 81' lang='lat' dir='ltr'>r</span> <span class='ocrx_word' id='word_1_718' title='bbox 955 4558 1009 4616; x_wconf 93' lang='lat' dir='ltr'>quo</span> <span class='ocrx_word' id='word_1_719' title='bbox 1023 4541 1117 4598; x_wconf 82' lang='lat' dir='ltr'>laboro</span> <span class='ocrx_word' id='word_1_720' title='bbox 1131 4541 1266 4613; x_wconf 89' lang='lat' dir='ltr'>usquead</span> <span class='ocrx_word' id='word_1_721' title='bbox 1281 4542 1397 4609; x_wconf 83' lang='lat' dir='ltr'>vincula,</span> <span class='ocrx_word' id='word_1_722' title='bbox 1409 4542 1488 4614; x_wconf 89' lang='lat' dir='ltr'>quasi</span> <span class='ocrx_word' id='word_1_723' title='bbox 1502 4543 1575 4599; x_wconf 85' lang='lat' dir='ltr'>male</span> <span class='ocrx_word' id='word_1_724' title='bbox 1589 4559 1726 4615; x_wconf 83' lang='lat' dir='ltr'>operans:</span> 
     </span>
     <span class='ocr_line' id='line_1_51' title="bbox 73 4630 1724 4707; baseline -0.001 -18"><span class='ocrx_word' id='word_1_725' title='bbox 73 4649 147 4692; x_wconf 89' lang='lat' dir='ltr'>nunc</span> <span class='ocrx_word' id='word_1_726' title='bbox 159 4637 255 4707; x_wconf 86' lang='lat' dir='ltr'>potior</span> <span class='ocrx_word' id='word_1_727' title='bbox 269 4655 278 4692; x_wconf 92' lang='lat'><em>:</em></span> <span class='ocrx_word' id='word_1_728' title='bbox 292 4635 339 4691; x_wconf 88' lang='lat' dir='ltr'>sed</span> <span class='ocrx_word' id='word_1_729' title='bbox 354 4641 446 4690; x_wconf 88' lang='lat' dir='ltr'>tamen</span> <span class='ocrx_word' id='word_1_730' title='bbox 460 4649 520 4689; x_wconf 90' lang='lat' dir='ltr'>non</span> <span class='ocrx_word' id='word_1_731' title='bbox 533 4632 702 4705; x_wconf 73' lang='lat' dir='ltr'>confundor,</span> <span class='ocrx_word' id='word_1_732' title='bbox 720 4631 748 4687; x_wconf 94' lang='lat' dir='ltr'>id</span> <span class='ocrx_word' id='word_1_733' title='bbox 763 4638 874 4687; x_wconf 88' lang='lat' dir='ltr'>estnon</span> <span class='ocrx_word' id='word_1_734' title='bbox 926 4650 938 4682; x_wconf 82' lang='lat' dir='ltr'>r</span> <span class='ocrx_word' id='word_1_735' title='bbox 955 4631 1005 4687; x_wconf 90' lang='lat' dir='ltr'>sed</span> <span class='ocrx_word' id='word_1_736' title='bbox 1019 4631 1134 4689; x_wconf 88' lang='lat' dir='ltr'>verbum</span> <span class='ocrx_word' id='word_1_737' title='bbox 1148 4630 1199 4686; x_wconf 91' lang='lat' dir='ltr'>Dei</span> <span class='ocrx_word' id='word_1_738' title='bbox 1213 4646 1268 4686; x_wconf 89' lang='lat' dir='ltr'>non</span> <span class='ocrx_word' id='word_1_739' title='bbox 1292 4639 1334 4686; x_wconf 93' lang='lat' dir='ltr'>est</span> <span class='ocrx_word' id='word_1_740' title='bbox 1361 4630 1511 4703; x_wconf 90' lang='lat' dir='ltr'>alligatum.</span> <span class='ocrx_word' id='word_1_741' title='bbox 1539 4632 1604 4689; x_wconf 88' lang='lat' dir='ltr'>ideo</span> <span class='ocrx_word' id='word_1_742' title='bbox 1632 4633 1724 4688; x_wconf 84' lang='lat' dir='ltr'>omnis</span> 
     </span>
    </p>
   </div>
   <div class='ocr_carea' id='block_1_3' title="bbox 72 4719 1724 5237">
    <p class='ocr_par' dir='ltr' id='par_1_3' title="bbox 72 4719 1724 5237">
     <span class='ocr_line' id='line_1_52' title="bbox 72 4719 1724 4795; baseline -0.002 -18"><span class='ocrx_word' id='word_1_743' title='bbox 72 4721 217 4789; x_wconf 86' lang='lat' dir='ltr'>erubesco,</span> <span class='ocrx_word' id='word_1_744' title='bbox 233 4723 282 4778; x_wconf 89' lang='lat' dir='ltr'>sed</span> <span class='ocrx_word' id='word_1_745' title='bbox 296 4721 402 4795; x_wconf 83' lang='lat' dir='ltr'>gaudeo</span> <span class='ocrx_word' id='word_1_746' title='bbox 415 4720 470 4794; x_wconf 90' lang='lat' dir='ltr'>pati</span> <span class='ocrx_word' id='word_1_747' title='bbox 484 4737 536 4793; x_wconf 89' lang='lat' dir='ltr'>pro</span> <span class='ocrx_word' id='word_1_748' title='bbox 551 4720 660 4777; x_wconf 88' lang='lat' dir='ltr'>Christo</span> <span class='ocrx_word' id='word_1_749' title='bbox 677 4734 683 4774; x_wconf 95' lang='lat'>:</span> <span class='ocrx_word' id='word_1_750' title='bbox 699 4719 739 4775; x_wconf 89' lang='lat' dir='ltr'>sic</span> <span class='ocrx_word' id='word_1_751' title='bbox 755 4725 782 4774; x_wconf 92' lang='grc' dir='ltr'>ει</span> <span class='ocrx_word' id='word_1_752' title='bbox 796 4726 825 4775; x_wconf 92' lang='lat' dir='ltr'>tu</span> <span class='ocrx_word' id='word_1_753' title='bbox 839 4734 874 4775; x_wconf 91' lang='lat' dir='ltr'>ne</span> <span class='ocrx_word' id='word_1_754' title='bbox 926 4742 937 4768; x_wconf 76' lang='lat' dir='ltr'>n</span> <span class='ocrx_word' id='word_1_755' title='bbox 955 4719 1076 4775; x_wconf 85' lang='lat' dir='ltr'>sustineo</span> <span class='ocrx_word' id='word_1_756' title='bbox 1090 4726 1202 4791; x_wconf 88' lang='lat' dir='ltr'>propter</span> <span class='ocrx_word' id='word_1_757' title='bbox 1216 4719 1318 4776; x_wconf 88' lang='lat' dir='ltr'>electos</span> <span class='ocrx_word' id='word_1_758' title='bbox 1334 4736 1340 4775; x_wconf 79' lang='lat' dir='ltr'>r</span> <span class='ocrx_word' id='word_1_759' title='bbox 1356 4727 1386 4774; x_wconf 93' lang='lat' dir='ltr'>ut</span> <span class='ocrx_word' id='word_1_760' title='bbox 1399 4727 1425 4775; x_wconf 91' lang='lat' dir='ltr'>et</span> <span class='ocrx_word' id='word_1_761' title='bbox 1449 4719 1502 4792; x_wconf 92' lang='lat' dir='ltr'>ipsi</span> <span class='ocrx_word' id='word_1_762' title='bbox 1525 4720 1641 4776; x_wconf 87' lang='lat' dir='ltr'>salutem</span> <span class='ocrx_word' id='word_1_763' title='bbox 1655 4735 1724 4777; x_wconf 90' lang='lat' dir='ltr'>con·</span> 
     </span>
     <span class='ocr_line' id='line_1_53' title="bbox 72 4805 1723 4882; baseline -0.001 -16"><span class='ocrx_word' id='word_1_764' title='bbox 72 4809 232 4867; x_wconf 86' lang='lat' dir='ltr'>erubescas.</span> <span class='ocrx_word' id='word_1_765' title='bbox 249 4811 314 4867; x_wconf 88' lang='lat' dir='ltr'>Ideo</span> <span class='ocrx_word' id='word_1_766' title='bbox 328 4810 435 4882; x_wconf 87' lang='lat' dir='ltr'>patiens</span> <span class='ocrx_word' id='word_1_767' title='bbox 456 4825 512 4866; x_wconf 89' lang='lat' dir='ltr'>non</span> <span class='ocrx_word' id='word_1_768' title='bbox 535 4808 708 4866; x_wconf 80' lang='lat' dir='ltr'>confundor:</span> <span class='ocrx_word' id='word_1_769' title='bbox 732 4806 794 4880; x_wconf 89' lang='lat' dir='ltr'>quia</span> <span class='ocrx_word' id='word_1_770' title='bbox 816 4805 875 4863; x_wconf 87' lang='lat' dir='ltr'>scio</span> <span class='ocrx_word' id='word_1_771' title='bbox 925 4815 1188 4880; x_wconf 64' lang='lat' dir='ltr'>«sequentemque</span> <span class='ocrx_word' id='word_1_772' title='bbox 1207 4815 1249 4864; x_wconf 89' lang='grc' dir='ltr'>εει</span> <span class='ocrx_word' id='word_1_773' title='bbox 1275 4807 1304 4862; x_wconf 91' lang='lat' dir='ltr'>in</span> <span class='ocrx_word' id='word_1_774' title='bbox 1330 4807 1438 4864; x_wconf 89' lang='lat' dir='ltr'>Christo</span> <span class='ocrx_word' id='word_1_775' title='bbox 1460 4809 1525 4864; x_wconf 88' lang='lat' dir='ltr'>lesu</span> <span class='ocrx_word' id='word_1_776' title='bbox 1554 4823 1615 4864; x_wconf 90' lang='lat' dir='ltr'>cum</span> <span class='ocrx_word' id='word_1_777' title='bbox 1634 4808 1723 4881; x_wconf 77' lang='lat' dir='ltr'>gloria</span> 
     </span>
     <span class='ocr_line' id='line_1_54' title="bbox 72 4893 1721 4970; baseline -0.001 -17"><span class='ocrx_word' id='word_1_778' title='bbox 72 4897 116 4953; x_wconf 85' lang='lat' dir='ltr'>cni</span> <span class='ocrx_word' id='word_1_779' title='bbox 130 4897 246 4969; x_wconf 88' lang='lat' dir='ltr'>credidi,</span> <span class='ocrx_word' id='word_1_780' title='bbox 262 4898 291 4954; x_wconf 95' lang='lat' dir='ltr'>id</span> <span class='ocrx_word' id='word_1_781' title='bbox 306 4907 347 4955; x_wconf 88' lang='grc' dir='ltr'>εει</span> <span class='ocrx_word' id='word_1_782' title='bbox 362 4897 390 4953; x_wconf 91' lang='lat' dir='ltr'>in</span> <span class='ocrx_word' id='word_1_783' title='bbox 414 4913 468 4970; x_wconf 91' lang='lat' dir='ltr'>quo</span> <span class='ocrx_word' id='word_1_784' title='bbox 490 4896 572 4953; x_wconf 86' lang='lat' dir='ltr'>fidem</span> <span class='ocrx_word' id='word_1_785' title='bbox 595 4896 679 4951; x_wconf 90' lang='lat' dir='ltr'>habui</span> <span class='ocrx_word' id='word_1_786' title='bbox 696 4910 702 4950; x_wconf 93' lang='lat'>:</span> <span class='ocrx_word' id='word_1_787' title='bbox 719 4895 824 4952; x_wconf 89' lang='lat' dir='ltr'>scilicet</span> <span class='ocrx_word' id='word_1_788' title='bbox 845 4893 875 4950; x_wconf 88' lang='lat' dir='ltr'>in</span> <span class='ocrx_word' id='word_1_789' title='bbox 925 4918 937 4943; x_wconf 77' lang='grc' dir='ltr'>ι</span> <span class='ocrx_word' id='word_1_790' title='bbox 955 4895 1070 4953; x_wconf 89' lang='lat' dir='ltr'>coelesti.</span> <span class='ocrx_word' id='word_1_791' title='bbox 1086 4895 1188 4951; x_wconf 84' lang='lat' dir='ltr'>Fidelis</span> <span class='ocrx_word' id='word_1_792' title='bbox 1203 4911 1304 4952; x_wconf 87' lang='lat' dir='ltr'>sermo.</span> <span class='ocrx_word' id='word_1_793' title='bbox 1315 4896 1385 4950; x_wconf 85' lang='lat' dir='ltr'>Nam</span> <span class='ocrx_word' id='word_1_794' title='bbox 1399 4895 1423 4950; x_wconf 90' lang='lat' dir='ltr'>si</span> <span class='ocrx_word' id='word_1_795' title='bbox 1438 4896 1601 4952; x_wconf 90' lang='lat' dir='ltr'>commortui</span> <span class='ocrx_word' id='word_1_796' title='bbox 1616 4912 1721 4965; x_wconf 86' lang='lat' dir='ltr'>sumus,</span> 
     </span>
     <span class='ocr_line' id='line_1_55' title="bbox 72 4981 1722 5057; baseline -0.001 -16"><span class='ocrx_word' id='word_1_797' title='bbox 72 4986 143 5042; x_wconf 90' lang='lat' dir='ltr'>Deo.</span> <span class='ocrx_word' id='word_1_798' title='bbox 160 4987 209 5043; x_wconf 82' lang='lat' dir='ltr'>Vel</span> <span class='ocrx_word' id='word_1_799' title='bbox 223 4986 260 5041; x_wconf 85' lang='lat' dir='ltr'>itu</span> <span class='ocrx_word' id='word_1_800' title='bbox 276 5005 283 5041; x_wconf 92' lang='lat'>:</span> <span class='ocrx_word' id='word_1_801' title='bbox 299 4987 361 5045; x_wconf 87' lang='lat' dir='ltr'>Scio</span> <span class='ocrx_word' id='word_1_802' title='bbox 374 4987 422 5042; x_wconf 88' lang='lat' dir='ltr'>cui</span> <span class='ocrx_word' id='word_1_803' title='bbox 435 4986 553 5054; x_wconf 83' lang='lat' dir='ltr'>credidi,</span> <span class='ocrx_word' id='word_1_804' title='bbox 574 4985 603 5040; x_wconf 93' lang='lat' dir='ltr'>id</span> <span class='ocrx_word' id='word_1_805' title='bbox 627 4992 669 5040; x_wconf 86' lang='lat' dir='ltr'>est</span> <span class='ocrx_word' id='word_1_806' title='bbox 690 4984 733 5040; x_wconf 92' lang='lat' dir='ltr'>cui</span> <span class='ocrx_word' id='word_1_807' title='bbox 749 4981 874 5040; x_wconf 90' lang='lat' dir='ltr'>commisi</span> <span class='ocrx_word' id='word_1_808' title='bbox 926 5006 937 5032; x_wconf 79' lang='grc' dir='ltr'>ιι</span> <span class='ocrx_word' id='word_1_809' title='bbox 955 4990 982 5039; x_wconf 93' lang='grc' dir='ltr'>ει</span> <span class='ocrx_word' id='word_1_810' title='bbox 998 4983 1174 5041; x_wconf 87' lang='lat' dir='ltr'>convivemus</span> <span class='ocrx_word' id='word_1_811' title='bbox 1201 4998 1208 5038; x_wconf 77' lang='grc' dir='ltr'><em>τ</em></span> <span class='ocrx_word' id='word_1_812' title='bbox 1237 4983 1261 5039; x_wconf 90' lang='lat' dir='ltr'>si</span> <span class='ocrx_word' id='word_1_813' title='bbox 1289 4983 1464 5054; x_wconf 91' lang='lat' dir='ltr'>sustinemus,</span> <span class='ocrx_word' id='word_1_814' title='bbox 1492 4991 1518 5039; x_wconf 93' lang='grc' dir='ltr'>ει</span> <span class='ocrx_word' id='word_1_815' title='bbox 1538 4985 1722 5057; x_wconf 86' lang='lat' dir='ltr'>conregnabi-</span> 
     </span>
     <span class='ocr_line' id='line_1_56' title="bbox 72 5070 1721 5146; baseline 0.001 -16"><span class='ocrx_word' id='word_1_816' title='bbox 72 5073 216 5146; x_wconf 76' lang='lat' dir='ltr'>psssioues</span> <span class='ocrx_word' id='word_1_817' title='bbox 231 5090 308 5131; x_wconf 88' lang='lat' dir='ltr'>meas</span> <span class='ocrx_word' id='word_1_818' title='bbox 323 5082 350 5130; x_wconf 86' lang='lat' dir='ltr'>et</span> <span class='ocrx_word' id='word_1_819' title='bbox 361 5090 446 5146; x_wconf 88' lang='lat' dir='ltr'>opera</span> <span class='ocrx_word' id='word_1_820' title='bbox 455 5092 462 5129; x_wconf 91' lang='lat'>:</span> <span class='ocrx_word' id='word_1_821' title='bbox 472 5078 500 5130; x_wconf 91' lang='lat' dir='ltr'>et</span> <span class='ocrx_word' id='word_1_822' title='bbox 514 5077 610 5131; x_wconf 83' lang='lat' dir='ltr'>certus</span> <span class='ocrx_word' id='word_1_823' title='bbox 618 5089 681 5129; x_wconf 89' lang='lat' dir='ltr'>sum</span> <span class='ocrx_word' id='word_1_824' title='bbox 696 5072 731 5127; x_wconf 91' lang='lat' dir='ltr'>de</span> <span class='ocrx_word' id='word_1_825' title='bbox 744 5070 873 5128; x_wconf 89' lang='lat' dir='ltr'>mercede</span> <span class='ocrx_word' id='word_1_826' title='bbox 926 5093 937 5124; x_wconf 81' lang='grc' dir='ltr'>ι</span> <span class='ocrx_word' id='word_1_827' title='bbox 955 5088 1016 5127; x_wconf 90' lang='lat' dir='ltr'>mus</span> <span class='ocrx_word' id='word_1_828' title='bbox 1033 5090 1040 5127; x_wconf 93' lang='lat'>:</span> <span class='ocrx_word' id='word_1_829' title='bbox 1057 5072 1079 5127; x_wconf 90' lang='lat' dir='ltr'>si</span> <span class='ocrx_word' id='word_1_830' title='bbox 1093 5071 1296 5144; x_wconf 88' lang='lat' dir='ltr'>negaverimus,</span> <span class='ocrx_word' id='word_1_831' title='bbox 1310 5080 1337 5129; x_wconf 88' lang='lat' dir='ltr'>et</span> <span class='ocrx_word' id='word_1_832' title='bbox 1351 5072 1397 5128; x_wconf 90' lang='lat' dir='ltr'>ille</span> <span class='ocrx_word' id='word_1_833' title='bbox 1412 5072 1522 5145; x_wconf 83' lang='lat' dir='ltr'>negabit</span> <span class='ocrx_word' id='word_1_834' title='bbox 1537 5088 1588 5129; x_wconf 90' lang='lat' dir='ltr'>nos</span> <span class='ocrx_word' id='word_1_835' title='bbox 1606 5089 1612 5129; x_wconf 92' lang='lat'><strong>:</strong></span> <span class='ocrx_word' id='word_1_836' title='bbox 1629 5074 1653 5129; x_wconf 95' lang='lat' dir='ltr'>si</span> <span class='ocrx_word' id='word_1_837' title='bbox 1665 5091 1721 5131; x_wconf 90' lang='lat' dir='ltr'>nou</span> 
     </span>
     <span class='ocr_line' id='line_1_57' title="bbox 73 5158 1722 5237; baseline 0.002 -20"><span class='ocrx_word' id='word_1_838' title='bbox 73 5162 190 5231; x_wconf 85' lang='lat' dir='ltr'>horum;</span> <span class='ocrx_word' id='word_1_839' title='bbox 206 5167 272 5237; x_wconf 86' lang='lat' dir='ltr'>quio</span> <span class='ocrx_word' id='word_1_840' title='bbox 286 5163 333 5219; x_wconf 89' lang='lat' dir='ltr'>ille</span> <span class='ocrx_word' id='word_1_841' title='bbox 347 5163 389 5219; x_wconf 87' lang='lat' dir='ltr'>rui</span> <span class='ocrx_word' id='word_1_842' title='bbox 400 5161 524 5220; x_wconf 90' lang='lat' dir='ltr'>commisi</span> <span class='ocrx_word' id='word_1_843' title='bbox 533 5166 634 5234; x_wconf 82' lang='lat' dir='ltr'>potens</span> <span class='ocrx_word' id='word_1_844' title='bbox 646 5166 688 5217; x_wconf 87' lang='lat' dir='ltr'>est</span> <span class='ocrx_word' id='word_1_845' title='bbox 703 5161 872 5233; x_wconf 84' lang='lat' dir='ltr'>depositum,</span> <span class='ocrx_word' id='word_1_846' title='bbox 925 5181 937 5212; x_wconf 78' lang='grc' dir='ltr'>ι</span> <span class='ocrx_word' id='word_1_847' title='bbox 954 5160 1100 5228; x_wconf 88' lang='lat' dir='ltr'>credimus,</span> <span class='ocrx_word' id='word_1_848' title='bbox 1118 5160 1165 5217; x_wconf 91' lang='lat' dir='ltr'>ille</span> <span class='ocrx_word' id='word_1_849' title='bbox 1188 5158 1278 5216; x_wconf 87' lang='lat' dir='ltr'>fidelis</span> <span class='ocrx_word' id='word_1_850' title='bbox 1300 5169 1450 5233; x_wconf 86' lang='lat' dir='ltr'>permanet,</span> <span class='ocrx_word' id='word_1_851' title='bbox 1476 5177 1578 5234; x_wconf 79' lang='lat' dir='ltr'>negare</span> <span class='ocrx_word' id='word_1_852' title='bbox 1601 5162 1722 5236; x_wconf 90' lang='lat' dir='ltr'>seipsum</span> 
     </span>
    </p>
   </div>
   <div class='ocr_carea' id='block_1_4' title="bbox 68 5248 1721 5502">
    <p class='ocr_par' dir='ltr' id='par_1_4' title="bbox 68 5248 1721 5502">
     <span class='ocr_line' id='line_1_58' title="bbox 71 5248 1721 5323; baseline 0.001 -16"><span class='ocrx_word' id='word_1_853' title='bbox 71 5249 148 5307; x_wconf 85' lang='lat' dir='ltr'>idest</span> <span class='ocrx_word' id='word_1_854' title='bbox 155 5251 343 5319; x_wconf 84' lang='lat' dir='ltr'>commissum,</span> <span class='ocrx_word' id='word_1_855' title='bbox 354 5267 448 5308; x_wconf 87' lang='lat' dir='ltr'>meum</span> <span class='ocrx_word' id='word_1_856' title='bbox 454 5267 565 5307; x_wconf 85' lang='lat' dir='ltr'>seruere</span> <span class='ocrx_word' id='word_1_857' title='bbox 572 5264 660 5320; x_wconf 86' lang='lat' dir='ltr'>usque</span> <span class='ocrx_word' id='word_1_858' title='bbox 668 5249 789 5305; x_wconf 89' lang='lat' dir='ltr'>inillum</span> <span class='ocrx_word' id='word_1_859' title='bbox 799 5248 873 5303; x_wconf 86' lang='lat' dir='ltr'>diem</span> <span class='ocrx_word' id='word_1_860' title='bbox 926 5272 937 5298; x_wconf 75' lang='lat' dir='ltr'>n</span> <span class='ocrx_word' id='word_1_861' title='bbox 954 5264 1009 5305; x_wconf 92' lang='lat' dir='ltr'>non</span> <span class='ocrx_word' id='word_1_862' title='bbox 1022 5257 1122 5320; x_wconf 89' lang='lat' dir='ltr'>potest.</span> <span class='ocrx_word' id='word_1_863' title='bbox 1139 5250 1203 5305; x_wconf 82' lang='lat' dir='ltr'>ilaec</span> <span class='ocrx_word' id='word_1_864' title='bbox 1218 5265 1362 5305; x_wconf 91' lang='lat' dir='ltr'>commone</span> <span class='ocrx_word' id='word_1_865' title='bbox 1376 5248 1557 5323; x_wconf 85' lang='lat' dir='ltr'>[commoneo]</span> <span class='ocrx_word' id='word_1_866' title='bbox 1572 5250 1721 5309; x_wconf 85' lang='lat' dir='ltr'>testificans</span> 
     </span>
     <span class='ocr_line' id='line_1_59' title="bbox 70 5336 1720 5410; baseline 0.001 -16"><span class='ocrx_word' id='word_1_867' title='bbox 70 5340 301 5397; x_wconf 84' lang='lat' dir='ltr'>remunerationis</span> <span class='ocrx_word' id='word_1_868' title='bbox 315 5340 446 5395; x_wconf 89' lang='lat' dir='ltr'>omnium.</span> <span class='ocrx_word' id='word_1_869' title='bbox 469 5340 503 5395; x_wconf 84' lang='lat' dir='ltr'>Et</span> <span class='ocrx_word' id='word_1_870' title='bbox 518 5337 582 5410; x_wconf 90' lang='lat' dir='ltr'>quia</span> <span class='ocrx_word' id='word_1_871' title='bbox 604 5337 681 5393; x_wconf 90' lang='lat' dir='ltr'>vides</span> <span class='ocrx_word' id='word_1_872' title='bbox 703 5336 776 5408; x_wconf 88' lang='lat' dir='ltr'>quod</span> <span class='ocrx_word' id='word_1_873' title='bbox 799 5336 873 5392; x_wconf 84' lang='lat' dir='ltr'>Deus</span> <span class='ocrx_word' id='word_1_874' title='bbox 925 5352 1048 5393; x_wconf 70' lang='lat' dir='ltr'>scoram</span> <span class='ocrx_word' id='word_1_875' title='bbox 1062 5339 1130 5395; x_wconf 91' lang='lat' dir='ltr'>Deo.</span> <span class='ocrx_word' id='word_1_876' title='bbox 1147 5337 1383 5394; x_wconf 91' lang='lat' dir='ltr'>Nolicontendere</span> <span class='ocrx_word' id='word_1_877' title='bbox 1398 5339 1501 5406; x_wconf 86' lang='lat' dir='ltr'>verbis,</span> <span class='ocrx_word' id='word_1_878' title='bbox 1516 5339 1551 5395; x_wconf 84' lang='lat' dir='ltr'>ed</span> <span class='ocrx_word' id='word_1_879' title='bbox 1565 5339 1720 5395; x_wconf 87' lang='lat' dir='ltr'>subversio·</span> 
     </span>
     <span class='ocr_line' id='line_1_60' title="bbox 68 5421 1720 5502; baseline -0.004 -16"><span class='ocrx_word' id='word_1_880' title='bbox 68 5427 193 5486; x_wconf 84' lang='lat' dir='ltr'>custodit</span> <span class='ocrx_word' id='word_1_881' title='bbox 207 5428 281 5502; x_wconf 90' lang='lat' dir='ltr'>quod</span> <span class='ocrx_word' id='word_1_882' title='bbox 294 5443 381 5500; x_wconf 87' lang='lat' dir='ltr'>penes</span> <span class='ocrx_word' id='word_1_883' title='bbox 395 5443 457 5486; x_wconf 91' lang='lat' dir='ltr'>eum</span> <span class='ocrx_word' id='word_1_884' title='bbox 471 5425 625 5499; x_wconf 88' lang='lat' dir='ltr'>deponitur,</span> <span class='ocrx_word' id='word_1_885' title='bbox 641 5433 671 5482; x_wconf 92' lang='lat' dir='ltr'>tu</span> <span class='ocrx_word' id='word_1_886' title='bbox 683 5423 767 5498; x_wconf 86' lang='lat' dir='ltr'>igitur</span> <span class='ocrx_word' id='word_1_887' title='bbox 780 5438 873 5480; x_wconf 80' lang='lat' dir='ltr'>exem·</span> <span class='ocrx_word' id='word_1_888' title='bbox 925 5442 936 5470; x_wconf 74' lang='grc' dir='ltr'>ε</span> <span class='ocrx_word' id='word_1_889' title='bbox 952 5437 1016 5480; x_wconf 89' lang='lat' dir='ltr'>nem</span> <span class='ocrx_word' id='word_1_890' title='bbox 1043 5421 1219 5479; x_wconf 86' lang='lat' dir='ltr'>audientium.</span> <span class='ocrx_word' id='word_1_891' title='bbox 1249 5421 1369 5480; x_wconf 88' lang='lat' dir='ltr'>Sollicite</span> <span class='ocrx_word' id='word_1_892' title='bbox 1393 5432 1484 5481; x_wconf 89' lang='lat' dir='ltr'>autem</span> <span class='ocrx_word' id='word_1_893' title='bbox 1510 5439 1575 5480; x_wconf 86' lang='lat' dir='ltr'>cura</span> <span class='ocrx_word' id='word_1_894' title='bbox 1601 5423 1720 5495; x_wconf 86' lang='lat' dir='ltr'>teipsum</span> 
     </span>
    </p>
   </div>
   <div class='ocr_carea' id='block_1_5' title="bbox 0 0 1880 5984">
    <p class='ocr_par' dir='ltr' id='par_1_5' title="bbox 0 0 1880 5984">
     <span class='ocr_line' id='line_1_61' title="bbox 0 0 1880 5984; baseline 0 3"><span class='ocrx_word' id='word_1_895' title='bbox 0 0 1880 5984; x_wconf 95' lang='lat' dir='ltr'> </span> 
     </span>
    </p>
   </div>
  </div>
 </body>
</html>
