3742 5986
156 176 189 231 tt
407 176 441 232 S.
471 174 651 235 menone
677 174 1003 234 cmtntsnatnttntt
1029 176 1273 237 assumonts
1293 180 1372 238 OPP.
1398 181 1489 239 etas
1514 182 1550 236 ιι.
1769 186 1806 239 92

156 297 282 372 gentina:
314 299 456 356 scientiam
483 301 662 358 baberentde
690 302 845 369 mundanis,
860 303 992 366 tarnenA
1007 324 1019 348 ι
1035 304 1129 358 amenti
1156 314 1230 365 sunt,
1258 305 1328 361 sicut
1360 306 1491 378 seriptum
1518 314 1560 360 est
1575 325 1612 360 :-
1636 306 1719 361 Dedit
1748 305 1806 360 illis

158 387 319 460 insipientes
333 397 413 446 erant
426 405 488 447 cnm
503 390 645 448 veritatem
660 391 743 447 dirini
758 391 847 447 cultus
874 391 956 462 igno-
1007 392 1111 446 «Deus
1122 394 1246 463 spiritum
1269 396 1495 465 compunctionis,
1510 395 1605 450 ocules
1619 403 1648 449 ιιι
1673 411 1729 449 nou
1760 395 1804 448 ri-

158 484 259 532 rarent.
1007 501 1020 529 ι
1036 480 1128 545 deant,
1146 490 1173 535 et
1186 498 1268 537 auras
1282 492 1310 536 ut
1328 498 1382 537 non
1396 484 1519 549 audiant,
1534 499 1621 555 usque
1638 483 1665 536 in
1690 483 1805 537 bodier-

195 567 248 621 Per
274 567 328 624 bec
355 575 445 623 antem
473 568 546 640 quod
571 568 657 624 iudei
672 568 765 624 rident
786 567 955 639 prophetiam
1007 588 1020 618 ι
1036 585 1103 623 num
1112 570 1187 625 diem
1206 572 1323 637 tlensr,
1338 576 1376 637 9;
1399 570 1637 637 1ottt.xm,tt,·
1652 573 1803 638 Jonn.xtt,

157 654 247 727 loysi
261 655 425 727 completam
441 673 513 727 esse,
530 657 601 712 ineo
616 657 680 729 qnia
694 657 817 712 inrident
844 656 956 728 gentili·
1007 658 1089 723 «tn;
1114 660 1176 713 Act.
1205 674 1306 723 nstra,
1323 663 1379 729 ΞΘ).
1399 685 1411 706 ι
1440 661 1473 714 Et
1501 659 1589 714 Darid
1605 659 1670 716 dicit
1687 675 1694 713 ε
1714 683 1726 706 ι
1746 659 1806 713 fiat

159 742 211 799 bns
226 742 305 801 tuns
327 744 499 810 Christianis,
517 745 697 801 idololatriam
712 745 915 810 deserentibus,
930 753 957 800 et
1007 762 1128 800 «mensa
1152 763 1246 802 eorum
1268 763 1363 803 coram
1378 748 1445 819 ipsis
1467 749 1495 802 in
1510 747 1648 820 laqueum,
1660 756 1689 802 et
1711 748 1740 801 in
1755 763 1806 802 ca-

160 847 259 889 noram
292 833 383 905 legem
412 834 599 906 sequentibus,
614 843 783 907 cognoscunt
811 834 957 889 advenisse
1007 835 1169 905 «ptionem,
1185 843 1212 891 et
1235 837 1263 890 in
1292 837 1511 902 mandatumst
1539 837 1566 890 in
1595 835 1807 891 retributionem

159 927 268 992 tempus
296 922 363 977 illud
388 923 423 978 de
449 939 504 995 quo
525 924 577 978 boc
592 923 759 994 praedicebat
773 924 890 995 lloyses,
907 924 956 978 sed
1008 923 1101 979 «iltis.
1128 923 1316 979 obscurentur
1349 926 1422 980 oculi
1449 940 1543 979 eomm
1563 941 1598 978 ne
1625 924 1750 988 rideant,
1781 932 1809 978 et

157 1010 311 1066 amaritudo
325 1026 419 1066 eorum
434 1027 487 1067 non
504 1010 559 1066 tult
572 1013 749 1083 acquiescere
772 1028 842 1067 rene
857 1013 956 1085 cogni-
1007 1035 1019 1058 ι
1040 1011 1153 1066 dorsum
1167 1029 1260 1067 eorum
1269 1014 1592 1084 semperiucurrat'l’rut.
1603 1027 1701 1076 urm,
1717 1015 1776 1082 ΞΒ).
1792 1033 1804 1061 ι

158 1097 411 1170 tionilloyscsboc
421 1099 486 1155 dicit
496 1099 955 1163 deludaeis.laaioruetemaadct,
1007 1120 1020 1150 ι
1037 1101 1105 1155 Dico
1119 1117 1186 1170 ergo
1202 1117 1209 1154 :
1225 1101 1353 1172 Nunquid
1370 1101 1600 1167 sieobendemnt,
1611 1108 1641 1155 ut
1651 1101 1807 1156 caderent?

158 1191 188 1245 et
202 1188 273 1243 dicit
289 1188 340 1244 boe
357 1188 393 1244 de
410 1187 561 1244 salvatione
575 1189 697 1262 gentium
713 1197 740 1244 ει
767 1189 956 1260 reprobatione
1006 1211 1019 1237 ι
1037 1188 1134 1243 Absit!
1151 1189 1206 1245 Sed
1221 1190 1328 1244 illomm
1347 1190 1447 1246 delicto
1466 1190 1539 1244 salus
1554 1196 1596 1244 est
1620 1189 1759 1260 gentibus.
1776 1197 1806 1242 ut

158 1275 534 1350 ludaeorumdudetutique.
552 1277 684 1334 llieenim
695 1279 854 1349 lsaiesquia
868 1280 957 1334 mani·
1008 1278 1097 1332 «illos
1111 1278 1281 1333 aemulentur.
1298 1277 1368 1348 Quia
1384 1279 1408 1333 si
1422 1279 1552 1334 debetum
1575 1278 1682 1333 illorum
1701 1278 1806 1333 diritiae

159 1362 256 1420 lentius
279 1364 349 1422 61
363 1365 471 1421 ceteris
495 1365 672 1421 intrationem
692 1367 817 1440 gentium
839 1370 957 1439 propbe-
1007 1388 1020 1414 ι
1036 1374 1099 1420 sunt
1113 1366 1217 1431 mundi,
1233 1374 1259 1422 et
1273 1367 1415 1423 diminutio
1425 1383 1520 1422 eorum
1531 1366 1631 1421 divitiae
1654 1366 1778 1439 gentium
1797 1380 1804 1419 t

158 1453 234 1520 tavit,
248 1453 332 1509 multa
347 1454 457 1524 pertulit
472 1469 489 1508 a
502 1454 622 1522 iudaeis,
638 1456 713 1510 etad
729 1455 852 1511 ultimum
868 1456 953 1513 inter·
1007 1477 1019 1503 ι
1037 1463 1139 1526 quanto
1152 1456 1242 1528 magis
1256 1455 1396 1525 plenitudo
1420 1455 1538 1510 eorum?
1554 1455 1637 1509 Vobis
1652 1454 1725 1509 enim
1739 1454 1804 1511 dico

159 1540 246 1598 lectus
261 1549 303 1597 est
316 1541 352 1598 ab
366 1541 416 1597 eis.
442 1542 557 1600 ldensic
584 1544 621 1597 ait
637 1560 644 1598 :
661 1544 759 1610 Audet,
775 1544 803 1599 id
828 1553 870 1600 est
899 1562 954 1601 non
1008 1567 1020 1590 ι
1036 1543 1175 1614 gentibus.
1205 1543 1332 1612 Quandiu
1360 1544 1469 1615 quidem
1489 1539 1552 1615 'ego
1591 1559 1652 1597 sum
1679 1543 1805 1615 gentium

159 1628 355 1701 reformidans,
371 1630 421 1686 sed
435 1646 497 1687 cum
511 1631 627 1687 audacia
649 1633 714 1688 dicit
729 1634 782 1689 boe
798 1650 804 1687 :
821 1634 1020 1719 inuentusB«
1038 1632 1194 1703 Apostolus,
1224 1631 1401 1686 ministerium
1429 1648 1520 1687 meum
1553 1629 1742 1687 honorificabo
1759 1649 1766 1685 :
1783 1631 1817 1686 si>

159 1736 223 1778 rum
237 1735 322 1776 onon
336 1720 525 1792 querentibus
539 1721 659 1792 mc(lre.
677 1737 744 1791 ιιιι,
762 1725 772 1776 l
779 1734 798 1791 ).
814 1722 865 1778 Ubi
879 1723 916 1778 ait
925 1740 956 1779 se
1009 1720 1176 1793 «quomodo
1217 1720 1251 1775 ad
1291 1720 1474 1775 aemulandum
1514 1735 1662 1790 provocem
1695 1735 1805 1776 caruem

163 1807 303 1863 inventum
318 1815 344 1863 et
360 1823 414 1864 non
428 1808 583 1880 quesitum,
601 1826 662 1881 quae
687 1826 845 1883 repugnare
858 1812 957 1868 niden·
1009 1825 1139 1876 urucam,
1170 1817 1197 1864 et
1226 1808 1316 1865 salros
1343 1808 1442 1865 faciam
1474 1808 1581 1880 aliquos
1615 1824 1648 1863 ει
1693 1808 1758 1864 illis.
1775 1809 1805 1864 Si

160 1903 212 1966 tur,
228 1896 347 1952 ostendit
357 1913 389 1952 ex
405 1897 462 1952 sola
476 1897 667 1954 misericordie
689 1899 738 1954 Dei
754 1908 852 1972 gentes
877 1900 957 1957 inre·
1011 1919 1023 1951 ι
1037 1899 1108 1953 enim
1132 1898 1243 1953 amissio
1257 1913 1353 1953 eorum
1367 1897 1551 1953 reconciliatio
1566 1881 1608 1951 eit
1622 1896 1727 1962 mundi,
1744 1914 1806 1968 qum

160 1983 235 2040 nisse
263 1984 388 2040 salntem.
415 1985 543 2040 luventas
568 2002 638 2052 sum,
665 1986 785 2059 inquam,
801 2005 817 2042 a
831 1990 957 2061 gentibus
1009 2009 1020 2039 ι
1034 1988 1183 2058 assumptio
1198 1987 1250 2041 nisi
1265 1987 1319 2042 vita
1344 2002 1378 2042 ex
1393 1987 1531 2042 mortuis?
1545 1985 1615 2054 Quia
1636 1986 1660 2040 si
1674 1985 1805 2041 delibatio

159 2088 213 2129 non
230 2073 414 2145 querentibus
428 2089 482 2141 me,
498 2074 614 2129 naturali
630 2075 754 2142 ratione,
770 2093 852 2147 quam
866 2077 906 2132 eis
921 2078 958 2134 ad
1009 2099 1020 2129 ι
1038 2085 1134 2132 saneta
1149 2086 1199 2141 est,
1214 2082 1241 2131 et
1261 2091 1353 2130 massa
1364 2094 1373 2142 ς
1383 2081 1410 2131 ει
1424 2075 1448 2130 si
1471 2075 1548 2130 radix
1563 2083 1665 2142 sancta,
1682 2081 1708 2130 et
1723 2075 1804 2129 rami.

159 2161 366 2235 intelligendum
381 2178 424 2217 me
443 2161 583 2232 dederam,
600 2171 627 2218 et
650 2166 772 2238 apparui
786 2166 830 2222 bis
847 2168 955 2238 putum,
981 2228 985 2235 ,
1008 2190 1020 2215 ι
1039 2164 1119 2233 Quod
1134 2164 1158 2219 si
1171 2164 1254 2236 aliqui
1269 2180 1301 2219 ει
1318 2164 1401 2219 remis
1416 2163 1493 2219 fracti
1509 2170 1582 2230 suut,
1597 2171 1627 2217 tu
1637 2170 1726 2218 autem
1742 2178 1805 2218 cum

161 2249 189 2306 id
205 2250 283 2307 estin
294 2249 568 2306 manifestuumnium
579 2253 693 2322 positus.
706 2254 755 2308 llis
769 2254 956 2328 dicoquinon
1009 2276 1020 2306 ι
1038 2254 1156 2310 oleaster
1170 2270 1257 2319 esses,
1273 2252 1391 2308 insertus
1410 2268 1441 2308 es
1456 2252 1484 2306 iu
1499 2252 1562 2318 illis,
1596 2258 1623 2306 et
1641 2251 1734 2307 socius
1761 2267 1807 2304 ra-

160 2339 374 2411 tnterropeient
390 2355 445 2406 me,
460 2338 488 2394 id
504 2347 545 2396 est
555 2340 739 2413 cognitionem
755 2341 808 2398 mei
819 2343 854 2398 ab
865 2345 957 2416 aliquo
1009 2366 1020 2393 ι
1037 2343 1105 2399 dicis
1120 2351 1146 2398 et
1161 2341 1335 2415 pinguedinis
1351 2341 1431 2397 olirae
1445 2339 1533 2396 laetus
1553 2356 1593 2409 es,
1610 2339 1666 2395 noli
1690 2339 1806 2412 gloriari

159 2427 339 2501 intelligente.
357 2427 384 2483 Si
401 2427 471 2483 enim
486 2444 531 2484 me
546 2445 595 2484 sua
610 2430 717 2486 ratione
732 2441 893 2503 quererent,
906 2449 957 2491 nee
1008 2455 1019 2481 ι
1037 2432 1169 2487 adversus
1183 2446 1284 2486 ramos.
1309 2429 1388 2498 Quod
1404 2425 1429 2483 si
1448 2429 1586 2502 gloriaris,
1599 2444 1655 2483 non
1677 2435 1705 2482 tu
1729 2428 1804 2483 radi-

159 2531 330 2589 eognoscere
346 2515 515 2585 sufficerent,
532 2525 714 2589 opportunum
739 2528 813 2575 esset
826 2528 855 2575 ut
869 2521 956 2576 inter·
1008 2545 1019 2568 u
1038 2537 1097 2577 cem
1112 2528 1215 2591 portas,
1228 2519 1276 2574 sed
1295 2519 1369 2573 radix
1384 2527 1421 2573 te.
1443 2518 1517 2574 Dicis
1542 2532 1610 2591 ergo
1622 2517 1726 2572 :Fraoti
1742 2525 1805 2571 sunt

161 2613 292 2679 rogarent
306 2606 340 2660 ab
352 2604 530 2678 intelligente,
547 2607 620 2678 quod
644 2607 696 2678 ipsi
715 2608 804 2663 minus
819 2609 956 2682 intellige·
1008 2631 1020 2661 ι
1037 2609 1116 2675 ιιιιιιι,
1128 2618 1157 2663 ut
1170 2624 1223 2681 ego
1234 2608 1350 2662 inserar.
1360 2608 1442 2662 Bene.
1454 2608 1567 2677 Propter
1585 2605 1805 2661 incredulitatem

164 2701 234 2750 rent.
247 2693 292 2750 Sic
307 2693 344 2748 ait
359 2693 441 2748 lanias
457 2695 491 2750 de
506 2695 644 2768 pentibus.
654 2695 696 2751 ld
710 2698 798 2752 lsrael
808 2701 913 2763 neum,
928 2698 957 2753 id
1009 2698 1109 2754 «fracti
1121 2705 1195 2752 suut.
1208 2698 1246 2752 Tu
1256 2694 1407 2751 autemfide
1424 2702 1489 2750 stas.
1501 2695 1564 2750 Noli
1586 2694 1669 2749 ultum
1694 2709 1802 2764 sapere,

161 2789 202 2840 eat
217 2781 399 2838 adiudaicum
410 2783 551 2854 populum,
568 2783 632 2839 dicit
646 2785 708 2841 hoc.
730 2786 795 2841 loto
806 2786 862 2852 dic,
873 2785 900 2840 id
916 2793 957 2842 est
1008 2809 1020 2840 ι
1042 2786 1090 2842 sed
1107 2787 1181 2842 time.
1198 2786 1226 2841 Si
1237 2785 1311 2840 enim
1325 2785 1398 2840 Deus
1410 2783 1578 2840 naturalibus
1594 2782 1678 2838 ramis
1688 2798 1806 2854 nonpe-

122 2916 124 2921 .
159 2880 216 2928 toto
231 2878 353 2943 tempore
368 2886 418 2942 per
431 2871 643 2942 praedicatorem
659 2872 703 2929 rel
718 2880 772 2929 tota
785 2873 831 2929 illa
845 2874 890 2929 die
905 2893 957 2947 qua
1008 2875 1129 2948 «percit,
1145 2874 1265 2930 ueiorte
1283 2889 1334 2930 nee
1350 2873 1398 2928 tibi
1421 2880 1526 2943 pareat.
1543 2872 1611 2928 l'ide
1640 2886 1708 2945 ergo
1724 2870 1806 2926 boni-

158 2959 276 3035 pependi
286 2960 411 3026 ineruee,
425 2961 551 3033 expendi
562 2978 666 3017 munus
679 2978 768 3026 mens,
783 2962 863 3018 idest
874 2962 956 3021 affec·
1009 2987 1020 3012 ι
1037 2971 1120 3020 ιιιιειιι
1135 2971 1161 3019 ει
1177 2962 1350 3019 severitatem
1365 2961 1424 3017 Dei.
1448 2962 1478 3015 In
1501 2976 1548 3016 eos
1570 2959 1680 3031 quidem
1695 2960 1741 3031 qui
1756 2975 1805 3014 ce-

160 3049 248 3106 tiones
258 3057 285 3105 et
296 3065 379 3121 opera
390 3064 462 3112 mea,
474 3048 510 3104 ed
519 3052 654 3122 poputum
664 3050 817 3117 ludoicum,
828 3067 883 3106 non
893 3018 992 3107 cre·G
1008 3074 1020 3104 ι
1037 3053 1160 3110 ciderunt
1175 3052 1358 3117 severitatem,
1370 3050 1398 3104 in
1414 3057 1440 3105 te
1464 3057 1553 3105 antem
1569 3048 1717 3104 bonitatem
1742 3047 1802 3115 Dei,

159 3138 279 3196 dentem.
296 3138 353 3194 Neu
368 3138 457 3194 solum
472 3155 529 3194 non
545 3139 716 3205 credentem,
732 3139 876 3196 sedetiam
891 3157 958 3197 eon·
1007 3164 1019 3190 ι
1042 3142 1065 3196 si
1075 3141 1257 3213 permanseris
1272 3140 1300 3195 iu
1319 3139 1449 3194 bonitate.
1463 3137 1591 3209 Alioquin
1606 3147 1631 3192 et
1647 3147 1675 3191 tu
1691 3135 1804 3192 excide-

162 3228 351 3284 tradicentem
377 3226 454 3282 mibi.
482 3227 622 3299 Expansiu
649 3244 778 3284 manuum
811 3229 909 3284 Cbristi
929 3230 958 3283 in
1009 3231 1085 3286 «ris.
1102 3230 1157 3286 Sed
1172 3237 1198 3285 et
1212 3229 1251 3284 illi
1266 3228 1289 3283 si
1303 3244 1356 3283 non
1379 3226 1578 3298 permanserint
1603 3226 1631 3280 in
1659 3224 1804 3281 increduli-

159 3332 239 3374 eruea
250 3314 413 3386 significavit
424 3315 607 3381 delictionem,
620 3332 673 3389 qua
684 3333 794 3389 semper
809 3317 958 3389 amplexari
1009 3342 1021 3372 ι
1039 3328 1103 3386 ιειε,
1118 3319 1284 3375 inserentur.
1300 3318 1399 3373 Potens
1416 3324 1457 3371 est
1473 3315 1545 3371 enim
1560 3316 1634 3370 Deus
1649 3314 1747 3370 iterum
1762 3313 1804 3368 in-

160 3404 245 3463 voluit
272 3404 398 3471 ludaeos,
428 3419 482 3477 qua
509 3405 589 3461 etiam
619 3405 647 3462 in
671 3421 762 3473 cruce,
793 3407 816 3462 si
839 3408 957 3479 poenite-
1009 3425 1132 3465 «serere
1144 3408 1214 3463 illos.
1232 3406 1390 3463 sszNam
1404 3405 1427 3460 si
1438 3413 1466 3459 tu
1481 3421 1514 3458 er
1527 3402 1644 3459 naturali
1655 3402 1762 3458 excisus
1774 3419 1803 3459 es

159 3501 230 3562 rent,
246 3501 356 3566 paratus
370 3503 427 3550 erut
442 3494 533 3551 omnia
556 3495 701 3552 dimittere.
718 3497 790 3553 Ecce
818 3497 916 3553 iterum
931 3497 958 3553 in
1010 3520 1021 3549 ι
1045 3499 1173 3564 oleastro,
1189 3503 1216 3552 et
1230 3503 1324 3551 contra
1337 3501 1463 3550 naturam
1483 3493 1602 3548 insertus
1618 3509 1647 3547 es
1660 3491 1688 3546 in
1701 3491 1803 3547 bonam

160 3583 232 3641 isaia
247 3583 366 3639 ostendit
377 3584 486 3640 iudaeos
498 3585 671 3656 cognovisse,
695 3601 757 3642 eum
777 3585 886 3642 videant
906 3588 959 3644 hoe
1010 3610 1022 3641 ι
1039 3587 1149 3655 olivam,
1167 3592 1268 3658 quanto
1284 3583 1371 3655 magis
1386 3582 1413 3637 ιιι
1438 3581 1484 3654 qui
1502 3581 1652 3637 secundum
1679 3588 1803 3635 naturam

160 3673 233 3745 quod
248 3671 315 3727 dixit
328 3671 469 3744 impletum
485 3689 556 3728 esse.
573 3673 698 3729 Ostendit
720 3674 802 3730 etiam
829 3674 958 3731 salvatio-
1010 3700 1021 3725 ι
1039 3676 1195 3731 inserentur
1216 3689 1272 3729 sure
1299 3671 1400 3728 olivael
1428 3671 1497 3727 Nolo
1512 3670 1583 3726 enim
1601 3685 1650 3726 vos
1665 3669 1803 3740 ignorare,

160 3775 223 3819 nent
238 3759 360 3834 gentium
371 3769 398 3817 et
417 3761 637 3833 reprobationem
650 3762 814 3819 ludaeorum.
1010 3788 1022 3818 ι
1038 3765 1144 3830 iratres,
1162 3762 1321 3835 mysterium
1332 3762 1393 3825 boc,
1409 3768 1437 3815 ut
1453 3775 1506 3816 non
1522 3758 1580 3814 sitis
1599 3757 1746 3830 vobisipsis
1760 3773 1805 3813 se-

1011 3877 1022 3906 «
1039 3855 1155 3926 pientes,
1171 3852 1235 3924 quia
1249 3851 1357 3908 caecitus
1377 3866 1409 3905 ex
1433 3856 1512 3920 parte
1526 3847 1639 3919 contigit
1653 3847 1681 3902 in
1708 3847 1803 3913 lsrael,

463 3955 577 4013 cqpup
599 3956 649 4012 χι,
1011 3965 1023 3996 ι
1040 3945 1128 3999 donec
1157 3940 1298 4013 plenitudo
1316 3938 1438 4012 gentium
1462 3937 1575 3993 intraret
1591 3952 1597 3990 :
1613 3936 1695 3993 etsie
1714 3936 1805 3991 omnis

1011 4053 1023 4084 ι
1040 4031 1122 4088 lsrael
1134 4029 1226 4086 sulvus
1250 4026 1336 4093 fieret,
1352 4027 1422 4083 sicut
1451 4025 1660 4096 scriptumest:
1679 4046 1690 4075 ι
1708 4025 1805 4081 Veniet

199 4139 209 4167 ι
236 4115 305 4174 Dico
334 4131 402 4190 erqo
418 4130 424 4171 :
440 4115 570 4189 Nunquid
598 4117 695 4189 repulit
722 4119 797 4174 Deus
825 4120 957 4191 populum
1011 4142 1021 4169 ι
1041 4137 1073 4176 ει
1089 4119 1164 4187 Sion,
1181 4118 1227 4190 qui
1241 4115 1339 4187 eripiat
1354 4122 1381 4171 et
1395 4121 1498 4171 avertat
1512 4113 1677 4185 impietatem
1700 4113 1735 4167 ab
1756 4115 1805 4169 Ja-

163 4227 174 4256 ι
193 4207 296 4261 suum?
311 4203 405 4261 nbsitt
422 4205 493 4262 Nam
508 4213 534 4262 et
558 4221 611 4281 ego
641 4207 764 4264 israelita
788 4225 848 4263 sum
865 4225 898 4265 ex
913 4226 959 4265 se·
1011 4232 1022 4258 ι
1041 4209 1093 4265 cub
1108 4207 1173 4277 (ιιι.
1189 4221 1245 4267 ιιι.
1262 4207 1318 4275 20).
1338 4225 1349 4254 ι
1367 4205 1401 4259 Et
1415 4204 1468 4259 hou
1490 4202 1543 4257 illis
1559 4217 1575 4257 a
1589 4217 1633 4258 me
1656 4209 1807 4258 testamen-

163 4294 263 4352 «miue
279 4294 429 4362 Abrabam,
454 4295 489 4351 de
515 4294 585 4350 tribu
613 4296 762 4366 Beniamin.
785 4298 846 4353 Non
863 4298 960 4370 repulit
1011 4321 1022 4346 ι
1041 4306 1108 4358 tum.
1130 4312 1191 4352 cum
1219 4293 1358 4349 abstulero
1385 4300 1496 4364 peecata
1517 4307 1621 4347 eorum.
1648 4291 1806 4347 Secundum

162 4405 174 4436 ι
191 4383 265 4440 Deus
280 4382 389 4455 plebem
404 4399 498 4449 suam,
517 4399 598 4456 quam
623 4385 768 4456 prescivit.
785 4388 827 4441 An
849 4387 960 4443 nescitis
975 4377 1024 4439 Dc
1042 4385 1222 4459 Evangelium
1233 4383 1345 4455 quidem
1359 4381 1461 4436 inimici
1488 4387 1600 4452 propter
1615 4396 1680 4445 vos,
1704 4396 1807 4436 seeun-

163 4493 174 4522 t
193 4471 258 4543 quid
273 4471 338 4529 dicit
361 4471 500 4544 Scriptura
522 4472 550 4527 in
572 4472 630 4528 illia
646 4490 652 4530 :
670 4474 897 4545 quemadmodum
916 4475 960 4530 in·
1013 4476 1106 4530 «dum
1121 4473 1282 4530 electionem
1298 4468 1556 4526 autem-charissimi
1576 4475 1689 4541 propter
1703 4477 1805 4539 patres.

163 4583 174 4610 ι
193 4560 318 4632 terpellat
333 4562 419 4617 Deum
435 4560 581 4617 adversum
596 4560 669 4634 [pro]
684 4562 789 4618 lsrael?
805 4585 816 4611 ι
834 4563 960 4631 Domine,
1012 4588 1023 4614 ι
1043 4564 1107 4620 Sine
1130 4560 1289 4634 poenitentia
1318 4558 1392 4615 enim
1405 4567 1467 4614 sunt
1480 4558 1567 4624 dona,
1584 4564 1611 4612 et
1625 4557 1729 4612 vocatio
1744 4558 1806 4614 Dei.

163 4650 335 4722 rpropbetas
351 4657 411 4706 tuos
426 4649 596 4719 oeciderunt,
613 4649 707 4705 altaria
722 4659 768 4706 tua
782 4650 959 4718 suffodemnt,
1012 4677 1023 4703 ι
1042 4653 1115 4709 Sicut
1130 4651 1203 4707 euim
1218 4647 1366 4721 aliquando
1382 4656 1408 4703 et
1433 4663 1481 4702 vos
1496 4662 1551 4703 non
1566 4645 1721 4702 credidistis
1736 4646 1807 4713 Deo,

164 4746 216 4795 rut
243 4754 297 4813 ego
324 4738 435 4794 relictus
460 4754 521 4793 sum
550 4737 633 4804 solus,
651 4747 677 4794 ει
704 4741 959 4811 quarantanimam
1012 4748 1213 4797 «nuncautem
1241 4736 1459 4792 misericordiam
1483 4734 1623 4793 consecuti
1646 4734 1722 4804 estis,
1739 4751 1809 4806 pre-

163 4841 275 4882 rmenm
291 4825 342 4898 (tlt
356 4829 418 4899 lteq.
435 4841 496 4893 ιιι,
508 4825 563 4897 tt).
579 4849 590 4874 ι
607 4827 663 4882 Sed
678 4827 743 4898 quid
757 4827 822 4883 dicit
835 4829 873 4884 illi
888 4830 961 4901 divi·
1013 4853 1024 4883 ι
1039 4838 1100 4902 pter
1130 4826 1346 4884 incredulitatem
1366 4824 1489 4890 illorum;
1511 4823 1547 4878 ita
1563 4829 1589 4879 et
1607 4822 1725 4878 istinunu
1751 4839 1808 4879 non

163 4930 258 4970 ιιιιιιιι
283 4914 468 4986 responsum?
485 4938 496 4963 ι
515 4913 622 4986 Reliqui
649 4915 715 4970 mibi
744 4924 848 4987 septem
877 4917 962 4974 millia
1013 4917 1216 4976 «credidemnt
1238 4914 1266 4969 in
1288 4921 1407 4971 vestram
1430 4911 1655 4980 misericordiam,
1671 4918 1740 4967 utet
1755 4911 1808 4983 ipsi

165 5024 176 5051 ι
196 5001 335 5072 virorum,
352 5002 397 5074 qui
424 5018 479 5059 non
509 5011 692 5059 curvaverunt
717 5019 806 5074 genua
820 5013 883 5061 ante
897 5007 960 5063 baal
1013 5029 1025 5060 ι
1043 5003 1260 5063 misericordiam
1275 5008 1487 5075 consequantur.
1499 5000 1639 5056 Conclusit
1652 5000 1725 5055 enim
1734 5002 1808 5056 Deus

164 5091 322 5164 r(llllth.
340 5106 400 5154 rtnt,
418 5091 473 5162 ta).
493 5112 504 5141 ι
523 5091 692 5164 sicergoin
711 5093 960 5166 boetempotere-
1012 5094 1132 5153 «omnia
1168 5093 1195 5149 in
1224 5091 1465 5156 incredulitatem
1483 5089 1603 5146 omnium
1633 5088 1806 5144 misereatur.

164 5201 176 5229 ι
195 5177 285 5252 liquite
301 5179 451 5235 seeundum
467 5178 625 5236 electionem
641 5180 737 5253 gratia.¹
746 5182 886 5239 Deisalrre
898 5183 962 5240 lient
1013 5210 1023 5234 ι
1042 5187 1065 5242 0
1081 5184 1194 5241 altitudo
1220 5182 1375 5239 divitiarum
1400 5179 1540 5251 sapientire
1554 5186 1580 5234 et
1596 5177 1714 5234 scicntiae
1745 5179 1807 5244 Dei,

164 5266 281 5342 «llanttu
296 5266 378 5341 suntl.
397 5266 525 5324 Siautom
541 5267 626 5340 gratia
638 5269 759 5338 jamnon
775 5272 962 5343 exoperibus.
1014 5290 1125 5347 «quam
1158 5269 1447 5343 incomprehensibilia
1482 5276 1544 5323 sunt
1568 5266 1669 5336 judicia
1691 5267 1760 5336 ejus,
1783 5275 1811 5322 et

165 5378 177 5409 ι
194 5357 321 5430 Alioquin
336 5355 424 5428 qratia
440 5356 495 5425 jum
512 5372 567 5412 non
591 5365 633 5413 est
646 5359 744 5430 gratia.
771 5359 843 5428 Quid
869 5362 962 5434 ergo?
1014 5385 1025 5414 ι
1040 5361 1243 5435 investigabiles
1259 5361 1310 5416 vice
1337 5359 1404 5427 ejus.
1430 5357 1497 5426 Quis
1511 5357 1583 5412 enim
1600 5355 1729 5428 cognorit
1743 5373 1809 5410 sen-

165 5467 177 5499 ι
196 5445 275 5515 Qunt
298 5445 438 5517 quaerebat
452 5444 545 5513 lsrael,
562 5445 616 5502 boo
635 5462 690 5502 non
713 5455 755 5502 est
779 5458 960 5518 consecutus;
1014 5472 1026 5503 ι
1043 5468 1102 5507 sum
1125 5449 1243 5515 Domini,
1260 5456 1306 5504 aut
1316 5448 1378 5519 quis
1392 5444 1563 5502 consiliarius
1578 5444 1637 5514 ejus
1648 5443 1808 5518 luitttsep.

130 5532 136 5541 “
165 5532 291 5595 relectio
320 5540 411 5592 autum
444 5541 590 5595 consecuta
613 5541 672 5607 est;
702 5536 795 5595 ceteri
817 5552 884 5595 vcro
911 5554 962 5602 ei·
1014 5555 1084 5607 ιιι,
1119 5542 1171 5607 13;
1192 5539 1324 5605 lectu,
1346 5534 1427 5604 1331
1450 5533 1514 5590 Cor.
1547 5549 1577 5601 ιι,
1596 5534 1652 5604 tu.)
1679 5533 1810 5608 nmquis
