3750 5984
789 163 1091 222 consuescamus

805 287 1002 345 CAPITULUM
1015 289 1075 344 XV.

750 387 788 442 lle
802 385 982 442 ordinatione
995 386 1112 458 prioris.

153 507 180 562 l.
196 506 264 561 Cum
275 507 396 578 priorem
415 507 512 564 domus
533 509 614 579 bujus
634 510 711 566 obire
736 509 889 582 contigerit,
911 517 974 582 post
994 510 1052 580 ejus
1078 509 1242 581 sepulturam
1265 509 1421 566 convocatis
1442 509 1580 577 iratribus,
1606 506 1760 563 triduanum

119 601 224 657 cunctis
237 601 365 659 indicitur
376 604 518 675 jejunium,
534 621 666 679 maneque
681 615 707 662 et
721 622 837 677 vespere
851 606 879 661 iu
893 606 1010 663 ecclesia
1023 607 1155 680 psalmus,
1172 609 1212 663 Ad
1228 611 1255 664 te
1272 609 1368 674 lenoni,
1385 607 1494 678 expleto
1508 605 1605 672 officio,
1626 605 1763 662 communi

118 698 264 757 devotione
279 707 409 768 cantatur,
425 704 668 775 procumbentibus
683 720 764 775 super
777 703 880 759 formas
893 703 1019 760 omnibus
1036 723 1042 758 :
1059 707 1140 777 Kyric
1155 706 1269 772 eleison,
1282 707 1367 762 Pater
1381 708 1487 772 noster,
1508 711 1535 759 et
1548 718 1654 775 preces,
1667 703 1762 759 Salvos

117 799 166 866 sac
180 813 272 854 servos
287 800 444 866 tacebitne
459 801 499 856 eta
513 802 659 857 camitem
673 801 706 857 de
719 804 826 868 sancto,
835 802 911 857 Ntltt
924 802 1056 875 proficiat
1071 804 1204 859 inimicus
1219 804 1250 858 in
1260 804 1343 868 ciaet
1352 802 1447 867 oratio,
1462 801 1619 868 Praetende,
1632 802 1759 866 Domine,

115 904 317 966 supponuntur.
335 895 435 966 Quinta
450 906 541 954 autem
556 899 599 954 die
613 914 694 954 mane
709 898 791 954 missa
805 899 839 954 de
854 898 954 970 Spiritu
977 899 1114 969 paracleto
1127 899 1154 953 in
1169 907 1303 954 conventu
1323 899 1497 954 devotissime
1511 897 1677 953 celebratur.
1695 897 1761 952 lude

115 990 143 1044 in
165 992 313 1062 capitulum
335 995 537 1064 convenientes,
553 997 686 1064 majorum
707 996 902 1067 melionrmque
924 995 1038 1053 consilio
1053 1013 1084 1051 ex
1102 995 1199 1067 seipsis
1219 1013 1303 1050 uuum
1324 997 1437 1068 eligunt,
1454 1002 1498 1050 aut
1520 994 1699 1061 sacerdotem,
1716 1001 1762 1048 aut

115 1089 150 1143 ad
165 1090 349 1145 sacerdotium
369 1093 593 1163 promovendum,
610 1093 754 1165 statimque
768 1094 796 1148 iu
810 1093 1023 1164 praedecessoris
1046 1093 1212 1148 transierunt
1226 1093 1325 1150 locum.
1342 1094 1491 1165 Totamque
1512 1092 1584 1147 diem
1599 1091 1672 1147 illam
1687 1102 1775 1163 gau-⁴

115 1185 162 1241 dio
177 1187 343 1256 dedicantes,
361 1188 402 1242 bis
417 1188 469 1244 nisi
482 1190 648 1262 praeoipuum
660 1191 791 1259 iejunium
806 1190 896 1260 luerit,
911 1189 940 1244 in
952 1189 1096 1246 refectorio
1113 1191 1270 1246 comedunt.

794 1340 1082 1397 COMMENTARIUS.

115 1479 147 1518 se
160 1463 280 1534 privare,
296 1464 484 1536 quianihilest
498 1466 526 1520 in
543 1466 616 1538 quod
631 1465 792 1538 propensius
803 1466 895 1520 tendat
905 1468 950 1533 ;A
966 1465 1012 1531 tio,
1029 1481 1090 1536 quae
1103 1480 1136 1520 ex
1150 1464 1341 1520 concurrentia
1352 1464 1533 1534 corporalium
1544 1471 1570 1518 et
1578 1463 1759 1534 spiritualium

116 1568 238 1623 ususque
251 1552 338 1609 libere
359 1554 541 1609 conversandi
555 1562 582 1608 et
605 1555 742 1627 loquendi,
760 1563 801 1609 est
824 1554 914 1626 quod·
964 1553 1154 1609 exercitiorum
1176 1553 1256 1607 simul
1280 1553 1427 1624 prudenter
1449 1552 1589 1609 mistorum
1605 1561 1631 1608 et
1651 1560 1758 1623 tempe-

115 1640 179 1694 dam
195 1658 308 1714 germen
323 1642 509 1698 delectationis
528 1643 668 1709 naturalis,
686 1659 739 1714 quo
753 1660 802 1714 per
817 1643 913 1698 solitu·
963 1650 1094 1709 natorum,
1111 1641 1192 1696 statui
1207 1642 1325 1697 humano
1341 1642 1379 1696 sic
1394 1648 1435 1696 est
1449 1658 1509 1697 cum
1524 1641 1616 1696 debita
1640 1656 1759 1711 propor-

114 1728 188 1783 dinis
203 1737 229 1785 et
243 1730 342 1785 silentii
366 1731 525 1788 exercitium
547 1732 748 1804 quodammodo
770 1730 912 1794 suffocato,
962 1729 1035 1785 tione
1050 1730 1264 1795 accommodata,
1275 1737 1304 1783 ut
1314 1729 1590 1801 secureproxerbium
1602 1729 1667 1784 illud
1683 1729 1760 1784 diea-

114 1817 171 1871 vim
191 1818 302 1889 patitur,
319 1819 381 1890 quia
403 1837 437 1875 ne
461 1836 570 1874 sursum
592 1819 726 1893 germinet
749 1819 908 1891 impeditur.
962 1835 1041 1873 mus:
1056 1820 1140 1875 Serva
1155 1818 1332 1883 ordinem‚et
1343 1819 1579 1890 ipseteseruabit,
1592 1825 1760 1873 nontantum

114 1905 170 1961 Sed
185 1905 250 1960 nibil
274 1914 314 1961 est
331 1909 403 1989 quod
427 1918 551 1963 naturam
570 1917 726 1980 corruptam
749 1908 836 1978 possit
852 1923 913 1961 am·
962 1907 1105 1975 inanima,
1121 1907 1169 1961 sed
1181 1915 1207 1961 et
1221 1907 1248 1960 in
1258 1908 1382 1977 corporis
1397 1914 1478 1979 atque
1493 1907 1573 1962 etiam
1589 1907 1672 1961 animi
1688 1906 1759 1962 bona

112 1993 187 2065 plius
202 2003 227 2049 et
238 1995 361 2051 securius
375 1996 514 2063 edomare,
532 2005 636 2069 atquea
647 1996 776 2069 perieulis
791 2012 911 2061 serrare,
961 1995 1123 2064 valetudine,
1140 2002 1166 2051 et
1180 1995 1226 2065 pia
1240 1995 1383 2050 hilaritate.

114 2082 179 2155 quia
194 2083 256 2138 inde
281 2084 439 2141 occasiones
454 2085 479 2140 ei
494 2085 652 2141 aulemntur
671 2102 700 2141 se
715 2086 742 2140 in
763 2101 912 2141 conversa·
998 2083 1097 2138 Omnia
1124 2084 1223 2138 etenim
1253 2092 1314 2138 sunt
1335 2084 1452 2140 discrete
1475 2084 1502 2138 in
1527 2084 1633 2138 statutis
1657 2082 1760 2138 nostris

113 2171 189 2227 tione
211 2172 349 2227 bominum
373 2173 533 2244 dissipandi,
551 2182 577 2229 et
591 2174 618 2228 in
632 2173 787 2247 prolusione
811 2175 912 2230 verbo·
963 2179 1118 2242 temperata,
1147 2171 1180 2226 ad
1209 2172 1370 2227 servandam
1399 2179 1608 2243 perseveranter
1634 2170 1760 2227 solitudi-

114 2276 175 2314 rum
190 2276 251 2316 sese
266 2261 425 2329 evacuandi,
440 2278 473 2317 ex
489 2262 587 2334 quibus
602 2261 773 2318 communior
782 2263 913 2333 peccandi
962 2277 1034 2328 nem,
1061 2260 1164 2316 viribus
1187 2260 1310 2315 humanis
1333 2261 1481 2331 prudenter
1504 2260 1717 2330 accommodata,
1733 2265 1760 2313 et

113 2347 229 2403 materia
243 2350 424 2421 componitur,
442 2358 468 2405 et
483 2351 546 2404 dum
556 2351 642 2406 ambae
658 2351 716 2406 istae
731 2351 781 2407 riae
796 2351 912 2406 societa-
962 2350 1103 2420 desupera
1113 2349 1229 2404 Domino
1243 2350 1393 2405 benedicta.
1412 2349 1491 2419 Quod
1505 2349 1637 2405 coutinuis
1652 2355 1678 2403 et
1692 2362 1760 2419 quo·

112 2437 148 2490 tis
176 2444 202 2491 et
230 2436 428 2505 collocutionis,
458 2438 603 2494 solitudine
628 2446 654 2494 et
678 2439 803 2505 silentio,
829 2433 911 2495 veluti
962 2437 1072 2493 tidianis
1087 2437 1277 2508 experimentis
1292 2438 1436 2508 probatum
1451 2436 1758 2493 babemusinhisom-

114 2524 202 2596 spinis
216 2525 402 2597 spiritualibus
417 2526 566 2598 sepiuntur,
583 2528 665 2583 bomo
680 2544 710 2583 ae
724 2528 759 2582 ad
782 2528 871 2584 Deum
886 2535 913 2583 et
963 2525 1042 2580 nibus
1057 2526 1103 2597 qui
1117 2542 1174 2580 suae
1198 2525 1377 2599 professiopis
1401 2526 1509 2581 babitus
1532 2525 1583 2580 sibi
1598 2539 1758 2595 comparare

111 2613 148 2668 ad
164 2613 283 2685 seipsum
299 2623 457 2671 convertere
472 2615 587 2688 cogitur.
961 2614 1130 2682 ajurennue
1145 2614 1273 2687 religiose
1289 2616 1456 2681 studuerunt,
1471 2624 1497 2670 et
1515 2615 1543 2669 in
1557 2614 1625 2671 cella
1640 2630 1670 2668 se
1683 2612 1758 2667 utili-

148 2703 202 2757 Per
218 2702 353 2757 silentium
369 2711 395 2757 et
411 2703 583 2759 solitudinem
607 2705 709 2759 mundo
724 2712 750 2759 et
765 2704 911 2761 vanitatum
961 2711 1003 2757 ter
1018 2719 1160 2773 occupare.
1177 2703 1262 2759 Secus
1276 2711 1365 2758 autem
1382 2703 1404 2757 si
1419 2703 1487 2758 ordo
1510 2719 1565 2758 non
1579 2703 1648 2758 bene
1663 2716 1757 2756 serve-

111 2791 228 2860 objectis
237 2791 327 2860 janua
341 2792 504 2847 clauduntur
515 2810 522 2858 ;
534 2799 560 2848 et
575 2794 639 2848 dum
650 2793 802 2870 oeensibus
817 2793 948 2883 huma-B
962 2797 1012 2845 tur.
1038 2792 1085 2847 Vae
1114 2792 1186 2846 euim
1210 2791 1389 2849 Canthusiano
1413 2792 1463 2858 illi,
1488 2792 1576 2846 statim
1599 2791 1756 2858 clamamus,

111 2880 156 2934 nis
164 2886 340 2934 removentur
350 2896 382 2935 ea
391 2897 451 2952 quae
460 2880 583 2936 camalia
592 2881 729 2936 desideria
739 2889 818 2954 atque
828 2882 909 2937 etiam
963 2879 1024 2951 quia
1045 2878 1245 2934 tribulationem
1262 2887 1288 2934 et
1302 2880 1425 2935 dolorem
1448 2880 1560 2945 invenit,
1586 2878 1708 2933 laborem
1731 2885 1758 2933 et

111 2968 239 3023 mentalia
263 2969 381 3023 excitare
404 2978 614 3036 consueverunt,
632 2970 722 3024 anima
746 2970 798 3024 sibi
814 2978 840 3025 et
853 2972 911 3026 Deo
962 2967 1134 3023 afflictionem
1149 2969 1260 3039 spiritus
1285 2984 1357 3039 saepe
1378 2968 1479 3039 patitur
1502 2968 1529 3021 in
1551 2974 1653 3035 mente,
1669 2974 1695 3021 et
1708 2981 1757 3037 pet

110 3056 226 3113 liberius
241 3071 338 3112 vacare
354 3056 433 3113 discit
441 3065 468 3112 et
482 3058 625 3114 assuescit.
643 3056 671 3112 Si
686 3073 751 3130 ergo
767 3058 874 3114 silentio
885 3067 911 3114 et
962 3073 1036 3111 suam
1061 3057 1293 3123 indiscretionem,
1308 3056 1337 3112 id
1360 3065 1401 3111 est
1424 3072 1474 3128 per
1496 3055 1587 3127 aliqua
1608 3070 1692 3126 opera
1712 3061 1756 3109 aut

111 3143 257 3201 solitudine
268 3152 372 3201 naturae
386 3153 521 3217 corruptae
530 3146 677 3218 propensio
694 3146 766 3202 velut
780 3147 911 3218 opprimi-

111 3241 166 3300 tur,
184 3241 210 3288 et
224 3248 285 3288 cum
299 3233 333 3287 sit
347 3250 380 3288 ex
394 3233 488 3289 amicis
502 3234 607 3302 mundi,
623 3234 785 3290 laboriosius
805 3235 829 3290 ei
843 3234 910 3289 nibil

109 3322 156 3389 sit,
181 3322 329 3377 secundum
344 3323 378 3377 D.
396 3322 577 3395 dugrxstinum
600 3322 644 3379 hic
657 3322 804 3391 laudatum,
829 3340 908 3396 quam

111 3426 167 3466 non
187 3410 322 3478 laborare,
338 3410 366 3465 id
380 3419 421 3466 est
435 3411 584 3467 seeundum
607 3427 683 3467 suam
698 3413 909 3484 propensionem

109 3515 205 3573 agere,
221 3498 305 3572 loqui,
321 3500 490 3566 conversari,
503 3507 607 3556 certum
621 3501 749 3572 estquod
764 3500 791 3554 in
804 3501 907 3556 utrius-

110 3604 165 3660 que
180 3587 407 3663 exercitiomagis
422 3605 501 3661 quam
512 3589 540 3643 in
553 3589 614 3643 aliis
631 3588 837 3661 quibuscunque
853 3590 908 3646 vim

109 3676 221 3749 patitur.
240 3676 313 3731 Nibil
336 3693 413 3750 atque
434 3686 559 3732 naturam
584 3676 736 3746 mortificat,
761 3677 825 3749 quia
848 3678 908 3734 aliae

110 3764 334 3821 mortificationes
348 3781 456 3821 carnem
474 3772 624 3835 macerant,
641 3766 690 3820 sed
704 3765 763 3822 haec
777 3766 857 3821 etiam
872 3766 907 3821 ad

109 3854 231 3910 animum
259 3853 407 3927 pertingit;
430 3860 456 3908 at
480 3854 545 3908 dum
569 3853 608 3910 sic
630 3853 819 3926 angustiantur
842 3871 908 3910 xasa

100 3928 212 4004 carnis,
228 3941 337 3996 dilatari
351 3949 465 4013 possunt
489 3942 577 4013 spatia
593 3942 742 4010 charitatis,
758 3951 784 3998 et
799 3943 906 3999 exerei-

108 4029 174 4085 tatio
189 4029 243 4096 illa,
259 4029 321 4085 licet
336 4029 362 4084 in
377 4030 504 4100 praesenti
520 4031 643 4086 videatur
662 4047 724 4086 esse
738 4032 865 4087 moeroris
881 4040 907 4087 et

961 3145 1087 3201 exercitia
1101 3161 1155 3200 non
1171 3146 1319 3201 secundum
1343 3145 1467 3200 ordinem
1491 3153 1536 3200 aut
1559 3151 1658 3215 praeter
1681 3143 1756 3198 ordi-

960 3250 1032 3304 nem,
1060 3233 1162 3305 proprii
1182 3233 1276 3301 judicii
1303 3241 1330 3288 et
1357 3233 1475 3304 propriae
1502 3232 1649 3289 voluntatis
1676 3231 1758 3287 drictu

960 3330 1094 3394 suscepta,
1109 3320 1200 3377 deficit
1213 3322 1242 3377 in
1265 3330 1434 3392 conpareat
1456 3322 1564 3393 lapsum
1588 3319 1757 3392 spiritualem

959 3409 1071 3466 incurrit
1084 3410 1113 3464 in
1127 3409 1250 3465 interiori
1264 3409 1383 3466 bomine.
1400 3410 1440 3465 De
1455 3409 1593 3465 laboribus
1613 3408 1675 3465 ritas
1688 3408 1755 3464 soli-

959 3499 1034 3553 tariae
1049 3515 1122 3554 nunc
1134 3500 1192 3554 haec
1206 3514 1293 3569 pauca
1306 3497 1408 3553 dixisse
1423 3496 1545 3554 sufficiat.

995 3587 1048 3642 Sed
1064 3604 1113 3643 cur
1122 3588 1154 3643 R.
1166 3586 1248 3642 Pater
1262 3585 1352 3659 Guigo
1367 3587 1401 3641 de
1415 3585 1517 3659 vigiliis
1531 3593 1558 3641 et
1573 3583 1753 3650 abstinentiis,

958 3676 992 3730 de
1007 3676 1067 3731 aliis
1082 3674 1155 3729 duris
1179 3682 1205 3729 et
1219 3674 1323 3746 asperis
1345 3691 1405 3746 quae
1419 3675 1447 3728 in
1461 3675 1557 3730 ordine
1577 3673 1755 3730 observantur

957 3764 1057 3818 nullam
1076 3764 1120 3820 hic
1142 3763 1308 3819 mentionem
1332 3763 1403 3830 iecit,
1419 3763 1489 3819 acsi
1510 3779 1560 3834 pro
1584 3760 1668 3818 nihilo
1693 3760 1754 3816 illas

957 3853 1125 3908 austeritates
1149 3852 1392 3924 reputaretiQuia
1406 3851 1524 3907 essentia
1548 3851 1661 3906 instituti
1684 3850 1754 3906 Car-

956 3941 1075 3996 thusiani
1090 3941 1117 3995 in
1134 3941 1209 3997 cellae
1230 3949 1255 3996 et
1270 3941 1369 3996 silentii
1392 3940 1575 4007 observantia,
1591 3947 1672 4012 atque
1687 3956 1754 4011 per-

956 4027 1027 4085 lecta
1038 4029 1157 4101 propriae
1172 4028 1317 4086 voluntatis
1332 4029 1515 4102 abnegatione
1528 4027 1669 4084 consistit:
1681 4028 1754 4083 unde

108 4118 192 4184 taedii,
209 4116 324 4174 fructum
339 4126 429 4172 tamen
442 4118 645 4189 pacatissimum
669 4119 824 4175 exercitatis
840 4121 905 4175 red·
956 4117 1023 4172 alias
1051 4118 1223 4173 austeritates
1251 4118 1338 4173 solum
1364 4117 1487 4184 aestimat,
1512 4116 1541 4172 in
1568 4124 1697 4189 quantum
1720 4116 1754 4171 ad

107 4205 147 4260 dit
171 4205 263 4260 salutis
279 4213 305 4260 et
327 4205 429 4260 intimae
452 4206 645 4261 consolationis
664 4223 670 4261 :
687 4222 749 4260 nam
770 4224 821 4277 per
845 4223 905 4263 eom
918 4175 941 4235 ⁰
956 4204 1139 4260 obedientiam
1154 4205 1319 4273 referuntur,
1335 4213 1415 4277 prout
1429 4207 1487 4277 ipse
1498 4205 1614 4276 explicat
1627 4220 1689 4276 cap.
1706 4207 1751 4266 35,

107 4300 233 4368 gustatur
248 4301 274 4349 et
288 4293 394 4349 videtur
409 4294 536 4365 quoniam
558 4295 649 4349 suavis
664 4303 705 4350 est
720 4295 863 4363 Dominus,
879 4303 906 4351 et
955 4310 982 4348 n.
996 4298 1021 4359 3,
1034 4294 1078 4347 ubi
1094 4294 1130 4348 ait
1142 4311 1148 4347 :
1160 4295 1239 4350 licet
1249 4297 1326 4350 enim
1340 4297 1433 4351 multa
1447 4296 1507 4350 sint
1521 4298 1549 4350 et
1563 4294 1674 4350 diverse
1689 4309 1751 4366 qcoe

107 4399 171 4455 quaa
186 4382 220 4437 sit
232 4382 278 4436 illa
293 4381 392 4437 Christi
406 4398 460 4453 pax
475 4399 642 4454 exsuperans
657 4399 765 4438 omnem
782 4399 903 4450 sensum,

106 4470 191 4526 corda
219 4478 301 4542 atque
328 4470 520 4543 intelligentias
549 4472 716 4537 custodiens,
744 4472 904 4528 suavissimo

106 4557 276 4632 dignoscitur
303 4558 499 4630 experimento,
531 4561 554 4614 si
582 4568 672 4615 tamen
704 4561 904 4617 exercitationis

104 4647 179 4703 illius
199 4647 335 4719 susceptio
357 4646 461 4703 coelesti
486 4647 627 4704 vocatione
649 4647 729 4704 suerit
752 4657 902 4720 preventa,

105 4743 143 4803 et,
160 4743 189 4791 ut
210 4752 260 4807 par
283 4744 335 4803 est,
352 4736 500 4792 secundum
524 4744 643 4792 mentem
666 4744 692 4792 et
711 4736 900 4794 discretionem

106 4823 210 4882 ordinis
224 4840 241 4880 a
254 4823 334 4880 nobis
348 4825 503 4888 observata,
527 4825 573 4897 qui
588 4825 615 4880 in
629 4825 755 4881 omnibus
769 4826 898 4897 providit.

104 4914 144 4971 Nc
159 4913 225 4987 quid
245 4914 343 4969 nimis.
360 4914 389 4966 ln
404 4911 549 4968 solitudine
563 4914 636 4968 enirn
657 4914 792 4969 servanda
806 4915 903 4970 modus

103 5000 188 5058 etiam
211 4995 382 5057 adhibendus
410 5009 460 5067 est,
483 5017 517 5056 ne
540 5018 573 5056 ex
596 5019 709 5058 excessu
731 5018 903 5059 communem

104 5089 247 5146 hominurn
271 5096 370 5145 statum
394 5097 547 5161 superante,
563 5090 669 5146 animus
692 5091 842 5159 hebetetur,
859 5099 904 5146 aut

103 5177 185 5234 etiam
201 5179 228 5233 iu
244 5195 294 5234 suo
309 5178 426 5234 naturali
440 5186 511 5233 statu
535 5178 658 5247 laedatur,
674 5179 773 5250 quibus
797 5180 902 5235 incom-

103 5267 194 5324 modis
214 5268 362 5339 prudeuter
377 5267 404 5321 in
419 5267 516 5323 ordine
538 5268 678 5339 provisum
702 5276 753 5323 est.
778 5269 848 5324 Nam
870 5286 903 5324 ex

104 5355 242 5412 exercitiis
253 5356 304 5411 sibi
319 5355 437 5412 invicem
452 5356 671 5423 succedentibus,
683 5364 711 5412 et
724 5357 807 5412 veluti
817 5358 903 5413 inter-

104 5445 195 5511 textis,
225 5444 295 5500 inter
323 5461 383 5517 quae
406 5444 606 5502 conversationi
634 5445 797 5518 quandoque
825 5446 904 5501 datur

955 4384 1141 4448 observemus,
1157 4397 1214 4439 uno
1240 4386 1335 4437 tamen
1349 4386 1377 4438 et
1399 4384 1458 4438 solo
1482 4383 1647 4439 obedientiae
1670 4384 1750 4448 tono,

954 4470 1153 4527 concinnabis
1167 4473 1314 4542 fructuosa
1329 4474 1430 4542 futuro
1443 4488 1598 4543 speremus.

990 4558 1056 4614 Cur.
1073 4560 1133 4615 XV.
1145 4590 1179 4598 —
1189 4559 1271 4613 Num.
1284 4562 1309 4614 l.
1323 4559 1391 4614 Cum
1405 4561 1529 4632 priorem
1544 4560 1640 4617 domus
1655 4560 1750 4633 bajus,

954 4654 1005 4703 etc.
1016 4647 1146 4719 Loquitur
1155 4656 1258 4702 tantum
1269 4648 1303 4703 de
1314 4648 1395 4703 domo
1403 4649 1563 4717 carthusiae,
1573 4649 1636 4720 quia
1650 4665 1704 4704 non
1715 4651 1753 4705 le-

954 4752 1004 4809 ges
1032 4736 1092 4790 aliis
1114 4736 1304 4807 prescribere,
1327 4737 1376 4792 sed
1400 4744 1501 4792 tantum
1525 4737 1749 4793 consuetudinem

952 4825 1144 4890 introductam,
1157 4832 1183 4879 et
1194 4825 1252 4893 iam
1267 4841 1315 4896 per
1329 4841 1408 4880 usum
1422 4824 1608 4880 confirmatam
1624 4826 1652 4879 in
1667 4825 1749 4881 domo

953 4911 1113 4979 Cartbusiae,
1144 4913 1204 4967 aliis
1232 4913 1434 4969 communicare
1455 4913 1578 4968 intendit.
1608 4912 1689 4968 Nulla
1717 4913 1752 4970 de

953 5000 1042 5055 forma
1059 5001 1129 5070 juris
1153 5002 1289 5057 servanda
1313 5002 1384 5058 inter
1407 5018 1455 5056 eos
1470 5001 1497 5055 iit
1512 5001 1623 5070 mentio,
1640 5018 1692 5059 nec
1715 5003 1750 5058 de

952 5088 1156 5144 confirmatione
1171 5090 1305 5157 habenda,
1323 5091 1433 5163 quiade
1452 5090 1530 5146 titulo
1544 5089 1597 5147 lixo
1612 5091 1748 5162 superiori

952 5178 1022 5233 inter
1037 5193 1087 5233 nos
1101 5179 1189 5234 dando
1204 5195 1255 5235 nec
1269 5179 1433 5250 cogitabant.
1451 5178 1528 5236 Unde
1539 5196 1647 5251 semper
1660 5180 1688 5235 in
1704 5197 1749 5236 or·

952 5266 1014 5322 dine
1030 5283 1130 5324 nomen
1142 5269 1248 5340 prioris
1261 5276 1421 5339 usurpatum
1444 5275 1485 5324 est
1499 5269 1532 5324 ad
1548 5269 1748 5342 designandum

952 5373 1014 5412 eum
1035 5357 1080 5428 qui
1104 5356 1163 5411 aliis
1187 5357 1350 5428 praepositus
1373 5364 1425 5424 est,
1442 5365 1472 5413 ut
1495 5358 1669 5424 indicaretur,
1686 5374 1748 5413 eum

952 5445 997 5518 qui
1012 5445 1072 5500 aliis
1087 5454 1185 5517 praeest
1200 5445 1271 5500 inter
1291 5460 1350 5512 nos,
1368 5462 1429 5502 esse
1446 5454 1549 5503 tantum
1572 5447 1688 5519 primum
1703 5446 1748 5501 in-

103 5530 181 5588 locus
195 5541 324 5605 quantum
339 5533 416 5603 satis,
432 5532 462 5590 tit
477 5533 601 5606 quadam
616 5533 739 5590 salubris
762 5527 936 5607 composi-D
952 5542 994 5590 ter
1020 5551 1112 5607 pares,
1128 5541 1155 5591 et
1168 5534 1312 5607 equalium
1340 5534 1504 5593 directorem
1528 5552 1560 5593 ac
1583 5535 1748 5607 ministrum,
