3742 5986
127 270 130 274 Ι
173 178 244 236 l'ibs
423 185 452 242 S.
481 184 660 244 BRUNONIS
689 183 1012 242 ctatflusttltottuat
1040 182 1284 242 tasrtttttottts
1313 184 1389 243 OPP.
1419 185 1507 244 thas
1535 187 1570 242 Il.
1775 189 1828 245 iii

180 327 191 354 ι
208 305 319 378 poribus
342 307 398 364 suis
422 309 536 365 verbum
551 326 629 371 suum
644 310 671 364 in
686 308 889 382 predicatione,
912 309 1008 381 quad
1023 323 1084 362 rurn
1099 308 1292 380 preordinavit
1304 327 1311 364 :
1322 325 1374 366 nec
1388 310 1422 366 de
1437 310 1489 367 bac
1503 310 1685 382 promissione
1700 310 1825 368 dubitare

179 395 308 451 acredita
323 405 365 452 est
384 397 450 452 mibi
474 399 625 454 secundum
640 406 803 470 praeceptum
827 397 974 455 salvatoris
1025 396 1088 452 licet
1104 412 1110 451 :
1125 398 1257 468 promisit
1271 398 1343 453 enim
1361 398 1432 454 hanc
1452 398 1498 454 ille
1520 400 1568 471 qui
1594 417 1654 455 noa
1682 402 1825 456 mentitur

179 485 292 540 «nostri
309 485 368 541 Dei.
393 486 453 540 Tito
476 486 575 543 dilecto
598 486 654 542 filio
680 488 827 543 secundum
849 501 974 542 commu·
1025 493 1051 540 et
1065 485 1174 540 mentiri
1195 501 1249 541 non
1263 494 1352 557 potest
1369 502 1375 540 :
1393 486 1456 558 quia
1471 488 1544 543 licor
1568 495 1620 542 εει.
1636 488 1695 544 Νεε
1708 487 1737 543 ιιι
1752 495 1824 544 tem-

179 588 270 629 «nem
293 572 376 630 iidem
397 574 483 647 gratia
506 582 533 630 ει
547 591 599 646 pax
613 591 628 630 a
641 576 700 631 Deo
716 576 793 631 Patre
818 583 845 629 ει
866 574 974 630 Christo
1024 588 1092 644 pore
1114 574 1258 644 promisit:
1276 574 1323 630 sed
1347 582 1376 630 ut
1399 575 1541 647 diligentia
1562 575 1706 646 promisse
1727 576 1769 633 rei
1796 576 1824 631 in

178 683 189 708 ι
207 662 272 717 Jesu
287 661 427 727 Salvatore
449 671 553 720 nostro.
579 664 663 733 liujus
679 663 718 719 rei
733 663 820 737 gratia
835 662 933 735 reliqui
947 668 974 718 ιε
1025 662 1083 717 1)εο
1097 661 1295 727 consideretur,
1308 663 1432 733 promisit
1441 663 1500 719 baec
1511 668 1579 719 ante
1591 668 1720 736 temporo
1734 680 1825 721 reca-

178 769 190 801 ι
208 750 305 817 Crete,
322 758 351 806 ut
366 767 400 807 ea
413 768 474 823 quae
488 751 586 806 desunt
609 751 750 824 corrigas,
775 759 802 807 ει
825 751 973 807 constitues
1025 751 1116 815 laria,
1140 749 1168 804 id
1192 758 1233 804 est
1249 750 1282 805 ab
1296 759 1398 806 aeterno
1414 752 1454 807 sic
1468 751 1661 822 preordinavit
1674 759 1738 808 ante
1753 760 1824 808 tem-

180 854 258 909 »ρει
281 838 404 896 civitates
429 840 606 912 presbyteros
627 839 698 896 sicut
719 847 744 895 et
775 854 828 913 ego
852 837 974 910 disposui
1023 853 1101 909 pora,
1120 855 1181 910 quae
1195 838 1340 895 volvuntur
1352 855 1402 911 per
1415 840 1525 895 secula.
1542 840 1679 906 Promisit,
1691 841 1823 912 inquam:

178 948 190 973 ι
208 925 257 980 tibi
269 945 276 982 ε
288 926 311 982 si
327 927 387 999 quis
402 927 460 983 sine
475 923 589 984 crimine
602 935 653 995 est,
667 928 749 983 nnius
764 927 857 984 uxoris
872 927 922 991 vir,
938 925 974 980 fi·
1023 928 1222 999 manifestavit
1236 932 1347 997 autem,
1372 928 1399 982 id
1414 936 1456 983 est
1470 928 1616 999 complevit
1635 929 1708 1000 quod
1723 929 1825 1000 promi·

178 1011 258 1070 ulios
279 1015 383 1071 habens
410 1013 523 1084 fideles,
540 1031 594 1072 non
618 1016 647 1071 in
669 1016 842 1072 accusatione
862 1015 974 1071 luxurie
1024 1022 1097 1069 serat
1121 1017 1197 1082 ruis,
1224 1015 1252 1069 id
1274 1023 1316 1071 εει
1340 1016 1368 1069 in
1391 1016 1520 1087 congruis
1544 1017 1714 1087 temporibus
1742 1017 1824 1072 uitam

179 1121 190 1152 ι
208 1110 253 1157 aut
276 1119 329 1158 non
355 1103 489 1160 subditos.
515 1104 631 1176 Oportet
654 1103 725 1160 euim
741 1105 899 1176 episcopum
914 1102 973 1159 sine
1023 1110 1153 1157 aternam
1164 1120 1171 1157 :
1184 1102 1248 1174 quia
1258 1102 1326 1159 Abel
1336 1102 1403 1159 vidit
1417 1104 1480 1158 inde
1494 1103 1606 1175 aliquid,
1617 1103 1767 1175 perfectius
1775 1121 1822 1159 au·

166 1213 188 1248 ,ι
206 1191 320 1248 crimine
335 1208 417 1262 esse,
444 1193 514 1249 sicut
528 1193 578 1248 Dei
593 1193 811 1265 dispensatorem
827 1207 834 1248 :
851 1208 906 1247 non
925 1208 973 1247 su·
1023 1198 1078 1245 tem
1100 1191 1238 1245 Abraham
1262 1208 1269 1245 τ
1294 1198 1322 1245 ει
1342 1191 1377 1245 ita
1400 1191 1530 1263 paulatim
1554 1192 1705 1263 prophetae,
1722 1199 1824 1264 quanto

176 1301 187 1326 ι
205 1280 364 1351 superbum,
381 1297 436 1336 non
450 1281 621 1347 iracundum,
638 1297 693 1337 non
708 1281 891 1347 vinolentum,
918 1295 973 1336 non
1023 1279 1139 1349 amplius
1153 1279 1351 1351 propinquabat
1366 1279 1528 1350 redemptio,
1545 1287 1620 1335 tanto
1634 1280 1727 1351 magis
1741 1280 1777 1336 de
1792 1296 1825 1336 ea

71 1379 73 1383 ·
175 1387 187 1417 ι
204 1383 406 1439 percussorem,
422 1385 477 1424 non
490 1369 578 1440 turpis
600 1368 669 1425 lucri
688 1369 814 1440 cupidum
832 1387 839 1424 ε
855 1369 903 1424 sed
924 1369 973 1424 ho·
1023 1375 1212 1440 cognoverunt
1224 1385 1231 1422 :
1243 1375 1270 1423 ει
1283 1368 1401 1423 loannes
1416 1368 1503 1441 magis
1517 1368 1655 1437 omnibus,
1675 1371 1722 1441 qui
1736 1367 1822 1442 digito

176 1480 187 1504 ι
205 1457 345 1529 spitalem,
370 1458 539 1531 benignum,
563 1459 746 1531 prudentem,
772 1459 912 1527 sobrium,
932 1460 973 1528 ju·
1023 1455 1221 1511 demonstravit
1235 1455 1318 1510 vitam
1333 1464 1478 1522 aternam,
1505 1456 1532 1511 id
1547 1464 1589 1511 εει
1603 1457 1742 1513 Christum
1754 1471 1763 1511 τ
1774 1456 1823 1513 sed

176 1571 187 1594 ι
205 1552 292 1613 ειιιιιι,
311 1555 449 1613 sanctum,
474 1547 668 1616 continentem,
688 1548 895 1620 amplectentem
910 1563 972 1603 eum
1022 1544 1140 1599 maxime
1155 1544 1316 1616 intempore
1331 1545 1425 1616 gratiae
1439 1545 1637 1616 manifestavit
1651 1546 1726 1601 Deus
1740 1545 1823 1601 ubam

176 1657 187 1681 ι
205 1633 252 1705 qui
275 1636 425 1691 secundum
447 1636 599 1692 doctrinam
614 1645 655 1692 εει
678 1635 787 1692 lidelem
805 1652 1007 1731 sermonem,B
1023 1641 1164 1699 eternam,
1177 1632 1281 1689 scilicet
1297 1632 1413 1689 tertam
1423 1649 1516 1699 ruam,
1528 1632 1554 1687 id
1570 1640 1613 1689 est
1626 1633 1724 1688 Filium
1734 1633 1824 1690 mear·

176 1742 187 1772 ι
206 1730 233 1777 ut
257 1730 353 1794 potens
376 1724 410 1778 sit
433 1724 571 1780 exhortari
585 1725 613 1779 in
636 1725 760 1781 doctrina
775 1739 858 1792 sana,
884 1732 911 1780 ει
924 1739 971 1779 eos
1023 1729 1125 1789 natum,
1142 1729 1291 1792 natumque
1307 1729 1334 1775 et
1350 1721 1411 1776 aliis
1425 1720 1524 1776 modis.
1543 1720 1728 1777 llanilestavit
1741 1721 1823 1778 etiam

174 1831 186 1861 ι
204 1811 249 1883 qui
266 1811 453 1868 contradicunt
467 1829 593 1886 arguere.
611 1814 679 1869 Sunt
694 1813 767 1870 onim
790 1812 867 1868 multi
891 1813 972 1868 etiam
1022 1809 1074 1865 boc
1084 1809 1203 1864 Verbum
1219 1811 1251 1864 in
1260 1808 1474 1880 predicatione,
1487 1809 1664 1881 qooearedito
1674 1819 1728 1876 est,
1738 1810 1768 1865 id
1783 1817 1824 1866 est

173 1920 184 1946 ε
202 1896 409 1970 inobedientes,
442 1901 579 1973 vaniloqui
604 1908 630 1956 ει
654 1901 815 1957 seductores
831 1918 838 1956 ε
855 1900 972 1956 maxime
1021 1914 1073 1969 per
1086 1897 1310 1969 praedicationem
1324 1914 1386 1969 quae
1400 1898 1546 1954 commissa
1560 1905 1602 1953 est
1616 1897 1699 1953 milti.
1715 1897 1824 1954 Credita

174 1995 292 2043 «autem
317 1988 363 2061 qui
389 1988 422 2044 de
445 1989 653 2045 circumcisione
668 1997 749 2055 sunt,
773 1976 843 2061 quos
866 1995 972 2061 oportet
1022 1985 1114 2056 utique
1133 1986 1198 2040 mihi
1220 1993 1260 2040 est
1280 1986 1437 2041 secandam
1460 1989 1633 2058 preceptum
1654 1986 1715 2052 Dei,
1740 1985 1825 2041 idest

173 2095 185 2127 ι
202 2075 354 2149 redargui:
371 2077 418 2148 qui
441 2076 586 2132 universas
607 2078 704 2133 donros
729 2077 900 2144 subvertunt,
919 2077 971 2133 do·
1023 2075 1084 2145 quia
1099 2075 1173 2129 Deus
1188 2074 1224 2129 ita
1239 2074 1377 2145 precepit.
1399 2073 1452 2128 liei
1472 2073 1534 2130 dico
1547 2074 1641 2130 nostri
1654 2075 1821 2131 saluatoris.

173 2183 185 2215 ι
202 2170 295 2219 εειιιεε
310 2179 371 2236 quse
385 2180 440 2219 non
454 2173 572 2236 oportet,
590 2165 675 2236 turpis
689 2164 758 2222 lucri
772 2166 871 2238 gratia.
899 2165 973 2220 Dixit
1023 2162 1137 2229 Paulus,
1162 2163 1288 2234 inquom,
1316 2162 1377 2217 talis
1392 2169 1419 2217 et
1434 2162 1495 2217 talis
1510 2162 1618 2231 scribit,
1644 2164 1706 2220 Tito
1721 2161 1823 2219 diiecto

176 2272 187 2301 ι
205 2251 316 2324 quidam
331 2268 364 2307 ex
380 2252 445 2320 illis,
461 2253 591 2324 proprius
605 2253 715 2309 illorum
730 2255 859 2325 propheta
877 2269 883 2307 ε
901 2254 970 2309 Cre·
1023 2250 1140 2323 quodam
1156 2250 1268 2322 speciali
1281 2251 1374 2307 modo.

173 2347 294 2395 «tenses
317 2357 428 2413 semper
448 2341 612 2409 mendaces,
628 2342 707 2398 male
732 2341 840 2412 hestiae,
862 2350 972 2398 ventres
1059 2340 1117 2394 lito
1132 2339 1193 2396 dico
1208 2340 1267 2405 filio
1288 2340 1643 2405 secundumcommancm,
1668 2338 1698 2394 id
1716 2346 1759 2394 est
1773 2354 1821 2396 oa-

99 2471 104 2488 .
174 2450 185 2475 ι
202 2427 284 2500 pigri.
301 2428 496 2484 Testimonium
507 2430 560 2487 boc
575 2446 669 2487 verum
690 2437 740 2486 est.
758 2429 847 2499 Quam
858 2431 894 2486 oh
910 2445 973 2487 cau·
1023 2427 1159 2497 tholioam,
1170 2428 1264 2496 fidem,
1276 2427 1304 2481 ia
1314 2444 1366 2499 qua
1381 2443 1442 2483 eum
1452 2427 1547 2499 genui,
1560 2434 1587 2483 et
1600 2442 1655 2509 non
1668 2428 1820 2484 secundum

173 2534 183 2569 ι
202 2532 262 2571 sam
275 2516 387 2589 increpa
401 2516 464 2574 illos
478 2519 561 2585 dure,
579 2528 607 2573 nt
622 2519 681 2574 sani
696 2519 750 2574 siat
773 2518 800 2573 in
823 2517 877 2575 tide
893 2535 900 2574 τ
917 2535 972 2574 non
1021 2531 1143 2571 carnem.
1166 2516 1325 2572 Catholicon
1341 2516 1414 2571 enim
1436 2531 1585 2573 commone
1598 2516 1644 2570 vel
1658 2517 1820 2573 universate

173 2625 185 2656 ι
201 2595 373 2661 intendentes
382 2605 501 2662 iudaicis
511 2606 627 2674 fabulis,
645 2616 671 2663 et
680 2607 817 2663 mandatis
832 2608 971 2663 hominum
1022 2605 1130 2661 dicitur.
1148 2604 1198 2660 Vel
1212 2605 1272 2659 Tito
1285 2605 1344 2673 filio
1359 2612 1434 2676 optat
1449 2621 1545 2675 sapere
1558 2604 1717 2662 secernam
1740 2621 1818 2661 com-

173 2693 384 2748 «aversantium
413 2695 477 2764 qai,
509 2696 698 2767 avertentium)
736 2711 766 2750 se
796 2712 812 2749 a
845 2695 969 2751 verimte.
1021 2692 1819 2764 merneramestvulgarem,fidern:etnonsecundumpri·

174 2803 185 2828 ι
202 2779 300 2835 Omnia
315 2781 416 2836 munda
431 2782 541 2837 mundis
558 2800 565 2837 ι
581 2783 763 2855 coinquinatis
776 2791 866 2839 autem
883 2790 910 2839 ει
925 2783 970 2838 in·
1022 2790 1098 2837 vatos
1112 2780 1250 2837 doctrinas
1265 2781 1463 2837 hereticorum.
1480 2781 1519 2836 Sit
1534 2780 1599 2850 tibi,
1621 2780 1691 2851 Tite,
1707 2782 1819 2851 pratia:

173 2888 185 2919 ι
202 2866 327 2924 fidelihus
341 2869 417 2940 ,nihil
441 2879 483 2926 εει
506 2871 656 2938 mundum,
682 2872 730 2927 sed
746 2871 892 2943 inquinata
908 2878 972 2927 sunt
1022 2878 1048 2925 ει
1063 2870 1214 2926 secundum
1229 2869 1420 2925 remissionem
1434 2877 1619 2941 peccatorum,
1631 2877 1658 2925 et
1668 2870 1819 2926 secundum

171 2972 296 3014 «eorum
318 2966 345 3014 et
372 2975 451 3014 mens
475 2968 501 3015 ει
537 2960 710 3016 conscientia.
744 2959 912 3016 Confitentur
940 2977 970 3016 εε
1022 2958 1178 3029 episcopale
1192 2957 1321 3014 officium.
1338 2959 1378 3013 Sit
1392 2957 1474 3013 etiam
1489 2958 1537 3012 tihi
1548 2974 1625 3029 pan,
1641 2957 1669 3012 id
1683 2964 1726 3012 est
1740 2964 1817 3013 tran·

170 3061 282 3102 «nosse
297 3048 394 3113 Deum,
412 3047 489 3103 lactis
503 3056 593 3103 sutem
608 3056 730 3122 negant:
747 3065 809 3104 curn
830 3049 883 3104 sint
899 3049 966 3104 abo-
984 3023 1138 3119 cquillitas
1152 3046 1244 3114 animi,
1262 3054 1362 3118 quanta
1378 3045 1525 3102 hichaberi
1539 3053 1638 3117 potest.
1650 3046 1817 3118 Haeeutiquc

171 3154 182 3186 ι
199 3133 292 3189 minati
314 3133 375 3207 iat„
392 3135 600 3209 abominabiles]
616 3145 642 3192 ει
656 3136 851 3204 incredibiles,
880 3145 907 3193 et
933 3137 967 3193 ad
1016 3135 1065 3191 tibi
1087 3135 1140 3190 sint
1162 3136 1248 3191 olleo
1263 3136 1348 3191 Patre
1363 3134 1409 3206 qui
1423 3141 1527 3205 potest,
1549 3141 1575 3190 ει
1590 3133 1636 3206 qui
1651 3133 1817 3190 voluntatem

171 3242 183 3274 ι
200 3238 281 3280 omne
295 3238 365 3296 opus
388 3224 491 3280 bonum
513 3226 633 3296 reprobi.
652 3249 664 3275 a
1017 3224 1110 3279 habet.
1126 3224 1161 3278 lit
1175 3240 1208 3279 co
1231 3225 1298 3280 lesu
1313 3222 1437 3291 Christo,
1461 3223 1508 3294 qui
1531 3221 1656 3278 similiter
1678 3230 1704 3278 ει
1716 3229 1815 3294 petest,

1017 3313 1162 3369 Salvatorc
1178 3316 1275 3369 nostro
1290 3320 1317 3367 ει
1331 3312 1497 3367 voluntatem
1507 3311 1599 3366 hahet.
1615 3310 1703 3365 Finita
1716 3310 1818 3366 saluta·

465 3415 625 3457 sxrostrto.
1017 3400 1100 3467 tione,
1117 3399 1157 3456 sic
1172 3399 1319 3472 alloquitur
1333 3400 1423 3455 Titum
1444 3417 1451 3454 :
1471 3398 1494 3455 0
1508 3399 1581 3467 Tite,
1598 3414 1650 3470 ego
1665 3399 1770 3472 reliqui
1790 3401 1817 3456 tc

1017 3496 1207 3544 consecratum
1233 3488 1468 3559 archiepiscopum
1497 3488 1587 3543 Crete
1600 3488 1697 3559 pratia
1731 3486 1817 3560 bajas

202 3575 327 3641 Paulas,
355 3582 407 3631 etc.
439 3575 514 3632 Sicut
528 3591 589 3632 mos
616 3577 676 3646 ejus
701 3584 759 3644 est,
776 3578 968 3634 salutationem
1018 3579 1069 3646 rei,
1086 3576 1114 3631 id
1129 3584 1170 3631 est
1184 3592 1233 3648 pro
1247 3577 1299 3633 hac
1313 3593 1360 3646 re,
1378 3593 1447 3648 quae,
1465 3576 1488 3631 si
1503 3574 1563 3642 irat,
1581 3583 1660 3647 grata
1673 3574 1726 3631 erit
1740 3574 1816 3630 mibi.

167 3661 303 3733 praemittit
317 3662 413 3718 dicens
429 3681 436 3718 ε
453 3665 669 3721 Panlorscrvas
678 3666 737 3731 Dei,
755 3665 838 3720 idest
853 3666 968 3738 simplex
1017 3664 1072 3721 lies
1093 3673 1184 3720 autem
1197 3664 1245 3719 illa
1270 3665 1329 3721 haec
1345 3672 1385 3720 εει
1402 3681 1408 3720 :
1425 3668 1459 3720 ot
1482 3674 1509 3720 tu
1524 3665 1663 3736 corripas,
1689 3663 1716 3718 id
1727 3671 1770 3719 εει
1790 3670 1819 3718 ιιι

165 3756 193 3806 ει
222 3750 333 3805 humilis
351 3750 387 3805 ad
405 3751 518 3806 modum
547 3752 631 3808 servi.
661 3753 711 3808 llic
750 3753 837 3809 innuit
865 3755 967 3810 honam
1018 3753 1183 3827 corrigendo
1207 3768 1268 3825 que
1290 3752 1456 3824 corrigenda
1480 3760 1543 3807 sunt
1565 3751 1693 3824 perficias
1708 3767 1743 3808 ea
1757 3768 1817 3824 pne

167 3836 277 3910 quidem
309 3853 371 3893 esse
408 3837 622 3910 simplicitatem.
658 3840 759 3897 Seruus
785 3841 877 3914 utique
907 3843 966 3910 Dei,
1018 3842 1132 3898 desunt.
1147 3842 1205 3897 Hoc
1220 3849 1311 3898 autem
1325 3840 1428 3896 dictum
1443 3849 1484 3896 est
1499 3841 1533 3896 de
1548 3839 1682 3896 moribus.
1697 3840 1735 3895 h't
1752 3855 1814 3896 cor·

165 3925 215 3981 scd
228 3932 318 3981 tamen
332 3927 475 3998 apostolus
499 3929 565 3984 Iaso
581 3927 705 3995 Christi,
730 3929 758 3983 id
778 3937 819 3985 εει
841 3945 929 4002 agens
943 3939 969 3987 ει
1018 3930 1132 4002 rigando
1146 3946 1239 3986 mores
1253 3931 1412 3986 constituos
1425 3929 1507 3986 etium
1519 3929 1705 4002 presbyteros,
1731 3927 1761 3983 id
1775 3933 1817 3984 est

166 4027 299 4071 coercens
314 4013 439 4087 singulos
454 4016 592 4087 quomodo
616 4017 773 4087 apostolicae
795 4018 968 4074 sublimitatis
1018 4019 1162 4091 episcopos
1173 4034 1225 4089 per
1239 4018 1360 4090 singulas
1370 4019 1499 4075 civitates
1512 4016 1649 4086 subjectas
1661 4024 1708 4072 tuo
1723 4014 1816 4074 archi·

166 4100 312 4174 imperium
328 4102 423 4176 exigit.
447 4103 487 4159 Tu
502 4102 594 4177 itaque
608 4105 733 4178 exemplo
758 4121 820 4163 meo
844 4107 884 4163 sic
908 4116 967 4164 esto
1018 4106 1195 4180 episcopatui.
1212 4107 1376 4175 constituas,
1390 4106 1516 4178 inquam,
1540 4121 1574 4162 eo
1595 4104 1678 4161 modo
1696 4106 1773 4161 εἰειι
1787 4108 1815 4161 ει

166 4190 291 4263 simplex,
315 4198 344 4246 ut
357 4191 516 4263 pontificale
540 4191 685 4264 imperium
700 4210 756 4250 non
779 4195 909 4266 impediat
923 4195 968 4250 ni·
1018 4213 1064 4269 epo
1080 4197 1131 4252 tibi
1145 4196 1282 4267 disposui.
1302 4194 1353 4252 Ubi
1368 4195 1407 4250 ait
1423 4212 1430 4249 :
1447 4195 1527 4251 Sicut
1541 4210 1588 4267 epo
1605 4194 1656 4250 ttit
1678 4193 1813 4267 disposui,

166 4278 219 4334 mia
242 4279 389 4335 humilitas.
415 4280 479 4336 Non
500 4279 562 4336 ideo
576 4281 643 4337 dixit
660 4283 761 4340 Seruus
776 4285 826 4340 Dei
848 4292 874 4340 et
889 4300 969 4356 opor·
1018 4291 1092 4339 notat
1107 4284 1257 4355 quodcum
1272 4282 1345 4354 apud
1360 4299 1422 4338 eum
1438 4291 1526 4351 esset,
1551 4281 1692 4338 intruserit
1705 4297 1770 4338 eum
1782 4281 1815 4337 de

166 4367 241 4423 totos
266 4366 379 4433 Christi,
397 4367 462 4439 quin
485 4377 511 4425 ει
527 4368 668 4440 εροειοιιιε
693 4371 726 4426 sit
746 4372 797 4427 Dei
821 4379 848 4429 et
871 4378 1003 4439 servusl)
1017 4372 1224 4429 consecratione
1239 4370 1533 4450 episcoporumlium
1553 4369 1668 4427 scillicet
1681 4370 1814 4427 constitue

166 4453 268 4510 Christi
280 4471 287 4509 :
299 4455 349 4510 sed
364 4454 426 4512 ideo
442 4464 470 4511 ιιι
484 4457 589 4525 innuat,
601 4460 674 4532 quod
684 4475 733 4531 per
747 4460 883 4516 Christum
893 4462 967 4516 Deus
1016 4459 1186 4531 episcopum,
1202 4461 1300 4533 siquis
1314 4460 1406 4531 soant
1419 4460 1480 4516 siae
1490 4459 1629 4525 camiac,
1642 4457 1670 4513 id
1684 4465 1738 4526 est,
1754 4457 1813 4514 sine

166 4541 247 4598 Pater
261 4542 289 4598 in
304 4542 483 4599 ministerium
498 4546 668 4617 apostolatus
690 4548 803 4604 Paulum
828 4549 965 4604 direxerit.
1016 4557 1078 4604 actu
1093 4557 1119 4603 et
1133 4547 1244 4602 infamia
1259 4548 1399 4617 cujuslibet
1415 4546 1574 4604 criminalis.
1591 4545 1644 4616 Qui
1658 4546 1742 4603 etiarn
1755 4545 1813 4603 iue-

164 4631 312 4702 dpostolus
328 4631 390 4688 dieo
404 4634 559 4690 secondum
573 4635 658 4704 fidem
671 4637 827 4693 electorum
839 4637 900 4693 Dei.
918 4637 967 4693 Se·
1016 4636 1050 4692 rit
1067 4637 1204 4692 nir-entus
1219 4639 1329 4703 moris,
1346 4644 1374 4691 ut
1389 4636 1461 4692 idem
1475 4635 1540 4691 alibi
1553 4635 1741 4706 exposuimus.
1756 4637 1812 4691 llo-

165 4719 257 4792 quitur
271 4719 344 4777 enim
359 4728 385 4776 et
399 4721 626 4792 praedicatonem
641 4740 724 4796 quant
735 4732 883 4788 ¹tenuerunt
898 4740 966 4796 pro·
1016 4726 1083 4781 bens
1093 4724 1175 4780 etiam
1184 4725 1259 4794 tilios
1269 4724 1376 4793 fideles,
1385 4723 1413 4779 id
1428 4732 1479 4790 est,
1496 4724 1542 4795 qui
1555 4723 1582 4778 in
1594 4721 1648 4780 side
1663 4738 1732 4779 sana
1742 4721 1813 4780 lilios

164 4809 270 4878 phetas,
300 4816 327 4864 ει
350 4809 504 4882 quicunque
528 4811 608 4867 electi
624 4813 685 4868 Dei.
711 4813 857 4884 Apostolus
884 4813 966 4870 etiam
1016 4829 1082 4869 suos
1093 4812 1248 4869 instruxerit
1264 4830 1272 4868 ε
1289 4816 1317 4869 ει
1332 4829 1390 4869 non
1400 4813 1506 4869 hahens
1520 4828 1568 4868 eos
1581 4813 1615 4868 in
1628 4814 1812 4869 accusatione

166 4897 315 4952 secundum
341 4899 515 4969 opnitionem
538 4902 683 4970 veritatis,
707 4901 736 4957 id
757 4910 799 4958 est
817 4903 965 4959 secundum
1017 4903 1162 4959 toenitae:
1173 4901 1246 4973 quod
1261 4917 1313 4957 nec
1327 4901 1408 4956 etiam
1417 4901 1504 4957 malus
1518 4916 1612 4956 rumor
1627 4899 1694 4977 inde
1707 4899 1812 4957 exierit.

167 4985 240 5057 quod
251 4985 363 5057 agnovit
373 4986 407 5041 de
418 5002 484 5042 vera
499 4989 653 5060 cognitione
664 4989 725 5045 Dei.
742 4991 803 5046 Non
823 4991 967 5061 cujuslibet
1016 4990 1045 5047 Si
1067 4990 1139 5047 enim
1163 4988 1233 5046 tilios
1250 5006 1314 5045 suos
1332 4990 1452 5061 permisit
1476 4987 1627 5054 luxuriari,
1658 4987 1812 5061 exemplum

166 5071 287 5127 veritatis
302 5072 373 5139 dico,
391 5074 439 5129 sed
451 5076 508 5144 ejus
523 5081 638 5149 quaest
652 5079 807 5135 secundnm
816 5081 964 5152 pictatem,
1015 5078 1089 5134 dedit
1101 5095 1156 5132 non
1169 5095 1199 5133 se
1216 5078 1284 5133 hene
1299 5086 1488 5134 correcturum
1503 5075 1574 5132 lilios
1589 5074 1732 5132 Ecclesiae.
1758 5078 1812 5133 Aut

163 5157 192 5215 id
216 5167 257 5215 εει
282 5177 343 5231 quas
357 5162 456 5217 veritas
480 5165 603 5236 sequitur
624 5165 726 5221 cultum
749 5167 809 5222 Dei.
826 5167 906 5223 Fides
921 5168 966 5223 di·
1015 5184 1073 5223 noa
1087 5167 1192 5223 habens
1206 5164 1276 5221 lilios
1291 5181 1346 5221 non
1362 5166 1500 5233 sithditos,
1523 5164 1606 5219 idest
1622 5164 1810 5221 inobedientes

164 5263 197 5303 ao
212 5256 239 5303 et
253 5248 357 5320 agnitio
366 5251 497 5319 veritatis,
514 5253 643 5309 euntiain
659 5270 737 5326 spem
746 5257 812 5311 oiioe
826 5260 966 5313 tetcrnoe:
1015 5254 1076 5310 sihi.
1100 5255 1128 5310 Si
1150 5254 1223 5310 enim
1246 5253 1377 5309 remissus
1400 5252 1522 5324 apparuit
1546 5252 1572 5306 in
1597 5251 1713 5322 privatis
1742 5252 1811 5319 liliis,

167 5335 285 5393 345
303 5337 366 5409 quia
389 5355 440 5410 per
463 5337 544 5395 iidem
566 5349 725 5412 acceptam,
742 5350 768 5398 ει
782 5359 832 5414 ρει
845 5343 966 5415 agnitam
1014 5343 1133 5398 ostendit
1156 5342 1229 5414 quod
1249 5357 1303 5397 non
1325 5341 1489 5397 sufficienter
1511 5348 1652 5398 coerceret
1680 5341 1811 5397 creditam

164 5423 464 5497 ventatcm,speramus'
473 5443 525 5483 nos
534 5431 664 5502 consequi
670 5431 751 5487 vitam
762 5433 966 5495 eternamNec
1014 5431 1067 5487 sibi
1080 5431 1241 5487 Ecclesiam.
1252 5430 1318 5487 ldeo
1331 5431 1393 5487 volo
1407 5439 1437 5486 ut
1446 5430 1492 5503 qui
1504 5431 1568 5486 sinc
1583 5430 1706 5486 crimine
1720 5429 1809 5496 fuerit,

63 5523 66 5540 ¹
165 5508 266 5569 fradra
280 5528 289 5568 t
304 5513 369 5585 qnia
382 5530 468 5588 quom
482 5515 718 5591 vitam'promtsit,
732 5520 760 5577 id
774 5527 816 5578 est
830 5537 861 5577 se
885 5521 965 5579 datu·
1014 5519 1193 5576 constituatur
1215 5518 1362 5593 episcopus
1378 5534 1385 5574 :
1401 5521 1512 5591 oportet
1544 5518 1624 5576 εειιιε
1649 5519 1811 5591 episcopum
