3742 5986
721 258 902 317 APPENDIX
922 258 969 314 AD
999 257 1027 313 S.
1061 253 1268 312 anuNONlttt.

536 547 948 663 CONFESSIO
981 549 1031 657 S.
1063 541 1454 655 BRUNONIS

628 745 732 816 (Edidit
752 737 881 810 arurae,
904 710 1045 804 luctet,
1067 755 1131 795 nor.
1151 739 1229 806 earu,
1245 754 1273 809 p.
1290 737 1366 807 tir.)

926 870 1072 884 ἠ

173 974 269 1030 Fidem
284 975 416 1044 magistri
432 977 582 1044 brunonis,
598 995 683 1050 quam
697 978 888 1033 communiter
908 976 1005 1046 fro-A
1019 979 1046 1027 et
1062 969 1221 1025 resurrexit.
1246 965 1376 1023 Ascendit
1399 964 1433 1020 ad
1446 963 1541 1032 coeios,
1557 962 1622 1020 inde
1635 969 1773 1019 venturus
1787 967 1827 1016 est

210 1063 613 1135 tribastaivprotcstotusctt,
625 1082 691 1121 cum
704 1065 802 1120 borum
813 1065 973 1135 ribiapptu·
1020 1059 1144 1130 judicare
1168 1058 1245 1113 vivos
1267 1063 1294 1111 et
1318 1060 1451 1110 mortuos.
1469 1053 1558 1109 Credo
1572 1058 1751 1108 sacramenta
1766 1064 1826 1121 quat

205 1153 344 1223 pinqatore
354 1154 539 1219 sentiscebat
549 1156 640 1209 omnis
652 1156 749 1210 cornis
761 1155 836 1210 viam
847 1152 972 1223 inpredc-
1024 1147 1157 1202 catholiea
1176 1145 1262 1201 credit
1290 1152 1315 1198 et
1340 1149 1483 1199 veneratur
1498 1140 1641 1209 Ecclesia,
1657 1146 1685 1194 et
1700 1138 1827 1194 nomina-

206 1243 296 1308 retur,
309 1241 448 1310 scriptam
467 1257 578 1297 acritate
597 1244 770 1307 curavimus,
780 1241 889 1314 eoquod
902 1243 973 1295 sotis
1026 1237 1073 1290 lint
1090 1233 1163 1307 quod
1178 1240 1356 1288 consecratur
1370 1231 1398 1285 iu
1412 1229 1501 1296 altari,
1526 1245 1620 1284 verum
1635 1243 1740 1298 corpus
1755 1242 1827 1292 esse,

208 1328 311 1383 intime
325 1343 420 1383 coram
435 1329 489 1385 Deo
503 1346 553 1385 ttos
569 1331 649 1386 iltius
664 1331 729 1399 fidei
746 1334 831 1386 testes
842 1345 901 1386 estc
925 1345 972 1382 ro·
1024 1339 1120 1381 verant
1135 1338 1262 1389 carnem,
1287 1328 1313 1375 et
1327 1334 1423 1375 verum
1437 1317 1599 1391 sanguinem
1614 1315 1727 1372 Domini
1741 1314 1828 1371 nostri

172 1402 175 1408 ⁴
210 1419 302 1485 porat.
1022 1414 1089 1468 iesu
1104 1411 1214 1475 Christi,
1231 1425 1313 1482 quem
1328 1416 1354 1464 et
1364 1423 1415 1463 nos
1429 1405 1579 1478 accipimus
1592 1406 1622 1460 in
1636 1404 1828 1460 remissionem

1024 1508 1201 1572 peccatorum
1223 1506 1400 1563 nostrorum,
1429 1495 1458 1551 in
1486 1511 1563 1567 spem
1586 1492 1681 1549 salutis
1704 1501 1826 1550 aeterne.

211 1580 300 1636 Csedi’
315 1579 427 1635 firmil&
441 1580 469 1634 in
484 1581 603 1647 Pffllemr
628 1588 654 1635 0²
669 1580 776 1647 Filium,
801 1588 827 1635 0²
843 1580 974 1650 Spiritum
1025 1589 1114 1644 Credo
1130 1587 1221 1643 carnis
1232 1586 1471 1652 resurrectionem,
1483 1584 1565 1640 vitam
1575 1588 1717 1638 aeternam.
1728 1583 1826 1637 Arnen.

176 1677 314 1735 ⁵³¹¹G¹⁰mr
340 1670 450 1724 Patrem
471 1669 637 1741 inssssssifflfflr
668 1668 764 1724 Filium
792 1669 972 1740 unigenitum.
1026 1676 1165 1734 Confiteor
1180 1684 1208 1730 et
1223 1674 1309 1730 eredo
1324 1680 1445 1730 sanctarn
1461 1680 1542 1744 atque
1556 1668 1723 1726 ineffabilem
1736 1669 1829 1725 Trini-

176 1758 304 1828 Spiritum
328 1767 450 1813 sanctum
475 1774 507 1812 er
532 1758 866 1829 utroqueproeedentem‚
884 1758 974 1812 etbas
1025 1773 1127 1834 tarem,
1157 1766 1284 1832 Patrem,
1315 1771 1341 1818 et
1356 1761 1469 1830 Filium,
1495 1767 1522 1815 et
1545 1759 1675 1831 Spiritum
1690 1765 1828 1827 sanctum,

174 1853 232 1901 tres
253 1861 385 1917 personas
408 1863 490 1901 uuum
505 1847 602 1901 Deum.
626 1846 715 1902 Credo
739 1847 813 1918 quod
836 1847 908 1900 idem
924 1846 973 1901 Dei
1023 1870 1108 1908 uuum
1131 1854 1216 1908 berun
1240 1849 1410 1920 naturalem,
1435 1849 1514 1905 unius
1540 1847 1717 1917 substantiae,
1748 1846 1829 1902 unius

174 1933 257 1989 Filius
272 1944 421 2005 conceptus
437 1935 471 1988 sit
485 1936 519 1989 de
534 1935 633 2005 Spiritu
648 1943 743 1990 sancte
758 1951 791 1989 ex
815 1935 899 1989 illaria
915 1935 974 1988 Vir·
1024 1951 1148 2008 natum,
1175 1941 1256 1995 unius
1279 1939 1430 2008 majestatis
1444 1945 1524 2010 atque
1537 1936 1654 1992 virtutis.
1670 1937 1706 1992 Et
1722 1937 1830 1991 Patrem

173 2022 248 2095 gine.
266 2023 353 2078 Credo
368 2023 440 2094 quod
463 2024 542 2095 virgo
566 2023 718 2078 castissima
734 2023 815 2077 fuerit
829 2032 891 2078 ante
906 2038 973 2093 par·
1025 2031 1135 2102 quidem
1152 2047 1207 2086 non
1222 2028 1365 2100 genitum,
1390 2042 1444 2082 non
1458 2034 1595 2092 creatum,
1612 2025 1661 2080 sed
1677 2023 1832 2095 ingenitum

174 2118 247 2178 turn,
273 2111 393 2183 virgeio
408 2119 501 2181 partu,
518 2119 544 2166 et
559 2120 621 2182 post
634 2119 742 2181 parturn
760 2111 876 2183 virgeio
892 2118 973 2165 aeter-
1024 2114 1194 2186 profitemur.
1211 2115 1272 2184 lpse
1288 2115 1367 2168 Pater
1386 2127 1402 2166 a
1420 2111 1495 2167 nullo
1523 2110 1657 2183 originem
1686 2109 1777 2175 ducit,
1798 2125 1831 2165 ex

173 2214 237 2253 num
252 2200 445 2270 permanserit.
462 2201 550 2255 Credo
566 2200 638 2272 quod
653 2200 725 2255 idem
740 2200 791 2254 Dei
806 2200 890 2254 Filius
905 2215 971 2256 con·
1024 2219 1078 2275 quo
1096 2203 1179 2257 Filius
1194 2201 1381 2270 nativitatem,
1407 2209 1434 2256 et
1448 2198 1563 2270 Spiritus
1585 2204 1696 2253 sanctus
1716 2212 1832 2269 proces·

175 2293 269 2358 ceptus
300 2287 334 2341 sit
366 2287 438 2342 inter
461 2288 598 2352 homines,
625 2296 652 2342 ut
681 2304 762 2342 verus
789 2289 884 2354 horno,
915 2289 1133 2389 siueBsionem
1157 2291 1273 2360 accepit.
1290 2291 1362 2344 Fons
1385 2289 1444 2359 ipsc
1460 2287 1542 2358 igitur
1556 2294 1583 2343 et
1597 2286 1677 2359 origo
1691 2292 1733 2343 est
1748 2286 1831 2341 totius

173 2383 295 2446 peccato.
321 2376 408 2430 Credo
431 2377 504 2448 quod
527 2376 600 2430 idem
628 2377 678 2431 Dei
707 2372 787 2431 filius
810 2376 973 2432 invidiosas
1030 2379 1267 2449 divinitatis:ipse
1283 2393 1391 2449 quoque
1406 2375 1620 2431 Pateressentia
1633 2374 1747 2446 quidem
1762 2373 1831 2429 inei·

173 2462 286 2534 perftdis
308 2464 409 2518 Judaeis
433 2472 526 2535 captus
549 2465 595 2529 sit,
621 2464 750 2534 injuriose
772 2473 912 2532 tractatus,
928 2466 973 2518 iu·
1031 2468 1133 2534 fabilis,
1163 2467 1310 2521 substantia
1335 2480 1386 2520 sua
1408 2464 1505 2520 Filium
1529 2463 1623 2536 genuit
1644 2460 1831 2528 ineffabiliter,

171 2551 243 2621 juste
258 2552 370 2625 ligatus,
386 2561 546 2623 consputus,
561 2553 732 2626 flagellatus,
747 2561 870 2608 mortuus
885 2562 911 2608 et
926 2570 972 2609 se·
1030 2572 1083 2612 nec
1101 2564 1197 2610 tamen
1221 2555 1294 2609 aliud
1309 2570 1391 2625 quarn
1405 2553 1477 2624 quod
1492 2552 1551 2623 ipse
1566 2560 1617 2607 est.
1642 2550 1745 2607 Genuit
1758 2552 1832 2606 Deus

174 2639 275 2711 pullus.
291 2641 439 2696 Descendit
451 2642 487 2696 ad
501 2641 620 2708 inferos,
646 2650 674 2696 ut
695 2642 816 2713 captivos
831 2657 895 2697 suos
910 2642 973 2698 inde
1030 2646 1128 2710 Deum,
1153 2643 1198 2698 lux
1221 2643 1318 2698 lucem.
1334 2642 1376 2697 Ab
1390 2642 1451 2712 ipso
1466 2655 1534 2711 ergo
1557 2648 1599 2696 est
1622 2639 1712 2695 omnis
1735 2646 1815 2711 pater

174 2727 315 2795 liberaret,
331 2729 471 2785 descendit
486 2738 597 2801 propter
608 2730 824 2802 redemptionem
839 2739 970 2796 nostram,
1030 2734 1100 2787 nitas
1115 2732 1143 2786 in
1157 2731 1227 2788 coelo
1243 2738 1269 2786 et
1283 2732 1311 2786 in
1326 2739 1408 2786 terra.
1428 2732 1525 2785 Amen.

306 3009 797 3151 APt‘tllvttlx
849 3009 982 3152 AD
1037 3012 1104 3154 S.
1159 3006 1690 3155 BRUNONEM

221 3235 304 3336 nn
380 3233 638 3334 eutctnn
706 3232 891 3336 slent
964 3232 1469 3340 cnunnusrsrvsts
1528 3229 1791 3334 ouornts

342 3397 543 3462 AUCTORE
562 3397 780 3462 ZACHARIA
795 3399 1049 3480 BENEDICTO,
1072 3399 1319 3480 VICENTINO,
1341 3395 1655 3462 CARTHUSIANO.

178 3641 245 3712 Quis
260 3641 424 3697 Carthusiaci
437 3641 503 3709 iecit
517 3640 673 3695 fundamina
697 3641 815 3710 primum
991 3640 1101 3704 (tiieul
1119 3640 1207 3695 bonus
1222 3638 1324 3694 interiit
1338 3644 1440 3709 pastor,
1456 3637 1498 3693 vir
1514 3644 1625 3693 sanctus
1640 3636 1739 3706 obivit,

179 3712 301 3776 Ordinis,
318 3719 344 3767 et
360 3728 419 3782 quae
432 3727 517 3766 causa
529 3711 584 3775 ilii,
607 3711 648 3764 vis
663 3727 744 3765 nosse
759 3712 870 3766 viatori
1027 3713 1077 3766 Per
1092 3711 1152 3766 iota
1166 3710 1326 3775 clamabant,
1342 3725 1424 3764 nemo
1438 3709 1514 3763 dabit
1529 3707 1645 3779 amplius
1665 3708 1713 3766 ilia

178 3782 323 3837 Historiam
336 3783 405 3836 banc
421 3797 545 3852 sequere,
557 3782 607 3836 hos
618 3781 698 3835 etiem
709 3789 735 3834 tu
745 3782 858 3852 perlege
868 3798 975 3837 versus.
1026 3784 1112 3837 Docta
1127 3781 1258 3836 salutiferi
1274 3781 1409 3835 sermonis
1424 3787 1450 3834 et
1465 3794 1548 3835 aurea
1561 3779 1656 3834 verba.

178 3853 306 3908 Fructum
322 3852 344 3906 si
359 3867 473 3922 quaeras,
491 3851 578 3906 aderit
594 3852 767 3920 compunctio
782 3861 885 3907 sancta.
1030 3854 1038 3866 '
1063 3853 1176 3907 Funeris
1191 3853 1294 3906 interea
1312 3851 1437 3923 lugubris
1451 3866 1550 3921 pompa
1568 3856 1692 3920 paratur,

215 3922 244 3975 In
270 3922 408 3976 Senonum
433 3921 520 3991 planis
544 3922 610 3976 urbs
625 3923 850 3991 praestantissima
873 3923 976 3995 campis
1028 3923 1170 3994 Exsequias
1185 3922 1350 3977 multoftunt
1364 3929 1390 3976 et
1414 3921 1496 3976 nenia
1519 3921 1589 3975 l‘astu

177 3992 338 4063 Emporium
354 3992 471 4063 Sophia,
489 3992 584 4047 turrito
599 3993 700 4047 verlice
715 4009 761 4047 sur
783 3994 820 4060 it;
1027 3994 1196 4049 Conveniunt
1210 3993 1312 4063 passim
1328 3993 1412 4057 cives,
1428 3992 1527 4057 clerus,
1545 3991 1640 4047 schola
1664 3997 1720 4046 tota

178 4063 265 4132 Quam
281 4063 403 4128 ParideS,
420 4063 529 4135 lugiens
542 4063 658 4133 TroJana
672 4011 808 4131 incentfia,
825 4064 911 4120 fertur
1027 4066 1111 4120 Docta
1127 4064 1189 4130 coil,
1207 4064 1341 4135 crepitant
1355 4079 1388 4117 ex
1403 4062 1502 4117 ictibus
1523 4077 1580 4118 aera
1601 4061 1720 4117 sonoris.

177 4134 366 4200 Exstrunisse,
382 4135 519 4206 patrisque
534 4150 639 4189 memor
655 4133 757 4190 dixisse
772 4136 879 4192 Panisos
1026 4136 1047 4190 F
1049 4143 1124 4190 ertur
1138 4135 1300 4190 honoratum
1315 4134 1418 4202 majora
1432 4134 1467 4188 ad
1481 4133 1583 4204 templa
1597 4132 1728 4201 cadaver,

178 4205 312 4275 Cultores,
328 4206 436 4276 illisque
451 4205 568 4277 insignia
583 4213 610 4260 et
625 4220 702 4259 arma
717 4206 837 4261 dedisse.
1027 4208 1163 4262 Marmore
1187 4206 1237 4260 sub
1252 4205 1332 4260 Pario
1345 4204 1517 4260 condendum
1540 4211 1567 4259 et
1585 4209 1708 4258 aromata
1722 4203 1829 4271 subter,

179 4276 305 4348 Sequana
319 4277 467 4332 vorticibus
482 4292 535 4348 qua
548 4275 640 4330 multis
654 4276 729 4331 alluit
744 4292 822 4332 arces
1026 4277 1115 4331 Triste
1131 4277 1290 4332 sacerdotes
1314 4275 1454 4331 recitando
1475 4275 1503 4328 in
1525 4275 1646 4330 carmine
1661 4273 1759 4342 fatum,

179 4347 214 4401 Et
227 4349 374 4420 peregrina
389 4363 453 4402 suns
475 4347 629 4402 transmittit
644 4347 679 4401 ad
697 4364 809 4419 aequora
823 4362 940 4403 merces.
1027 4348 1162 4402 Ardentes
1176 4346 1288 4416 faculas,
1314 4354 1340 4401 et
1353 4362 1434 4402 cerea
1449 4346 1552 4400 lumina
1566 4352 1684 4417 portant,

178 4418 229 4473 Hic
243 4427 284 4472 est
299 4419 410 4473 assiduo
424 4417 539 4473 fecunda
553 4418 693 4473 academia
707 4418 798 4485 cultu;
1028 4419 1181 4473 Procedunt
1206 4417 1326 4489 querulae
1341 4417 1424 4487 longo
1440 4415 1520 4471 simul
1536 4415 1632 4471 ordine
1647 4422 1756 4484 turmae,

179 4488 238 4544 Huc
252 4495 279 4543 et
293 4489 475 4559 Cecropidum
489 4489 618 4544 translata
635 4496 676 4543 est
692 4489 780 4544 Pallas
795 4489 828 4543 ab
839 4488 905 4555 oris,
1028 4492 1115 4560 Atque
1131 4489 1189 4543 vias
1212 4503 1307 4543 omnes
1323 4487 1401 4559 nigro
1415 4487 1550 4542 velamine
1571 4485 1721 4558 complent.

178 4559 316 4631 Missaque
330 4560 364 4614 de
380 4559 492 4613 summis
509 4560 606 4630 ingens
622 4559 755 4629 sapientia
777 4561 869 4615 rebus.
1027 4559 1134 4615 Accidit
1149 4559 1220 4613 iuter
1234 4566 1273 4614 tot
1287 4575 1332 4614 res
1347 4557 1506 4612 admiranda
1520 4557 1616 4626 relatu,

216 4631 264 4685 iiie
285 4631 322 4685 ita
350 4630 440 4685 clarus
466 4638 523 4685 erat
548 4630 692 4685 virtutibus
720 4631 868 4698 omnibus,
898 4638 978 4702 atque
1028 4630 1161 4685 iudicium
1186 4629 1306 4695 coeleste,
1323 4637 1350 4684 et
1365 4628 1536 4684 formidabile
1556 4627 1685 4684 cunctis:

179 4701 228 4756 His
242 4701 393 4772 disciplinis
408 4702 480 4772 (quae
495 4701 578 4755 libero
594 4710 715 4771 tempora
728 4708 853 4772 poscunt)
1026 4701 1060 4756 Et
1075 4716 1140 4755 sanc
1154 4701 1212 4771 ipsa
1227 4700 1277 4755 Dei
1291 4700 1434 4766 sententia,
1451 4699 1565 4770 grandis
1588 4699 1716 4780 abyssus,

179 4772 279 4828 Doctor
289 4780 327 4836 ut,
342 4788 456 4827 ascenso
471 4780 602 4843 suggesto
618 4771 675 4826 sive
697 4773 834 4839 cathedra,
1029 4771 1077 4826 Cui
1087 4771 1137 4826 soli
1148 4769 1542 4826 detectamanentubsconditn
1553 4769 1714 4842 cordis(Pt.
1725 4770 1830 4841 xxxv).

178 4843 249 4898 Esse
263 4843 401 4898 videretur
414 4843 507 4924 magni
523 4858 573 4898 vox
590 4842 691 4912 inclyta
713 4843 797 4911 Pauli,
1029 4842 1102 4910 Quos
1118 4842 1169 4896 sibi
1183 4842 1294 4914 delegit,
1310 4841 1354 4897 vel
1368 4856 1436 4912 quos
1451 4841 1567 4911 privavit
1582 4841 1705 4912 olympo,

179 4916 267 4984 Atque
282 4913 444 4969 verecundis
459 4931 486 4966 tn
501 4913 624 4968 moribus
638 4913 708 4968 alter
722 4915 834 4986 Joseph.
1030 4914 1109 4968 Solus
1124 4913 1204 4968 habet
1218 4921 1308 4977 notos,
1326 4911 1400 4967 solus
1417 4911 1545 4967 discrevit
1559 4910 1594 4966 ab
1616 4926 1687 4967 aevo.

72 5021 76 5024 «
179 4985 266 5051 Hunc,
283 4985 365 5040 veluti
380 4984 441 5039 coeii
456 4984 548 5038 divum
564 4985 598 5038 dc
613 4984 729 5038 cuitnine
753 4985 870 5057 lapsum,
988 4985 1085 5061 DNos
1100 4985 1224 5039 homines
1240 4983 1304 5040 caeci
1320 4999 1411 5038 rerum
1426 4990 1532 5038 secreta
1546 4982 1688 5048 videmus,

179 5054 262 5109 Totus
275 5056 405 5109 adorabat
420 5054 547 5124 populus,
571 5069 689 5124 namque
705 5054 750 5109 ille
766 5056 904 5111 sacerdos.
1028 5053 1104 5109 Sicut
1119 5054 1291 5124 Apollineum
1305 5054 1436 5109 discernit
1451 5061 1550 5108 noctua
1565 5053 1668 5108 lumen.

215 5125 315 5194 Inclyta
332 5125 453 5197 Virginei
466 5133 525 5195 post
541 5124 704 5180 incunabula
725 5136 818 5195 partus
1028 5127 1099 5179 Ecce
1114 5126 1165 5179 sub
1180 5132 1295 5197 argento
1310 5124 1357 5195 qui
1373 5124 1532 5194 portabatur
1547 5131 1573 5178 et
1594 5132 1669 5179 ostro

178 5195 287 5265 Elapsis
305 5196 383 5250 annis
398 5196 471 5250 mille
485 5195 623 5266 octoginta
638 5195 753 5257 duobus,
1027 5195 1158 5264 Mortuus,
1174 5203 1200 5251 et
1213 5204 1286 5251 tanto
1301 5195 1389 5250 fuerat
1409 5194 1560 5249 cumulatus
1583 5195 1700 5259 honore,

179 5266 298 5338 Contigit
322 5267 385 5321 huic
407 5265 509 5320 homini
522 5275 689 5335 postremum
706 5264 833 5320 claudere
858 5272 975 5335 tempus.
1028 5267 1095 5322 Cum
1111 5265 1181 5321 foret
1196 5267 1232 5321 ad
1245 5265 1337 5321 ianutn
1353 5265 1462 5319 sublimi
1480 5266 1507 5319 in
1529 5265 1600 5320 mole
1616 5265 1723 5319 locatus

178 5340 266 5408 Atque
290 5338 383 5390 subire
407 5352 490 5415 grave
506 5335 667 5406 imperium,
690 5335 752 5404 iura
776 5349 871 5403 aspera
900 5337 976 5403 lethi,
1029 5336 1095 5406 Quo
1105 5338 1202 5392 melius
1217 5346 1310 5407 posset
1323 5337 1411 5402 cerni,
1428 5335 1585 5406 cunctisque
1608 5343 1723 5406 pateret,

81 5449 86 5454 .
178 5410 293 5479 Jamque
315 5408 386 5475 jacet
411 5422 472 5463 vtvo
495 5407 615 5477 gelidum
631 5406 689 5460 sine
713 5405 847 5478 sanguine
861 5423 976 5479 corpus;
1029 5410 1171 5490 Responde
1184 5408 1267 5475 milti,
1285 5408 1350 5462 dum
1365 5407 1473 5479 legitur,
1491 5422 1536 5462 res
1551 5421 1617 5462 ecce
1632 5405 1779 5476 stupenda,

179 5479 282 5534 Rumor
292 5478 393 5548 ubique
407 5476 516 5546 strepit,
534 5477 613 5533 dolor
626 5476 721 5532 annius
737 5476 855 5547 undique
870 5479 977 5546 mansit,
1028 5481 1142 5535 Enunus
1156 5478 1252 5534 attollit
1266 5478 1373 5545 vultus,
1389 5493 1583 5551 exsangueque
1597 5484 1705 5548 pectus,

178 5548 214 5608 Et
228 5547 331 5624 gemini
345 5564 427 5604 sexus
442 5557 573 5604 resonant
587 5548 707 5604 lamenta
730 5564 779 5622 per
799 5550 906 5607 orbern.
1029 5552 1070 5607 Ac
1085 5549 1308 5623 circumspiciens
1322 5557 1401 5606 torvo
1416 5564 1478 5606 curn
1492 5547 1593 5604 iumine
1604 5547 1720 5615 turbas,
