3742 5986
169 183 223 240 207
422 183 450 239 S.
466 182 644 241 BRUNONIS
672 182 994 242 clarnoslntvoatitt
1021 182 1263 241 INSTlTUTOlllS
1290 182 1368 240 OPP.
1396 181 1485 238 PARS
1510 181 1548 236 11.
1759 179 1814 234 2⁰8

170 306 275 362 rexisse
288 313 401 377 propter
410 306 630 375 justificationem
644 315 774 364 nostram.
792 307 861 377 Quia
877 307 899 362 si
909 308 1001 367 nonA
1015 307 1148 363 creaturis
1171 316 1312 380 paternam
1326 306 1499 362 dilectionem
1514 303 1654 359 adhibere.
1671 299 1739 358 Cum
1754 309 1814 356 tra·

170 395 328 461 resurrexit,
353 410 404 451 nec
429 411 478 451 nos
498 394 664 465 justificavit,
687 397 727 452 sic
741 397 826 470 igitur
839 412 910 451 vana
924 404 965 450 est
1015 395 1113 450 diderit
1128 396 1189 452 dico
1212 413 1353 470 regnum:
1375 403 1401 451 at
1425 411 1490 450 cam
1506 393 1684 448 evacuaverit
1699 407 1813 447 omnem

170 480 239 539 fides
264 491 365 539 vestra.
394 484 428 538 Et
451 484 514 556 quia
530 485 620 539 adhuc
643 485 767 540 homines
782 486 885 540 suntin
900 500 966 555 pec·
1011 486 1217 558 principatum,
1229 491 1258 542 et
1267 488 1448 558 potestatem,
1464 487 1493 538 et
1504 483 1649 538 virtutem.

169 572 247 638 eatis,
265 588 329 644 ergo
353 573 399 627 itti
420 574 468 643 qai
491 572 669 629 dormierunt
693 575 724 629 in
741 571 861 639 Christo,
882 572 968 628 idest
1049 574 1205 630 Notandum
1219 582 1260 630 est
1273 574 1346 645 quod
1359 573 1387 628 in
1402 571 1508 644 angelis
1523 568 1692 626 diversitates
1705 566 1813 623 officio-

165 659 266 716 mortui
280 659 307 714 in
322 659 422 715 Christi
437 658 491 715 fide
501 662 658 732 perierant,
668 661 695 716 id
705 669 748 717 est
760 661 881 717 damnati
891 669 963 716 sunt.
1014 679 1073 718 nrm
1095 665 1168 719 Deus
1189 662 1321 735 posuerit,
1347 669 1373 717 et
1395 661 1448 716 hoc
1460 667 1546 715 toturn
1561 673 1644 715 causa
1659 657 1811 722 hominum,

167 749 267 806 lterum
290 749 363 803 aliud
387 748 593 805 inconvenieus.
621 750 656 804 Et
676 751 702 805 ai
717 766 771 806 nou
785 751 964 806 resurrecturi
1013 760 1042 807 ut
1066 752 1157 825 angeli
1180 751 1369 806 administrent
1383 748 1464 804 saluti
1477 764 1582 804 eorum.
1598 746 1652 802 Sed
1667 753 1812 817 postquam

164 841 311 910 sperantes
322 838 462 894 samario
473 836 822 895 Christotcrrtcmmodoirr
833 838 885 893 hac
893 839 962 906 vita,
1012 841 1137 896 homines
1157 841 1213 910 jam
1228 840 1256 894 in
1271 837 1434 911 perfectione
1449 842 1538 903 erunt,
1559 842 1585 891 et
1605 834 1679 889 nulia
1693 831 1812 888 admini-

164 925 234 981 sicut
247 941 296 981 vos
311 925 410 991 dicitis,
435 925 549 980 luturam
565 941 620 981 non
635 926 762 996 habituri,
787 933 851 983 ωηο
866 943 964 983 sumas
1013 928 1141 984 stratione
1156 928 1285 1002 egebunt,
1297 925 1461 983 nominailln
1473 925 1647 980 destruentur
1657 920 1809 992 inangelis,

160 1014 380 1071 miserabiliores
398 1014 526 1071 omnibus
551 1014 712 1071 bominibus
731 1033 738 1069 :
755 1015 819 1087 quia
836 1031 887 1071 nec
902 1017 962 1083 hac,
1013 1017 1111 1090 quibus
1126 1017 1295 1073 vocabantur
1310 1031 1360 1087 pro
1373 1013 1532 1070 diversitate
1554 1012 1679 1067 humanae
1692 1008 1813 1064 admini-

164 1117 215 1158 nac
237 1101 290 1157 ulia
312 1102 365 1158 vita
388 1101 511 1157 fruemur
527 1120 534 1156 :
552 1118 613 1158 cum
638 1103 758 1174 quotidie
780 1103 807 1158 in
831 1103 963 1174 augustiis
1013 1105 1161 1162 strationis.
1195 1106 1263 1161 Sunt
1291 1104 1364 1159 euim
1391 1102 1500 1175 quidam
1523 1101 1593 1156 inter
1616 1098 1741 1172 angelos,
1766 1095 1812 1168 qui

163 1190 365 1246 devolvamur:
393 1189 614 1262 quandoquidem
637 1199 675 1246 tot
697 1192 914 1248 inconvenientia
930 1209 962 1247 ex
1011 1194 1191 1265 principatum
1199 1193 1300 1248 hahent
1310 1208 1393 1263 super
1403 1206 1499 1246 omnes
1518 1189 1596 1244 alios.
1613 1185 1731 1243 148
1743 1185 1812 1240 Sunt

163 1287 263 1350 negata
277 1279 476 1335 resurrectione
491 1295 521 1334 se
528 1279 657 1351 ingerunt
676 1279 777 1351 :igitur
785 1297 873 1348 nunc,
884 1280 912 1335 id
922 1288 963 1335 est
1012 1282 1093 1338 etiam
1108 1282 1153 1337 alii
1169 1280 1215 1352 qui
1229 1280 1391 1352 potestative
1415 1277 1556 1350 perficiunt
1573 1292 1614 1344 ea,
1631 1291 1692 1347 quae
1704 1273 1811 1345 aprin-

165 1384 199 1424 er
223 1367 374 1439 praemissis
397 1367 546 1422 rationibus
561 1367 697 1439 colligitur
711 1368 785 1440 quod
799 1385 864 1424 vere
880 1370 962 1426 Chri·
1011 1371 1102 1442 cipatu
1117 1370 1294 1442 injunguntur
1308 1367 1358 1424 eis.
1376 1368 1444 1423 Sunt
1458 1366 1505 1422 alii
1521 1365 1568 1438 qui
1582 1364 1709 1421 dicuutur
1722 1362 1811 1418 virtu·
1832 1381 1843 1399 .

163 1462 225 1514 stria
239 1456 402 1513 recorrexit
413 1473 431 1510 a
440 1458 570 1512 mortuis.
583 1456 706 1511 Christus
717 1456 779 1512 dico
788 1458 926 1529 primitia
935 1465 962 1513 et
1010 1461 1061 1517 tas,
1088 1453 1152 1526 quia
1172 1452 1361 1508 miraculorum
1377 1458 1439 1506 sunt
1452 1457 1622 1520 operatores.
1638 1446 1770 1503 Similiter
1786 1451 1812 1500 et

163 1545 313 1602 secundum
329 1551 447 1614 tempus,
462 1551 487 1599 et
510 1544 661 1600 secundum
676 1544 845 1617 dignitatem,
858 1546 920 1617 quia
935 1552 962 1602 et
1010 1541 1038 1595 in
1051 1541 1131 1597 malis
1145 1541 1251 1614 angelis
1266 1540 1375 1613 quidam
1386 1545 1448 1593 suut
1462 1537 1600 1609 principes
1616 1551 1699 1606 super
1714 1549 1810 1589 ornnes
1855 1562 1857 1565 ·

164 1631 186 1686 si
197 1632 305 1704 quidam
319 1639 382 1686 anta
397 1647 458 1686 aum
473 1632 596 1688 suscitati
610 1632 718 1689 luerunt
732 1649 788 1688 non
803 1649 820 1689 a
834 1633 958 1700 mortuis,
970 1661 997 1721 B
1011 1630 1090 1686 alios.
1106 1630 1159 1685 Alii
1174 1629 1305 1685 habentes
1320 1634 1482 1699 potestatem
1497 1624 1631 1681 efficiendi
1644 1622 1719 1695 quod
1732 1620 1812 1694 prin-

163 1720 255 1775 sedin
275 1735 388 1775 numero
412 1719 585 1775 morientium
608 1721 709 1792 relapsi
725 1728 796 1776 sunt.
813 1722 959 1792 nignitate,
1011 1719 1086 1790 cipes
1114 1718 1315 1790 praeceperint:
1344 1716 1390 1771 alii
1412 1715 1533 1781 virtutes,
1557 1712 1603 1785 qui
1627 1712 1718 1783 abqua
1741 1725 1812 1766 nova

163 1805 226 1876 quia
241 1806 370 1875 majorem
384 1805 509 1859 omnihus
523 1805 640 1876 gloriam
655 1806 812 1872 habebit,et
833 1806 962 1879 quidquid
1011 1807 1140 1862 inducant
1164 1806 1242 1878 quasi
1271 1804 1414 1860 miracula.
1440 1804 1476 1858 Et
1504 1802 1563 1857 haec
1589 1801 1688 1856 iterum
1717 1799 1744 1854 in
1759 1796 1812 1854 tine

163 1892 219 1960 alii,
236 1900 321 1948 totum
341 1892 479 1947 habebunt
502 1893 606 1962 abillo,
631 1903 720 1966 etper
734 1895 820 1949 illum.
838 1895 962 1949 Christus
1012 1895 1225 1951 evacuabuntur.
1256 1891 1326 1961 Quia
1353 1892 1422 1948 sicut
1451 1891 1515 1946 honi
1543 1888 1636 1962 augeli
1662 1887 1733 1943 ultra
1757 1903 1810 1941 non

166 1981 228 2037 dico
252 1982 388 2054 primitiae
401 1981 617 2038 dormientium.
647 1985 699 2038 Per
713 1983 766 2040 hoc
792 1983 887 2046 innuit,
900 1999 962 2039 curn
991 1983 1149 2041 ,habebunt
1168 1983 1196 2037 in
1211 1997 1264 2054 quo
1279 1980 1404 2037 homines
1425 1986 1566 2044 tueantur;
1583 1978 1623 2033 sic
1637 1992 1689 2032 nec
1704 1974 1768 2030 mali
1784 1974 1812 2029 in

164 2068 230 2126 dicit
265 2069 402 2124 Christum
439 2069 573 2140 primitiae,
613 2070 686 2141 quod
717 2071 763 2125 aiii
797 2070 962 2127 dormientes
1012 2088 1066 2144 quo
1089 2078 1206 2127 noceant
1229 2069 1394 2126 hominibus.
1421 2068 1467 2124 Sic
1490 2067 1571 2122 etiam
1590 2066 1662 2120 inter
1686 2063 1811 2120 homines

166 2157 285 2213 secuturi
301 2156 353 2210 sint
369 2172 431 2212 eum
446 2156 473 2210 in
496 2159 703 2214 resurrectione.
719 2159 826 2214 Diceret
840 2159 938 2231 aliquis
954 2176 961 2214 :
1011 2160 1100 2216 omnis
1114 2158 1266 2214 differentia
1281 2156 1448 2229 praelationis
1462 2155 1506 2211 vel
1520 2153 1694 2224 subjectionis
1708 2152 1814 2208 destru-

164 2245 227 2301 Non
249 2244 358 2300 videtur
378 2251 408 2298 ut
430 2259 480 2314 per
496 2245 623 2301 meritum
638 2246 718 2301 unius
730 2247 849 2302 hominis
863 2247 962 2302 Christi
1012 2256 1072 2304 etur
1088 2266 1094 2302 z
1110 2248 1181 2302 inter
1194 2262 1263 2318 quos
1278 2245 1353 2300 nulla
1368 2245 1419 2300 erit
1435 2243 1576 2316 regiminis
1590 2240 1769 2313 inequalitas.
1781 2242 1811 2295 ln

165 2348 262 2388 omnes
295 2330 420 2387 homiues
456 2348 598 2406 resurgere
630 2334 744 2405 possint.
782 2335 883 2390 Contra
911 2336 963 2392 hoc
1011 2335 1065 2391 fine
1080 2335 1166 2391 tradet
1180 2335 1304 2391 Christus
1314 2348 1431 2407 ragnum
1441 2347 1520 2386 suum
1532 2331 1622 2386 Patri:
1638 2329 1688 2385 sed
1702 2329 1812 2384 interim

165 2420 265 2477 Paulus
281 2436 288 2474 :
306 2421 377 2476 Vere
392 2421 483 2476 caeteri
498 2421 664 2478 dormientes
678 2438 729 2493 per
742 2422 874 2493 primitias
888 2440 961 2491 suas,
1011 2424 1075 2480 dum
1089 2424 1210 2479 noudum
1225 2422 1287 2477 linis
1302 2430 1352 2490 est,
1369 2424 1479 2493 oportet
1496 2435 1624 2492 regnare,
1635 2418 1715 2473 idest
1733 2417 1811 2472 Chri·

164 2509 192 2564 id
207 2516 247 2564 est
268 2508 414 2577 Christum,
443 2518 598 2580 resurgent,
627 2512 890 2584 quoniamquidem
913 2528 963 2584 per
1011 2520 1079 2567 stum
1094 2528 1156 2569 omn
1170 2511 1289 2583 potentia
1304 2509 1453 2566 Ecclesiam
1470 2523 1549 2563 suam
1569 2521 1679 2579 regare.
1696 2506 1811 2578 Oportet

165 2597 307 2654 bominem
315 2613 397 2652 uuum
406 2596 456 2651 luit
463 2598 674 2669 morsomnium,
682 2602 757 2655 itaet
763 2600 963 2673 perbomirrem
1011 2600 1072 2656 ideo
1086 2600 1170 2656 dicit:
1187 2599 1248 2671 quia
1278 2598 1317 2654 sio
1340 2598 1529 2669 prophetatum
1544 2597 1627 2651 estin
1650 2593 1808 2664 Scripturis,

164 2685 486 2742 unumeritremrrectio
495 2691 681 2744 mortuoram.
695 2688 960 2744 Undehocasimih.
1012 2704 1081 2761 quas
1104 2705 1137 2745 ex
1160 2687 1321 2744 necessitate
1335 2693 1444 2757 oportet
1458 2684 1576 2755 impleri.
1595 2683 1721 2755 Regnare
1735 2681 1808 2748 dico,

164 2774 237 2830 liam
246 2775 365 2830 eicntirr
381 2773 439 2828 solo
454 2774 828 2845 ldamomrresmoricntor,
840 2778 882 2832 ito
894 2779 962 2834 etin
1011 2779 1097 2834 dortec
1107 2778 1180 2834 Deris
1190 2779 1382 2848 ponctomrres
1410 2775 1543 2830 inimicos
1552 2771 1652 2827 Christi
1670 2770 1720 2826 aab
1729 2769 1812 2842 pedi·

163 2861 223 2917 solo
243 2860 353 2917 Christo
375 2876 471 2917 omnes
496 2862 722 2931 vivificabuntur.
744 2863 773 2919 Si
794 2865 867 2919 enim
882 2864 963 2936 culpa
1011 2866 1140 2938 bosejas,
1157 2864 1185 2919 id
1200 2872 1242 2920 est
1257 2872 1311 2919 tam
1329 2862 1453 2934 plenaria
1469 2860 1645 2931 subjectione,
1662 2858 1732 2915 sicut
1746 2865 1810 2913 sunt

163 2949 248 3005 solius
279 2949 355 3019 ada,
385 2948 421 3003 ad
444 2949 643 3006 damnationem
672 2952 792 3006 omnium
825 2951 962 3009 sufficiens
1010 2953 1093 3025 aliqui
1120 2953 1236 3024 pedibus
1260 2952 1374 3007 aliorum
1397 2949 1536 3022 prostrati.
1568 2949 1613 3005 Vel
1634 2946 1810 3018 subpeditare

163 3035 223 3104 luit,
237 3045 267 3092 ut
281 3036 467 3108 pretermissa
481 3038 633 3107 majoritate
654 3039 858 3096 similitudinem
873 3041 957 3096 solam
971 3019 994 3080 0
1008 3042 1078 3113 ejas,
1104 3041 1131 3096 id
1155 3050 1196 3096 est
1219 3041 1355 3110 subjectos
1375 3037 1535 3093 humanitati
1550 3034 1660 3092 Christi.
1677 3034 1745 3103 Quae
1759 3049 1810 3105 per

160 3123 312 3197 loquamur,
330 3140 413 3197 quara
423 3126 504 3181 simili
514 3127 802 3197 modojustitiasolius
813 3129 911 3185 Christi
922 3129 958 3185 ad
1007 3130 1093 3204 pedes
1117 3129 1178 3185 ideo
1187 3129 1328 3202 signatur:
1355 3142 1418 3200 qma
1432 3142 1482 3197 per
1495 3123 1688 3180 humanitatem
1703 3138 1810 3177 assum·

157 3211 377 3281 iustificationem
391 3214 514 3270 omnium
529 3231 583 3271 uon
599 3215 744 3272 sufficeret.
1006 3225 1090 3289 ptam,
1107 3217 1234 3274 divinitas
1248 3218 1323 3273 venit
1336 3217 1372 3272 ad
1388 3215 1524 3271 homines.
1540 3215 1574 3267 Et
1588 3219 1736 3283 postquam
1747 3211 1807 3267 haec

194 3302 340 3373 Postquam
368 3302 493 3372 probavit
507 3304 732 3360 resurrectionem
749 3305 870 3360 omnium
893 3321 957 3361 vera
1008 3306 1100 3362 omnia
1114 3314 1194 3361 erunt
1208 3313 1346 3371 evacuata,
1364 3312 1428 3360 tunc
1456 3302 1538 3357 etiam
1554 3300 1719 3356 destruetur
1732 3314 1808 3355 mors

155 3386 287 3455 futuram,
302 3405 424 3463 congrue
439 3390 530 3446 subdit
545 3391 579 3447 de
593 3392 690 3448 ordina
705 3393 764 3462 ejus
778 3394 958 3450 resurrectio·
1008 3394 1161 3450 novissimo
1180 3411 1186 3449 :
1202 3392 1266 3466 quia
1278 3401 1423 3464 postquam
1437 3407 1492 3446 non
1507 3389 1557 3445 erit
1572 3394 1715 3460 peccatum
1731 3401 1737 3440 :
1757 3401 1809 3443 nec

157 3477 202 3532 nis
217 3495 224 3532 :
241 3484 270 3533 ut
283 3493 334 3548 per
347 3478 400 3534 hoc
425 3479 514 3552 magis
537 3478 700 3536 certificaret
719 3497 767 3537 eos
791 3490 817 3537 et
830 3480 958 3538 invitaret
1007 3498 1088 3554 poena
1115 3482 1230 3554 peceati,
1262 3481 1366 3538 scilicet
1380 3495 1455 3535 mors
1468 3476 1631 3534 remanebit.
1656 3477 1730 3531 hiors
1746 3475 1809 3532 dico

156 3565 192 3621 ad
216 3565 341 3621 eamdem
362 3566 600 3633 resurrectionem,
627 3568 744 3624 dicens:
766 3568 840 3625 hicet
861 3585 958 3626 ornnes
1006 3571 1151 3627 inimica:
1178 3570 1222 3626 cui
1246 3578 1274 3625 et
1296 3569 1422 3625 homines
1436 3566 1620 3631 inimicantur,
1637 3572 1662 3620 et
1678 3579 1740 3635 quae
1754 3561 1809 3618 ini·

157 3670 236 3725 teque
260 3662 414 3727 resurgant,
444 3663 535 3710 tamen
557 3658 747 3729 unusquisqne
771 3657 821 3712 erit
848 3658 879 3712 in
907 3675 958 3714 aco
1007 3659 1123 3714 micatur
1149 3657 1313 3714 hominibus.
1326 3659 1396 3713 Vere
1406 3654 1507 3712 inimici
1526 3661 1661 3725 ponentur
1672 3652 1724 3707 suh
1734 3651 1808 3723 pedi·

155 3742 277 3798 ordine:
308 3741 354 3813 qui
382 3741 455 3797 enim
482 3742 542 3813 plus
569 3744 726 3813 promeruit,
755 3743 817 3814 plus
844 3745 959 3816 accipiet
1008 3746 1059 3802 bus
1073 3746 1181 3802 Christi.
1196 3747 1267 3802 Nam
1292 3745 1423 3816 scriptum
1438 3751 1478 3799 ast
1493 3743 1520 3798 in
1536 3741 1663 3797 Psalmo:
1682 3761 1694 3791 ι
1711 3738 1810 3796 Omnia

157 3828 273 3902 gloriae:
290 3836 316 3884 et
331 3830 368 3884 ita
383 3829 455 3900 quod
472 3830 600 3886 Christus
615 3831 666 3885 erit
679 3832 817 3902 primitia
835 3839 957 3905 tempore
1008 3831 1120 3901 subjecit
1131 3833 1205 3887 Deus
1222 3831 1272 3886 sub
1298 3830 1413 3901 pedihus
1437 3829 1496 3898 ejus
1511 3827 1600 3898 (Prot.
1616 3840 1677 3891 vrit,
1695 3825 1732 3895 8),
1753 3847 1764 3874 ιι
1781 3823 1809 3879 id

158 3923 185 3971 et
211 3915 353 3988 dignitate,
379 3917 448 3973 sicut
462 3916 596 3987 superius.
620 3919 725 3975 Danda
739 3928 802 3990 post
819 3920 957 3977 Christum
1008 3927 1050 3974 cst
1065 3919 1175 3986 Christi,
1205 3919 1274 3976 sicut
1298 3918 1452 3989 expositum
1477 3923 1517 3971 est
1531 3915 1560 3970 in
1572 3913 1689 3973 Psalmo,
1706 3914 1810 3968 Tamen

158 4010 238 4059 erunt
262 4003 291 4058 in
313 4004 404 4076 gloria
417 4006 440 4060 ii
454 4006 503 4077 qui
516 4010 585 4063 sont
608 4007 722 4064 Christi.
740 4008 771 4061 ln
785 4024 817 4064 eo
832 4010 894 4066 dico
909 4027 957 4066 eos
1008 4009 1132 4078 hahetur,
1164 4007 1314 4076 subjecisti.
1346 4007 1414 4062 Cum
1439 4009 1536 4061 numm
1560 4001 1704 4073 Scriptura
1726 4001 1808 4068 dicat,

159 4107 220 4148 essa
236 4091 344 4160 Christi,
361 4092 474 4160 scilicet,
495 4094 543 4165 qui
562 4094 743 4151 crediderunt
763 4098 794 4152 in
809 4098 957 4154 secundum
1007 4099 1104 4154 omnio
1115 4089 1810 4168 siueduhiosubjectarumChristo,omniapraetcr

157 4181 310 4237 adrentum
330 4182 401 4251 ejas,
416 4181 444 4236 id
459 4189 501 4237 est
515 4183 741 4239 resurrectionem
758 4200 764 4238 :
782 4193 807 4240 et
822 4185 860 4242 ita
870 4188 959 4242 credi·
1008 4201 1073 4241 eam
1083 4187 1132 4257 qui
1144 4185 1179 4250 ei,
1196 4184 1300 4240 scilicet
1315 4183 1432 4245 Christo,
1448 4181 1565 4252 subjecit
1579 4179 1685 4244 omnio,
1706 4177 1810 4234 scilieet

158 4269 257 4324 derunt
266 4269 420 4342 integritate
432 4268 496 4326 fidei
505 4278 531 4326 et
540 4271 604 4326 boni
617 4272 727 4343 operis:
740 4281 835 4329 euntes
845 4274 955 4330 obviarn
1008 4281 1108 4343 prater
1121 4272 1300 4329 divinitatem.
1312 4274 1396 4336 Deus,
1408 4271 1455 4342 qui
1466 4269 1571 4325 Christo
1581 4267 1698 4335 subjecit
1706 4266 1808 4329 omnis,

156 4354 187 4410 in
208 4356 352 4412 adventum
375 4358 484 4413 Christi.
518 4359 652 4416 Potuisset
673 4360 775 4428 dicere,
800 4363 846 4433 qui
869 4362 994 4430 credi-1)
1008 4375 1063 4416 non
1086 4368 1127 4416 est
1154 4360 1262 4416 Christo
1290 4360 1439 4429 subjectus.
1463 4356 1519 4413 Sed
1543 4358 1602 4429 ipse
1617 4353 1740 4409 Christus
1754 4355 1810 4410 erit

159 4442 257 4498 derunt
280 4444 308 4499 in
327 4445 497 4502 nativitatem
521 4448 620 4503 Christi
644 4448 686 4504 vel
709 4449 886 4520 passionem;
911 4451 960 4506 sed
1010 4449 1151 4519 subiectas
1159 4448 1250 4515 itti,id
1264 4447 1499 4518 estDeitati:qnae
1511 4443 1630 4513 subiecit
1638 4443 1735 4499 omnia
1743 4442 1808 4513 ipsi,

159 4531 222 4587 ideo
237 4532 265 4587 in
288 4533 435 4590 adventum
459 4535 534 4600 dixit,
552 4536 614 4607 quia
637 4537 865 4593 resurrectionem
881 4553 959 4594 com-
1009 4536 1036 4592 id
1064 4544 1105 4591 est
1127 4535 1244 4591 Christo.
1274 4536 1384 4591 Diceret
1410 4534 1536 4606 aliquis:
1562 4529 1672 4586 lntarim
1700 4530 1810 4601 quidem

159 4621 292 4677 mendara
321 4622 361 4677 ais
390 4623 557 4679 intendebat.
583 4625 618 4679 Et
641 4632 788 4697 postquam
802 4624 821 4680 ii
836 4626 882 4697 qui
897 4633 960 4682 sunt
1010 4624 1132 4681 Christus
1155 4624 1206 4680 erit
1228 4624 1367 4694 subJectus
1390 4625 1459 4692 Deo,
1485 4619 1638 4677 donecsibi
1653 4620 1727 4674 Deus
1742 4618 1809 4674 sub·

160 4708 260 4765 Christi
276 4719 430 4782 resurgent,
446 4711 547 4767 deinde
570 4711 621 4766 erit
643 4712 720 4780 finis,
735 4712 763 4767 id
783 4720 825 4768 est
838 4712 960 4784 impletio
1006 4713 1104 4782 jecerit
1131 4713 1244 4768 omnia:
1274 4713 1324 4768 sed
1351 4720 1446 4784 postea
1472 4725 1537 4765 non.
1562 4707 1622 4763 Erit
1645 4706 1737 4778 utique
1762 4706 1811 4778 (ait

158 4797 303 4867 promissa
327 4797 501 4855 beatitudinis
526 4814 533 4853 :
562 4815 628 4855 cam
655 4799 778 4855 Christus
808 4802 960 4858 tradiderit
1009 4799 1120 4872 Paulus)
1143 4800 1207 4873 quia
1229 4816 1291 4856 cum
1315 4801 1438 4870 subjecta
1460 4797 1560 4854 luerint
1575 4794 1681 4852 Christo
1704 4795 1806 4865 omnia,

160 4899 289 4955 regnam,
305 4885 333 4940 id
347 4894 388 4941 est
398 4886 550 4942 Ecclesiam
564 4903 650 4956 suam,
667 4902 749 4959 quarn
764 4903 826 4944 cum
840 4890 959 4960 potentia
1009 4896 1073 4945 tuno
1099 4889 1159 4960 ipse
1187 4888 1314 4944 Christus
1342 4888 1480 4958 subjectus
1508 4885 1560 4942 erit
1588 4885 1657 4950 Deo,
1686 4883 1733 4955 qui
1755 4882 1808 4954 ipsi

160 4971 240 5041 regit.
256 4972 407 5028 Tradiderit
421 4972 484 5030 dico
505 4976 558 5030 Deo
573 4978 601 5030 et
622 4976 705 5031 Patri
720 4993 727 5030 :
752 4983 815 5033 tunc
837 4976 959 5034 Christus
1009 4976 1123 5046 subjecit
1132 4977 1233 5033 omnia.
1258 4977 1298 5033 lta
1312 4985 1404 5032 tamen
1418 4975 1566 5044 subjectus,
1581 4975 1615 5027 ut
1629 4971 1667 5026 sit
1681 4970 1806 5042 aequalis,

161 5056 267 5112 dicetm
281 5060 391 5116 tradere
404 5077 518 5132 regnum
535 5062 616 5130 Patri,
642 5077 703 5118 cum
716 5064 868 5120 Ecclesiam
882 5081 959 5121 suam
1009 5065 1122 5131 scilicet,
1150 5072 1180 5119 ut
1194 5066 1317 5121 Christus
1332 5066 1366 5120 sit
1381 5066 1455 5121 Deus
1469 5065 1502 5119 ira
1526 5059 1666 5124 omnibns,
1681 5058 1709 5113 id
1724 5059 1810 5115 estin

159 5143 258 5200 locabit
273 5145 301 5199 in
316 5148 402 5204 oculis
411 5149 472 5218 Dei,
488 5157 517 5204 ut
531 5149 603 5220 quod
620 5149 665 5205 hic
675 5150 741 5206 vidit
754 5168 803 5222 per
817 5152 958 5223 speculum
1008 5153 1123 5227 singulis
1150 5155 1304 5210 creaturis:
1333 5153 1411 5209 etita
1424 5152 1452 5208 in
1475 5149 1602 5207 omnihus
1625 5147 1698 5218 quod
1713 5151 1810 5206 omnic

159 5240 186 5288 ot
201 5233 229 5288 in
244 5233 397 5305 aenigmata,
414 5235 452 5290 ibi
465 5236 556 5293 videat
570 5236 640 5294 lacie
655 5238 690 5294 ad
704 5238 813 5296 faciem.
825 5242 883 5296 lieo
893 5241 959 5297 dicit
1008 5242 1133 5314 singulis,
1150 5242 1177 5297 id
1201 5250 1243 5298 est
1255 5241 1377 5315 perlecta
1391 5240 1538 5306 beatitudo,
1563 5234 1683 5308 perfecit
1706 5236 1805 5308 gloria,

159 5328 186 5376 et
208 5322 288 5393 patri,
310 5331 339 5378 ut
362 5324 488 5380 ostendat
512 5341 574 5381 eum
597 5326 644 5398 qui
667 5327 702 5382 ab
716 5326 769 5383 alio
783 5327 888 5383 initium
902 5344 956 5384 non
1007 5337 1034 5386 et
1054 5346 1107 5401 par
1131 5345 1264 5402 superans
1288 5329 1369 5386 etiam
1385 5345 1466 5385 omne
1490 5329 1607 5385 hominis
1627 5327 1806 5383 desiderium.

155 5408 260 5470 babuit.
284 5413 319 5469 Ut
342 5412 423 5468 etiam
446 5422 522 5471 notet
543 5430 605 5471 eum
620 5422 647 5471 et
667 5415 822 5474 Creatorem
836 5432 910 5485 esse,
930 5425 958 5474 et
1006 5418 1160 5476 Revertitur
1188 5425 1217 5475 ut
1251 5420 1347 5491 probet
1375 5419 1603 5476 resurrectionem
1634 5426 1807 5476 mortuorum
