<?xml version="1.0" encoding="UTF-8"?>
<!DOCTYPE html PUBLIC "-//W3C//DTD XHTML 1.0 Transitional//EN"
    "http://www.w3.org/TR/xhtml1/DTD/xhtml1-transitional.dtd">
<html xmlns="http://www.w3.org/1999/xhtml" xml:lang="en" lang="en">
 <head>
  <title>
</title>
<meta http-equiv="Content-Type" content="text/html;charset=utf-8" />
  <meta name='ocr-system' content='tesseract 3.04.00' />
  <meta name='ocr-capabilities' content='ocr_page ocr_carea ocr_par ocr_line ocrx_word'/>
</head>
<body>
  <div class='ocr_page' id='page_1' title='image "./patrologiaecurs20unkngoog/patrologiaecurs20unkngoog_0501.png"; bbox 0 0 3742 5986; ppageno 0'>
   <div class='ocr_carea' id='block_1_1' title="bbox 100 202 1762 265">
    <p class='ocr_par' dir='ltr' id='par_1_1' title="bbox 100 202 1762 265">
     <span class='ocr_line' id='line_1_1' title="bbox 100 202 1762 265; baseline 0.002 -4"><span class='ocrx_word' id='word_1_1' title='bbox 100 211 148 262; x_wconf 92' lang='grc'>991</span> <span class='ocrx_word' id='word_1_2' title='bbox 535 205 563 262; x_wconf 86' lang='lat' dir='ltr'>S.</span> <span class='ocrx_word' id='word_1_3' title='bbox 584 202 742 262; x_wconf 85' lang='lat' dir='ltr'>HUGONlS</span> <span class='ocrx_word' id='word_1_4' title='bbox 760 204 870 260; x_wconf 73' lang='lat' dir='ltr'>tibist.</span> <span class='ocrx_word' id='word_1_5' title='bbox 891 202 1155 262; x_wconf 73' lang='grc'>1111011011.</span> <span class='ocrx_word' id='word_1_6' title='bbox 1176 203 1300 264; x_wconf 76' lang='lat' dir='ltr'>clarit</span> <span class='ocrx_word' id='word_1_7' title='bbox 1717 212 1762 265; x_wconf 77' lang='lat' dir='ltr'>att</span> 
     </span>
    </p>
   </div>
   <div class='ocr_carea' id='block_1_2' title="bbox 37 312 1762 4374">
    <p class='ocr_par' dir='ltr' id='par_1_2' title="bbox 37 312 1762 4374">
     <span class='ocr_line' id='line_1_2' title="bbox 104 312 1759 406; baseline 0.001 -20"><span class='ocrx_word' id='word_1_8' title='bbox 104 330 296 386; x_wconf 75' lang='lat' dir='ltr'>archidiacone</span> <span class='ocrx_word' id='word_1_9' title='bbox 312 329 433 385; x_wconf 86' lang='lat' dir='ltr'>solemne</span> <span class='ocrx_word' id='word_1_10' title='bbox 444 345 476 384; x_wconf 84' lang='lat' dir='ltr'>ex</span> <span class='ocrx_word' id='word_1_11' title='bbox 492 345 568 385; x_wconf 91' lang='lat' dir='ltr'>more</span> <span class='ocrx_word' id='word_1_12' title='bbox 596 329 740 384; x_wconf 91' lang='lat' dir='ltr'>donarium</span> <span class='ocrx_word' id='word_1_13' title='bbox 754 312 937 400; x_wconf 75' lang='lat' dir='ltr'>postulantiA</span> <span class='ocrx_word' id='word_1_14' title='bbox 951 331 1125 400; x_wconf 86' lang='lat' dir='ltr'>pascebatur,</span> <span class='ocrx_word' id='word_1_15' title='bbox 1155 340 1234 404; x_wconf 93' lang='lat' dir='ltr'>caput</span> <span class='ocrx_word' id='word_1_16' title='bbox 1261 347 1322 389; x_wconf 92' lang='lat' dir='ltr'>cum</span> <span class='ocrx_word' id='word_1_17' title='bbox 1351 332 1415 388; x_wconf 85' lang='lat' dir='ltr'>colli</span> <span class='ocrx_word' id='word_1_18' title='bbox 1443 330 1623 406; x_wconf 86' lang='lat' dir='ltr'>longitudine</span> <span class='ocrx_word' id='word_1_19' title='bbox 1657 337 1713 386; x_wconf 89' lang='lat' dir='ltr'>tnta</span> <span class='ocrx_word' id='word_1_20' title='bbox 1736 333 1759 388; x_wconf 92' lang='lat' dir='ltr'>in</span> 
     </span>
     <span class='ocr_line' id='line_1_3' title="bbox 104 416 1761 493; baseline 0.004 -20"><span class='ocrx_word' id='word_1_21' title='bbox 104 418 140 473; x_wconf 92' lang='lat' dir='ltr'>ita</span> <span class='ocrx_word' id='word_1_22' title='bbox 156 418 332 491; x_wconf 91' lang='lat' dir='ltr'>respondisse</span> <span class='ocrx_word' id='word_1_23' title='bbox 355 417 439 473; x_wconf 82' lang='lat' dir='ltr'>fertur</span> <span class='ocrx_word' id='word_1_24' title='bbox 457 425 484 473; x_wconf 88' lang='lat' dir='ltr'>et</span> <span class='ocrx_word' id='word_1_25' title='bbox 510 418 702 487; x_wconf 78' lang='lat' dir='ltr'>dignoscitur:</span> <span class='ocrx_word' id='word_1_26' title='bbox 722 441 732 465; x_wconf 79' lang='lat' dir='ltr'>r</span> <span class='ocrx_word' id='word_1_27' title='bbox 753 416 900 484; x_wconf 82' lang='lat' dir='ltr'>Quantum,</span> <span class='ocrx_word' id='word_1_28' title='bbox 952 418 1086 474; x_wconf 79' lang='lat' dir='ltr'>manicam</span> <span class='ocrx_word' id='word_1_29' title='bbox 1102 420 1186 491; x_wconf 90' lang='lat' dir='ltr'>ipsius</span> <span class='ocrx_word' id='word_1_30' title='bbox 1200 421 1305 493; x_wconf 83' lang='lat' dir='ltr'>largam</span> <span class='ocrx_word' id='word_1_31' title='bbox 1319 428 1346 475; x_wconf 90' lang='lat' dir='ltr'>et</span> <span class='ocrx_word' id='word_1_32' title='bbox 1368 421 1553 492; x_wconf 78' lang='lat' dir='ltr'><strong>peramplam,</strong></span> <span class='ocrx_word' id='word_1_33' title='bbox 1570 421 1664 491; x_wconf 90' lang='lat' dir='ltr'>inque</span> <span class='ocrx_word' id='word_1_34' title='bbox 1680 420 1761 480; x_wconf 78' lang='lat' dir='ltr'>sinan</span> 
     </span>
     <span class='ocr_line' id='line_1_4' title="bbox 104 505 1762 581; baseline 0.001 -19"><span class='ocrx_word' id='word_1_35' title='bbox 104 507 200 578; x_wconf 88' lang='lat' dir='ltr'>inquit,</span> <span class='ocrx_word' id='word_1_36' title='bbox 219 523 268 577; x_wconf 91' lang='lat' dir='ltr'>pro</span> <span class='ocrx_word' id='word_1_37' title='bbox 285 507 362 561; x_wconf 89' lang='lat' dir='ltr'>mitra</span> <span class='ocrx_word' id='word_1_38' title='bbox 381 506 455 573; x_wconf 88' lang='lat' dir='ltr'>dodi,</span> <span class='ocrx_word' id='word_1_39' title='bbox 472 513 574 560; x_wconf 91' lang='lat' dir='ltr'>tantum</span> <span class='ocrx_word' id='word_1_40' title='bbox 591 505 769 576; x_wconf 88' lang='lat' dir='ltr'>necampiius</span> <span class='ocrx_word' id='word_1_41' title='bbox 785 521 836 576; x_wconf 92' lang='lat' dir='ltr'>pro</span> <span class='ocrx_word' id='word_1_42' title='bbox 854 521 903 560; x_wconf 87' lang='lat' dir='ltr'>ea·</span> <span class='ocrx_word' id='word_1_43' title='bbox 952 506 1111 563; x_wconf 89' lang='lat' dir='ltr'>interiorem</span> <span class='ocrx_word' id='word_1_44' title='bbox 1136 509 1194 564; x_wconf 88' lang='lat' dir='ltr'>avis</span> <span class='ocrx_word' id='word_1_45' title='bbox 1222 510 1380 573; x_wconf 80' lang='lat' dir='ltr'>extendere,</span> <span class='ocrx_word' id='word_1_46' title='bbox 1396 509 1487 580; x_wconf 85' lang='lat' dir='ltr'>ibique</span> <span class='ocrx_word' id='word_1_47' title='bbox 1516 508 1690 579; x_wconf 79' lang='lat' dir='ltr'>aliquandiu</span> <span class='ocrx_word' id='word_1_48' title='bbox 1704 524 1762 581; x_wconf 31' lang='lat' dir='ltr'>cum·</span> 
     </span>
     <span class='ocr_line' id='line_1_5' title="bbox 105 593 1761 668; baseline 0.001 -19"><span class='ocrx_word' id='word_1_49' title='bbox 105 594 201 650; x_wconf 91' lang='lat' dir='ltr'>thedra</span> <span class='ocrx_word' id='word_1_50' title='bbox 215 594 297 650; x_wconf 91' lang='lat' dir='ltr'>dabo.</span> <span class='ocrx_word' id='word_1_51' title='bbox 313 616 325 645; x_wconf 76' lang='grc' dir='ltr'><strong>ι</strong></span> <span class='ocrx_word' id='word_1_52' title='bbox 343 596 514 668; x_wconf 79' lang='lat' dir='ltr'>suggerente</span> <span class='ocrx_word' id='word_1_53' title='bbox 530 610 596 649; x_wconf 92' lang='lat' dir='ltr'>vero</span> <span class='ocrx_word' id='word_1_54' title='bbox 611 602 790 665; x_wconf 78' lang='lat' dir='ltr'>procuratore</span> <span class='ocrx_word' id='word_1_55' title='bbox 805 593 904 648; x_wconf 92' lang='lat' dir='ltr'>domus</span> <span class='ocrx_word' id='word_1_56' title='bbox 953 595 1132 651; x_wconf 90' lang='lat' dir='ltr'>sollicitudine</span> <span class='ocrx_word' id='word_1_57' title='bbox 1148 597 1348 668; x_wconf 91' lang='lat' dir='ltr'>quodammodo</span> <span class='ocrx_word' id='word_1_58' title='bbox 1364 596 1474 652; x_wconf 90' lang='lat' dir='ltr'>domino</span> <span class='ocrx_word' id='word_1_59' title='bbox 1489 612 1543 652; x_wconf 89' lang='lat' dir='ltr'>suo</span> <span class='ocrx_word' id='word_1_60' title='bbox 1558 596 1761 668; x_wconf 85' lang='lat' dir='ltr'>congratulans</span> 
     </span>
     <span class='ocr_line' id='line_1_6' title="bbox 107 682 1755 757; baseline 0.001 -19"><span class='ocrx_word' id='word_1_61' title='bbox 107 699 173 750; x_wconf 81' lang='lat' dir='ltr'>suae,</span> <span class='ocrx_word' id='word_1_62' title='bbox 204 699 285 755; x_wconf 90' lang='lat' dir='ltr'>quem</span> <span class='ocrx_word' id='word_1_63' title='bbox 314 683 364 737; x_wconf 92' lang='lat' dir='ltr'>sibi</span> <span class='ocrx_word' id='word_1_64' title='bbox 391 683 549 754; x_wconf 93' lang='lat' dir='ltr'>providerat</span> <span class='ocrx_word' id='word_1_65' title='bbox 564 699 619 749; x_wconf 82' lang='lat' dir='ltr'>rer,</span> <span class='ocrx_word' id='word_1_66' title='bbox 644 690 770 754; x_wconf 88' lang='lat' dir='ltr'>oportere</span> <span class='ocrx_word' id='word_1_67' title='bbox 794 698 855 736; x_wconf 89' lang='lat' dir='ltr'>eum</span> <span class='ocrx_word' id='word_1_68' title='bbox 871 699 903 737; x_wconf 90' lang='lat' dir='ltr'>ex</span> <span class='ocrx_word' id='word_1_69' title='bbox 953 691 1033 754; x_wconf 89' lang='lat' dir='ltr'>atque</span> <span class='ocrx_word' id='word_1_70' title='bbox 1066 682 1231 755; x_wconf 82' lang='lat' dir='ltr'>praeludens,</span> <span class='ocrx_word' id='word_1_71' title='bbox 1253 685 1356 757; x_wconf 89' lang='lat' dir='ltr'>aliquid</span> <span class='ocrx_word' id='word_1_72' title='bbox 1387 685 1560 757; x_wconf 82' lang='lat' dir='ltr'>quaeritaudn</span> <span class='ocrx_word' id='word_1_73' title='bbox 1592 683 1755 739; x_wconf 86' lang='lat' dir='ltr'>mussitare.</span> 
     </span>
     <span class='ocr_line' id='line_1_7' title="bbox 107 771 1757 843; baseline 0 -16"><span class='ocrx_word' id='word_1_74' title='bbox 107 771 223 828; x_wconf 90' lang='lat' dir='ltr'>damulis</span> <span class='ocrx_word' id='word_1_75' title='bbox 239 771 306 839; x_wconf 91' lang='lat' dir='ltr'>suis,</span> <span class='ocrx_word' id='word_1_76' title='bbox 323 771 350 825; x_wconf 93' lang='lat' dir='ltr'>in</span> <span class='ocrx_word' id='word_1_77' title='bbox 374 772 444 826; x_wconf 89' lang='lat' dir='ltr'>saltu</span> <span class='ocrx_word' id='word_1_78' title='bbox 460 787 509 826; x_wconf 90' lang='lat' dir='ltr'>suo</span> <span class='ocrx_word' id='word_1_79' title='bbox 534 771 654 831; x_wconf 80' lang='lat' dir='ltr'>inclusis.</span> <span class='ocrx_word' id='word_1_80' title='bbox 674 771 826 843; x_wconf 89' lang='lat' dir='ltr'>aliquantas</span> <span class='ocrx_word' id='word_1_81' title='bbox 843 771 904 841; x_wconf 90' lang='lat' dir='ltr'>capi</span> <span class='ocrx_word' id='word_1_82' title='bbox 953 773 1030 842; x_wconf 92' lang='lat' dir='ltr'>item,</span> <span class='ocrx_word' id='word_1_83' title='bbox 1047 773 1115 828; x_wconf 89' lang='lat' dir='ltr'>sicut</span> <span class='ocrx_word' id='word_1_84' title='bbox 1129 774 1289 829; x_wconf 89' lang='lat' dir='ltr'>asserebant</span> <span class='ocrx_word' id='word_1_85' title='bbox 1303 773 1418 829; x_wconf 91' lang='lat' dir='ltr'>ministri</span> <span class='ocrx_word' id='word_1_86' title='bbox 1433 781 1458 830; x_wconf 93' lang='lat' dir='ltr'>et</span> <span class='ocrx_word' id='word_1_87' title='bbox 1479 772 1617 830; x_wconf 81' lang='lat' dir='ltr'>custodes</span> <span class='ocrx_word' id='word_1_88' title='bbox 1633 774 1757 841; x_wconf 88' lang='lat' dir='ltr'>manerii,</span> 
     </span>
     <span class='ocr_line' id='line_1_8' title="bbox 106 859 1758 932; baseline 0.001 -16"><span class='ocrx_word' id='word_1_89' title='bbox 106 861 140 916; x_wconf 92' lang='lat' dir='ltr'>ad</span> <span class='ocrx_word' id='word_1_90' title='bbox 155 860 278 916; x_wconf 86' lang='lat' dir='ltr'>solemne</span> <span class='ocrx_word' id='word_1_91' title='bbox 292 860 447 916; x_wconf 90' lang='lat' dir='ltr'>convivium</span> <span class='ocrx_word' id='word_1_92' title='bbox 476 860 703 924; x_wconf 89' lang='lat' dir='ltr'>instaurandum;</span> <span class='ocrx_word' id='word_1_93' title='bbox 720 876 770 915; x_wconf 89' lang='lat' dir='ltr'>nec</span> <span class='ocrx_word' id='word_1_94' title='bbox 786 859 903 914; x_wconf 84' lang='lat' dir='ltr'>insessa</span> <span class='ocrx_word' id='word_1_95' title='bbox 953 869 1046 915; x_wconf 90' lang='lat' dir='ltr'>contra</span> <span class='ocrx_word' id='word_1_96' title='bbox 1061 861 1186 932; x_wconf 81' lang='lat' dir='ltr'>praesulis</span> <span class='ocrx_word' id='word_1_97' title='bbox 1200 862 1347 916; x_wconf 89' lang='lat' dir='ltr'>adventum</span> <span class='ocrx_word' id='word_1_98' title='bbox 1366 862 1400 917; x_wconf 90' lang='lat' dir='ltr'>ad</span> <span class='ocrx_word' id='word_1_99' title='bbox 1422 862 1511 918; x_wconf 91' lang='lat' dir='ltr'>locum</span> <span class='ocrx_word' id='word_1_100' title='bbox 1538 861 1633 927; x_wconf 90' lang='lat' dir='ltr'>illum,</span> <span class='ocrx_word' id='word_1_101' title='bbox 1653 877 1716 917; x_wconf 90' lang='lat' dir='ltr'>eum</span> <span class='ocrx_word' id='word_1_102' title='bbox 1729 861 1758 917; x_wconf 91' lang='lat' dir='ltr'>de</span> 
     </span>
     <span class='ocr_line' id='line_1_9' title="bbox 105 948 1759 1020; baseline 0 -16"><span class='ocrx_word' id='word_1_103' title='bbox 105 949 200 1020; x_wconf 89' lang='lat' dir='ltr'>plures</span> <span class='ocrx_word' id='word_1_104' title='bbox 215 964 295 1020; x_wconf 89' lang='lat' dir='ltr'>quam</span> <span class='ocrx_word' id='word_1_105' title='bbox 308 949 434 1017; x_wconf 85' lang='lat' dir='ltr'>jussisset</span> <span class='ocrx_word' id='word_1_106' title='bbox 445 949 504 1019; x_wconf 88' lang='lat' dir='ltr'>ipsc</span> <span class='ocrx_word' id='word_1_107' title='bbox 521 949 716 1019; x_wconf 86' lang='lat' dir='ltr'>comprehendi</span> <span class='ocrx_word' id='word_1_108' title='bbox 733 964 739 1000; x_wconf 91' lang='lat'>:</span> <span class='ocrx_word' id='word_1_109' title='bbox 759 967 769 998; x_wconf 80' lang='grc' dir='ltr'>ι</span> <span class='ocrx_word' id='word_1_110' title='bbox 787 949 903 1003; x_wconf 89' lang='lat' dir='ltr'>Trecen·</span> <span class='ocrx_word' id='word_1_111' title='bbox 953 965 1030 1004; x_wconf 90' lang='lat' dir='ltr'>more</span> <span class='ocrx_word' id='word_1_112' title='bbox 1059 948 1217 1020; x_wconf 83' lang='lat' dir='ltr'>aliquandiu</span> <span class='ocrx_word' id='word_1_113' title='bbox 1240 948 1381 1015; x_wconf 82' lang='lat' dir='ltr'>abfuisset,</span> <span class='ocrx_word' id='word_1_114' title='bbox 1396 950 1483 1005; x_wconf 90' lang='lat' dir='ltr'>tribus</span> <span class='ocrx_word' id='word_1_115' title='bbox 1511 949 1617 1004; x_wconf 90' lang='lat' dir='ltr'>diebus</span> <span class='ocrx_word' id='word_1_116' title='bbox 1632 948 1681 1004; x_wconf 87' lang='lat' dir='ltr'>vel</span> <span class='ocrx_word' id='word_1_117' title='bbox 1695 964 1759 1020; x_wconf 91' lang='lat' dir='ltr'>qna·</span> 
     </span>
     <span class='ocr_line' id='line_1_10' title="bbox 106 1036 1758 1110; baseline -0.001 -17"><span class='ocrx_word' id='word_1_118' title='bbox 106 1046 149 1104; x_wconf 79' lang='lat' dir='ltr'>tae,</span> <span class='ocrx_word' id='word_1_119' title='bbox 180 1038 275 1109; x_wconf 88' lang='lat' dir='ltr'>inquit,</span> <span class='ocrx_word' id='word_1_120' title='bbox 301 1037 451 1108; x_wconf 89' lang='lat' dir='ltr'>capiantur,</span> <span class='ocrx_word' id='word_1_121' title='bbox 482 1053 542 1103; x_wconf 91' lang='lat' dir='ltr'>nec,</span> <span class='ocrx_word' id='word_1_122' title='bbox 558 1038 581 1090; x_wconf 91' lang='lat' dir='ltr'>si</span> <span class='ocrx_word' id='word_1_123' title='bbox 605 1037 732 1094; x_wconf 92' lang='lat' dir='ltr'>videbitis</span> <span class='ocrx_word' id='word_1_124' title='bbox 761 1036 902 1106; x_wconf 82' lang='lat' dir='ltr'>expedire,</span> <span class='ocrx_word' id='word_1_125' title='bbox 953 1045 1014 1092; x_wconf 91' lang='lat' dir='ltr'>tuor</span> <span class='ocrx_word' id='word_1_126' title='bbox 1029 1037 1134 1092; x_wconf 91' lang='lat' dir='ltr'>solebat</span> <span class='ocrx_word' id='word_1_127' title='bbox 1150 1054 1179 1093; x_wconf 91' lang='lat' dir='ltr'>se</span> <span class='ocrx_word' id='word_1_128' title='bbox 1194 1037 1274 1093; x_wconf 90' lang='lat' dir='ltr'>solito</span> <span class='ocrx_word' id='word_1_129' title='bbox 1289 1037 1406 1093; x_wconf 89' lang='lat' dir='ltr'>alacrius</span> <span class='ocrx_word' id='word_1_130' title='bbox 1416 1038 1474 1094; x_wconf 88' lang='lat' dir='ltr'>avis</span> <span class='ocrx_word' id='word_1_131' title='bbox 1484 1038 1606 1110; x_wconf 84' lang='lat' dir='ltr'>agitare,</span> <span class='ocrx_word' id='word_1_132' title='bbox 1621 1037 1758 1093; x_wconf 91' lang='lat' dir='ltr'>volitando</span> 
     </span>
     <span class='ocr_line' id='line_1_11' title="bbox 105 1123 1758 1198; baseline 0 -17"><span class='ocrx_word' id='word_1_133' title='bbox 105 1141 219 1181; x_wconf 89' lang='lat' dir='ltr'>numero</span> <span class='ocrx_word' id='word_1_134' title='bbox 234 1125 297 1181; x_wconf 91' lang='lat' dir='ltr'>huic</span> <span class='ocrx_word' id='word_1_135' title='bbox 314 1126 435 1195; x_wconf 89' lang='lat' dir='ltr'>adjicere</span> <span class='ocrx_word' id='word_1_136' title='bbox 450 1125 588 1181; x_wconf 89' lang='lat' dir='ltr'>dubitetis.</span> <span class='ocrx_word' id='word_1_137' title='bbox 611 1123 719 1193; x_wconf 71' lang='lat' dir='ltr'>»Quod</span> <span class='ocrx_word' id='word_1_138' title='bbox 734 1125 769 1179; x_wconf 92' lang='lat' dir='ltr'>ab</span> <span class='ocrx_word' id='word_1_139' title='bbox 783 1140 816 1179; x_wconf 92' lang='lat' dir='ltr'>eo</span> <span class='ocrx_word' id='word_1_140' title='bbox 829 1125 904 1192; x_wconf 87' lang='lat' dir='ltr'>juxta</span> <span class='ocrx_word' id='word_1_141' title='bbox 953 1124 1080 1181; x_wconf 89' lang='lat' dir='ltr'>videlicet</span> <span class='ocrx_word' id='word_1_142' title='bbox 1090 1125 1117 1180; x_wconf 94' lang='lat' dir='ltr'>in</span> <span class='ocrx_word' id='word_1_143' title='bbox 1133 1126 1222 1180; x_wconf 88' lang='lat' dir='ltr'>amnis</span> <span class='ocrx_word' id='word_1_144' title='bbox 1237 1126 1394 1197; x_wconf 82' lang='lat' dir='ltr'>superficie,</span> <span class='ocrx_word' id='word_1_145' title='bbox 1410 1134 1436 1181; x_wconf 89' lang='lat' dir='ltr'>et</span> <span class='ocrx_word' id='word_1_146' title='bbox 1466 1141 1555 1198; x_wconf 88' lang='lat' dir='ltr'>aquas</span> <span class='ocrx_word' id='word_1_147' title='bbox 1584 1125 1644 1179; x_wconf 91' lang='lat' dir='ltr'>alis</span> <span class='ocrx_word' id='word_1_148' title='bbox 1666 1126 1758 1181; x_wconf 88' lang='lat' dir='ltr'>verbe-</span> 
     </span>
     <span class='ocr_line' id='line_1_12' title="bbox 105 1212 1758 1287; baseline -0.002 -16"><span class='ocrx_word' id='word_1_149' title='bbox 105 1214 197 1271; x_wconf 86' lang='lat' dir='ltr'>cordis</span> <span class='ocrx_word' id='word_1_150' title='bbox 212 1214 254 1269; x_wconf 90' lang='lat' dir='ltr'>sui</span> <span class='ocrx_word' id='word_1_151' title='bbox 268 1213 497 1287; x_wconf 86' lang='lat' dir='ltr'>magnificentiam</span> <span class='ocrx_word' id='word_1_152' title='bbox 514 1213 672 1284; x_wconf 87' lang='lat' dir='ltr'>simpliciter</span> <span class='ocrx_word' id='word_1_153' title='bbox 681 1213 828 1283; x_wconf 84' lang='lat' dir='ltr'>prolatum,</span> <span class='ocrx_word' id='word_1_154' title='bbox 846 1212 904 1284; x_wconf 86' lang='lat' dir='ltr'>regi</span> <span class='ocrx_word' id='word_1_155' title='bbox 954 1214 1049 1279; x_wconf 90' lang='lat' dir='ltr'>raudo,</span> <span class='ocrx_word' id='word_1_156' title='bbox 1074 1213 1182 1285; x_wconf 88' lang='lat' dir='ltr'>altaque</span> <span class='ocrx_word' id='word_1_157' title='bbox 1207 1229 1275 1269; x_wconf 88' lang='lat' dir='ltr'>voce</span> <span class='ocrx_word' id='word_1_158' title='bbox 1301 1214 1456 1270; x_wconf 89' lang='lat' dir='ltr'>clamando.</span> <span class='ocrx_word' id='word_1_159' title='bbox 1486 1214 1634 1269; x_wconf 86' lang='lat' dir='ltr'>Interdum</span> <span class='ocrx_word' id='word_1_160' title='bbox 1650 1215 1758 1268; x_wconf 82' lang='lat' dir='ltr'>etiamn</span> 
     </span>
     <span class='ocr_line' id='line_1_13' title="bbox 105 1300 1757 1374; baseline -0.001 -17"><span class='ocrx_word' id='word_1_161' title='bbox 105 1310 132 1357; x_wconf 92' lang='lat' dir='ltr'>et</span> <span class='ocrx_word' id='word_1_162' title='bbox 145 1302 302 1368; x_wconf 81' lang='lat' dir='ltr'>curialibus,</span> <span class='ocrx_word' id='word_1_163' title='bbox 320 1302 418 1373; x_wconf 90' lang='lat' dir='ltr'>quibus</span> <span class='ocrx_word' id='word_1_164' title='bbox 433 1317 523 1357; x_wconf 88' lang='lat' dir='ltr'>sermo</span> <span class='ocrx_word' id='word_1_165' title='bbox 547 1302 671 1366; x_wconf 91' lang='lat' dir='ltr'>innotuit,</span> <span class='ocrx_word' id='word_1_166' title='bbox 701 1301 727 1355; x_wconf 92' lang='lat' dir='ltr'>in</span> <span class='ocrx_word' id='word_1_167' title='bbox 753 1300 903 1367; x_wconf 81' lang='lat' dir='ltr'>jucundum</span> <span class='ocrx_word' id='word_1_168' title='bbox 954 1309 1052 1374; x_wconf 86' lang='lat' dir='ltr'>stagno</span> <span class='ocrx_word' id='word_1_169' title='bbox 1072 1303 1207 1370; x_wconf 83' lang='lat' dir='ltr'>exeundo,</span> <span class='ocrx_word' id='word_1_170' title='bbox 1222 1317 1294 1358; x_wconf 92' lang='lat' dir='ltr'>nuuc</span> <span class='ocrx_word' id='word_1_171' title='bbox 1322 1302 1357 1357; x_wconf 93' lang='lat' dir='ltr'>ad</span> <span class='ocrx_word' id='word_1_172' title='bbox 1372 1301 1472 1370; x_wconf 91' lang='lat' dir='ltr'>aulam,</span> <span class='ocrx_word' id='word_1_173' title='bbox 1489 1317 1565 1357; x_wconf 92' lang='lat' dir='ltr'>nnnc</span> <span class='ocrx_word' id='word_1_174' title='bbox 1589 1302 1631 1356; x_wconf 91' lang='lat' dir='ltr'>ad</span> <span class='ocrx_word' id='word_1_175' title='bbox 1655 1310 1757 1373; x_wconf 86' lang='lat' dir='ltr'>portata</span> 
     </span>
     <span class='ocr_line' id='line_1_14' title="bbox 105 1389 1757 1462; baseline -0.001 -16"><span class='ocrx_word' id='word_1_176' title='bbox 105 1406 215 1446; x_wconf 91' lang='lat' dir='ltr'>versum</span> <span class='ocrx_word' id='word_1_177' title='bbox 230 1397 271 1445; x_wconf 89' lang='lat' dir='ltr'>est</span> <span class='ocrx_word' id='word_1_178' title='bbox 292 1390 477 1460; x_wconf 80' lang='lat' dir='ltr'>proverbium.</span> <span class='ocrx_word' id='word_1_179' title='bbox 954 1389 1121 1456; x_wconf 90' lang='lat' dir='ltr'>ulteriorem,</span> <span class='ocrx_word' id='word_1_180' title='bbox 1138 1397 1265 1462; x_wconf 90' lang='lat' dir='ltr'>tanquam</span> <span class='ocrx_word' id='word_1_181' title='bbox 1287 1389 1406 1445; x_wconf 87' lang='lat' dir='ltr'>venienti</span> <span class='ocrx_word' id='word_1_182' title='bbox 1416 1389 1529 1445; x_wconf 91' lang='lat' dir='ltr'>domino</span> <span class='ocrx_word' id='word_1_183' title='bbox 1557 1389 1676 1445; x_wconf 91' lang='lat' dir='ltr'>obviam</span> <span class='ocrx_word' id='word_1_184' title='bbox 1700 1406 1757 1460; x_wconf 89' lang='lat' dir='ltr'>per·</span> 
     </span>
     <span class='ocr_line' id='line_1_15' title="bbox 141 1476 1753 1550; baseline -0.001 -17"><span class='ocrx_word' id='word_1_185' title='bbox 141 1478 349 1533; x_wconf 88' lang='lat' dir='ltr'>Celebrantibus</span> <span class='ocrx_word' id='word_1_186' title='bbox 364 1478 448 1549; x_wconf 85' lang='lat' dir='ltr'>igitur</span> <span class='ocrx_word' id='word_1_187' title='bbox 466 1478 571 1533; x_wconf 89' lang='lat' dir='ltr'>cunctis</span> <span class='ocrx_word' id='word_1_188' title='bbox 589 1478 661 1548; x_wconf 91' lang='lat' dir='ltr'>apud</span> <span class='ocrx_word' id='word_1_189' title='bbox 690 1476 856 1533; x_wconf 76' lang='lat' dir='ltr'>lincolniam</span> <span class='ocrx_word' id='word_1_190' title='bbox 876 1477 904 1529; x_wconf 92' lang='lat' dir='ltr'>in</span> <span class='ocrx_word' id='word_1_191' title='bbox 953 1494 1031 1548; x_wconf 83' lang='lat' dir='ltr'>gens,</span> <span class='ocrx_word' id='word_1_192' title='bbox 1048 1477 1155 1550; x_wconf 85' lang='lat' dir='ltr'>magnis</span> <span class='ocrx_word' id='word_1_193' title='bbox 1171 1478 1298 1547; x_wconf 90' lang='lat' dir='ltr'>passibus</span> <span class='ocrx_word' id='word_1_194' title='bbox 1312 1477 1478 1532; x_wconf 84' lang='lat' dir='ltr'>ambulabat.</span> <span class='ocrx_word' id='word_1_195' title='bbox 1489 1477 1753 1543; x_wconf 86' lang='lat' dir='ltr'>llirumhocetiam‚</span> 
     </span>
     <span class='ocr_line' id='line_1_16' title="bbox 106 1564 1755 1637; baseline -0.001 -16"><span class='ocrx_word' id='word_1_196' title='bbox 106 1582 212 1621; x_wconf 91' lang='lat' dir='ltr'>summa</span> <span class='ocrx_word' id='word_1_197' title='bbox 227 1565 318 1621; x_wconf 91' lang='lat' dir='ltr'>cordis</span> <span class='ocrx_word' id='word_1_198' title='bbox 332 1566 424 1620; x_wconf 77' lang='lat' dir='ltr'>latitia</span> <span class='ocrx_word' id='word_1_199' title='bbox 439 1565 509 1621; x_wconf 90' lang='lat' dir='ltr'>diem</span> <span class='ocrx_word' id='word_1_200' title='bbox 524 1565 622 1621; x_wconf 84' lang='lat' dir='ltr'>festum</span> <span class='ocrx_word' id='word_1_201' title='bbox 647 1581 696 1636; x_wconf 92' lang='lat' dir='ltr'>pro</span> <span class='ocrx_word' id='word_1_202' title='bbox 712 1566 829 1620; x_wconf 89' lang='lat' dir='ltr'>adventu</span> <span class='ocrx_word' id='word_1_203' title='bbox 844 1578 903 1619; x_wconf 74' lang='lat' dir='ltr'>coe·</span> <span class='ocrx_word' id='word_1_204' title='bbox 954 1565 1026 1637; x_wconf 92' lang='lat' dir='ltr'>quod</span> <span class='ocrx_word' id='word_1_205' title='bbox 1042 1566 1144 1621; x_wconf 91' lang='lat' dir='ltr'>nemini</span> <span class='ocrx_word' id='word_1_206' title='bbox 1159 1573 1342 1637; x_wconf 76' lang='lat' dir='ltr'>praeterquam</span> <span class='ocrx_word' id='word_1_207' title='bbox 1357 1564 1409 1620; x_wconf 90' lang='lat' dir='ltr'>soli</span> <span class='ocrx_word' id='word_1_208' title='bbox 1423 1565 1565 1636; x_wconf 87' lang='lat' dir='ltr'>episcopo,</span> <span class='ocrx_word' id='word_1_209' title='bbox 1584 1581 1619 1621; x_wconf 88' lang='lat' dir='ltr'>se</span> <span class='ocrx_word' id='word_1_210' title='bbox 1645 1565 1755 1620; x_wconf 79' lang='lat' dir='ltr'>familia·</span> 
     </span>
     <span class='ocr_line' id='line_1_17' title="bbox 105 1652 1755 1745; baseline 0 -37"><span class='ocrx_word' id='word_1_211' title='bbox 105 1655 169 1709; x_wconf 87' lang='lat' dir='ltr'>litus</span> <span class='ocrx_word' id='word_1_212' title='bbox 189 1653 242 1708; x_wconf 90' lang='lat' dir='ltr'>sihi</span> <span class='ocrx_word' id='word_1_213' title='bbox 271 1654 396 1708; x_wconf 88' lang='lat' dir='ltr'>destinati</span> <span class='ocrx_word' id='word_1_214' title='bbox 420 1653 544 1719; x_wconf 89' lang='lat' dir='ltr'>rectoris,</span> <span class='ocrx_word' id='word_1_215' title='bbox 563 1653 661 1708; x_wconf 86' lang='lat' dir='ltr'>Christi</span> <span class='ocrx_word' id='word_1_216' title='bbox 677 1653 832 1725; x_wconf 85' lang='lat' dir='ltr'>benignitas</span> <span class='ocrx_word' id='word_1_217' title='bbox 848 1667 938 1745; x_wconf 78' lang='lat' dir='ltr'>nonB</span> <span class='ocrx_word' id='word_1_218' title='bbox 954 1670 1011 1709; x_wconf 90' lang='lat' dir='ltr'>rem</span> <span class='ocrx_word' id='word_1_219' title='bbox 1027 1652 1070 1709; x_wconf 89' lang='lat' dir='ltr'>vel</span> <span class='ocrx_word' id='word_1_220' title='bbox 1092 1670 1123 1709; x_wconf 84' lang='lat' dir='ltr'>es</span> <span class='ocrx_word' id='word_1_221' title='bbox 1150 1661 1206 1709; x_wconf 92' lang='lat' dir='ltr'>toto</span> <span class='ocrx_word' id='word_1_222' title='bbox 1234 1653 1377 1709; x_wconf 88' lang='lat' dir='ltr'>tractabile</span> <span class='ocrx_word' id='word_1_223' title='bbox 1391 1653 1549 1722; x_wconf 77' lang='lat' dir='ltr'>exhibebat,</span> <span class='ocrx_word' id='word_1_224' title='bbox 1582 1653 1656 1725; x_wconf 88' lang='lat' dir='ltr'>quin</span> <span class='ocrx_word' id='word_1_225' title='bbox 1671 1654 1755 1725; x_wconf 86' lang='lat' dir='ltr'>potins</span> 
     </span>
     <span class='ocr_line' id='line_1_18' title="bbox 107 1741 1756 1815; baseline 0.001 -19"><span class='ocrx_word' id='word_1_226' title='bbox 107 1742 416 1814; x_wconf 85' lang='lat' dir='ltr'>longeacivitateipsa</span> <span class='ocrx_word' id='word_1_227' title='bbox 437 1743 517 1815; x_wconf 86' lang='lat' dir='ltr'>siguo</span> <span class='ocrx_word' id='word_1_228' title='bbox 545 1741 664 1797; x_wconf 90' lang='lat' dir='ltr'>evidenti</span> <span class='ocrx_word' id='word_1_229' title='bbox 693 1741 826 1812; x_wconf 89' lang='lat' dir='ltr'>valdeque</span> <span class='ocrx_word' id='word_1_230' title='bbox 840 1756 900 1794; x_wconf 89' lang='lat' dir='ltr'>me·</span> <span class='ocrx_word' id='word_1_231' title='bbox 954 1742 1182 1809; x_wconf 90' lang='lat' dir='ltr'>astausdomino,</span> <span class='ocrx_word' id='word_1_232' title='bbox 1198 1741 1490 1798; x_wconf 89' lang='lat' dir='ltr'>abaliorumaccessu</span> <span class='ocrx_word' id='word_1_233' title='bbox 1519 1742 1669 1808; x_wconf 89' lang='lat' dir='ltr'>eumdem,</span> <span class='ocrx_word' id='word_1_234' title='bbox 1693 1743 1756 1797; x_wconf 74' lang='lat' dir='ltr'>aaut</span> 
     </span>
     <span class='ocr_line' id='line_1_19' title="bbox 106 1827 1756 1901; baseline 0 -16"><span class='ocrx_word' id='word_1_235' title='bbox 106 1829 232 1885; x_wconf 90' lang='lat' dir='ltr'>morabiii</span> <span class='ocrx_word' id='word_1_236' title='bbox 247 1831 306 1885; x_wconf 88' lang='lat' dir='ltr'>visa</span> <span class='ocrx_word' id='word_1_237' title='bbox 321 1838 363 1886; x_wconf 89' lang='lat' dir='ltr'>est</span> <span class='ocrx_word' id='word_1_238' title='bbox 376 1830 502 1901; x_wconf 88' lang='lat' dir='ltr'>primitus</span> <span class='ocrx_word' id='word_1_239' title='bbox 517 1829 651 1884; x_wconf 81' lang='lat' dir='ltr'>allusisse.</span> <span class='ocrx_word' id='word_1_240' title='bbox 662 1830 703 1883; x_wconf 84' lang='lat' dir='ltr'>Eo</span> <span class='ocrx_word' id='word_1_241' title='bbox 718 1844 836 1899; x_wconf 89' lang='lat' dir='ltr'>namque</span> <span class='ocrx_word' id='word_1_242' title='bbox 846 1827 900 1893; x_wconf 89' lang='lat' dir='ltr'>die,</span> <span class='ocrx_word' id='word_1_243' title='bbox 953 1830 1095 1901; x_wconf 81' lang='lat' dir='ltr'>aliquoties</span> <span class='ocrx_word' id='word_1_244' title='bbox 1110 1846 1171 1886; x_wconf 89' lang='lat' dir='ltr'>cum</span> <span class='ocrx_word' id='word_1_245' title='bbox 1186 1829 1366 1886; x_wconf 86' lang='lat' dir='ltr'>admiratione</span> <span class='ocrx_word' id='word_1_246' title='bbox 1380 1829 1521 1900; x_wconf 83' lang='lat' dir='ltr'>conspexi,</span> <span class='ocrx_word' id='word_1_247' title='bbox 1534 1828 1697 1894; x_wconf 85' lang='lat' dir='ltr'>clamando,</span> <span class='ocrx_word' id='word_1_248' title='bbox 1711 1829 1756 1885; x_wconf 85' lang='lat' dir='ltr'>alis</span> 
     </span>
     <span class='ocr_line' id='line_1_20' title="bbox 106 1917 1755 1990; baseline 0.001 -17"><span class='ocrx_word' id='word_1_249' title='bbox 106 1919 373 1990; x_wconf 88' lang='lat' dir='ltr'>velcirciteripsnm</span> <span class='ocrx_word' id='word_1_250' title='bbox 397 1920 532 1990; x_wconf 85' lang='lat' dir='ltr'>proximo,</span> <span class='ocrx_word' id='word_1_251' title='bbox 557 1934 611 1990; x_wconf 92' lang='lat' dir='ltr'>quo</span> <span class='ocrx_word' id='word_1_252' title='bbox 635 1918 707 1989; x_wconf 91' lang='lat' dir='ltr'>apud</span> <span class='ocrx_word' id='word_1_253' title='bbox 735 1917 902 1973; x_wconf 91' lang='lat' dir='ltr'>lincolniam</span> <span class='ocrx_word' id='word_1_254' title='bbox 952 1919 1237 1983; x_wconf 82' lang='lat' dir='ltr'>etrostrominando,</span> <span class='ocrx_word' id='word_1_255' title='bbox 1255 1933 1378 1990; x_wconf 86' lang='lat' dir='ltr'>voceque</span> <span class='ocrx_word' id='word_1_256' title='bbox 1401 1917 1517 1973; x_wconf 88' lang='lat' dir='ltr'>altisona</span> <span class='ocrx_word' id='word_1_257' title='bbox 1539 1918 1626 1987; x_wconf 84' lang='lat' dir='ltr'>juxta</span> <span class='ocrx_word' id='word_1_258' title='bbox 1655 1925 1755 1974; x_wconf 84' lang='lat' dir='ltr'>natura</span> 
     </span>
     <span class='ocr_line' id='line_1_21' title="bbox 106 2004 1756 2079; baseline 0 -18"><span class='ocrx_word' id='word_1_259' title='bbox 106 2006 195 2078; x_wconf 90' lang='lat' dir='ltr'>primo</span> <span class='ocrx_word' id='word_1_260' title='bbox 216 2015 360 2077; x_wconf 90' lang='lat' dir='ltr'>susceptus</span> <span class='ocrx_word' id='word_1_261' title='bbox 389 2007 437 2061; x_wconf 88' lang='lat' dir='ltr'>init</span> <span class='ocrx_word' id='word_1_262' title='bbox 465 2007 544 2079; x_wconf 79' lang='lat' dir='ltr'>ilugo</span> <span class='ocrx_word' id='word_1_263' title='bbox 567 2007 712 2077; x_wconf 88' lang='lat' dir='ltr'>episcopus</span> <span class='ocrx_word' id='word_1_264' title='bbox 727 2013 753 2060; x_wconf 92' lang='lat' dir='ltr'>et</span> <span class='ocrx_word' id='word_1_265' title='bbox 781 2006 902 2061; x_wconf 77' lang='grc'>11111111-</span> <span class='ocrx_word' id='word_1_266' title='bbox 953 2023 1009 2062; x_wconf 79' lang='lat' dir='ltr'>suae</span> <span class='ocrx_word' id='word_1_267' title='bbox 1019 2006 1144 2062; x_wconf 90' lang='lat' dir='ltr'>modulos</span> <span class='ocrx_word' id='word_1_268' title='bbox 1158 2005 1327 2073; x_wconf 85' lang='lat' dir='ltr'>crocitando,</span> <span class='ocrx_word' id='word_1_269' title='bbox 1338 2004 1487 2061; x_wconf 84' lang='lat' dir='ltr'>defendere</span> <span class='ocrx_word' id='word_1_270' title='bbox 1497 2004 1620 2073; x_wconf 84' lang='lat' dir='ltr'>solebat,</span> <span class='ocrx_word' id='word_1_271' title='bbox 1633 2012 1756 2078; x_wconf 84' lang='lat' dir='ltr'>tanqum</span> 
     </span>
     <span class='ocr_line' id='line_1_22' title="bbox 106 2093 1757 2166; baseline -0.002 -15"><span class='ocrx_word' id='word_1_272' title='bbox 106 2096 210 2159; x_wconf 88' lang='lat' dir='ltr'>drutus,</span> <span class='ocrx_word' id='word_1_273' title='bbox 245 2095 316 2165; x_wconf 86' lang='lat' dir='ltr'>apud</span> <span class='ocrx_word' id='word_1_274' title='bbox 345 2095 493 2150; x_wconf 87' lang='lat' dir='ltr'>llanerium</span> <span class='ocrx_word' id='word_1_275' title='bbox 524 2095 581 2162; x_wconf 83' lang='grc'>(91)</span> <span class='ocrx_word' id='word_1_276' title='bbox 623 2094 708 2164; x_wconf 88' lang='lat' dir='ltr'>ipsias</span> <span class='ocrx_word' id='word_1_277' title='bbox 740 2094 817 2164; x_wconf 91' lang='lat' dir='ltr'>quasi</span> <span class='ocrx_word' id='word_1_278' title='bbox 854 2109 903 2163; x_wconf 92' lang='lat' dir='ltr'>per</span> <span class='ocrx_word' id='word_1_279' title='bbox 953 2113 983 2150; x_wconf 89' lang='lat' dir='ltr'>se</span> <span class='ocrx_word' id='word_1_280' title='bbox 998 2095 1135 2166; x_wconf 91' lang='lat' dir='ltr'>propriam</span> <span class='ocrx_word' id='word_1_281' title='bbox 1151 2095 1209 2163; x_wconf 87' lang='lat' dir='ltr'>ejus</span> <span class='ocrx_word' id='word_1_282' title='bbox 1237 2110 1299 2150; x_wconf 89' lang='lat' dir='ltr'>esse</span> <span class='ocrx_word' id='word_1_283' title='bbox 1324 2095 1527 2159; x_wconf 87' lang='lat' dir='ltr'>demonstrans,</span> <span class='ocrx_word' id='word_1_284' title='bbox 1555 2094 1642 2166; x_wconf 87' lang='lat' dir='ltr'>eique</span> <span class='ocrx_word' id='word_1_285' title='bbox 1669 2093 1757 2150; x_wconf 89' lang='lat' dir='ltr'>sniiia</span> 
     </span>
     <span class='ocr_line' id='line_1_23' title="bbox 107 2180 1756 2256; baseline -0.002 -17"><span class='ocrx_word' id='word_1_286' title='bbox 107 2190 167 2239; x_wconf 89' lang='lat' dir='ltr'>octo</span> <span class='ocrx_word' id='word_1_287' title='bbox 192 2182 318 2237; x_wconf 90' lang='lat' dir='ltr'>milliaria</span> <span class='ocrx_word' id='word_1_288' title='bbox 345 2183 380 2238; x_wconf 94' lang='lat' dir='ltr'>oh</span> <span class='ocrx_word' id='word_1_289' title='bbox 405 2183 472 2238; x_wconf 89' lang='lat' dir='ltr'>urbe</span> <span class='ocrx_word' id='word_1_290' title='bbox 498 2181 681 2238; x_wconf 78' lang='lat' dir='ltr'>lincolniensi</span> <span class='ocrx_word' id='word_1_291' title='bbox 700 2181 813 2250; x_wconf 89' lang='lat' dir='ltr'>distans,</span> <span class='ocrx_word' id='word_1_292' title='bbox 827 2182 904 2249; x_wconf 85' lang='lat' dir='ltr'>juxta</span> <span class='ocrx_word' id='word_1_293' title='bbox 953 2185 1061 2256; x_wconf 81' lang='lat' dir='ltr'>signum</span> <span class='ocrx_word' id='word_1_294' title='bbox 1108 2182 1192 2239; x_wconf 86' lang='lat' dir='ltr'>luisse</span> <span class='ocrx_word' id='word_1_295' title='bbox 1228 2182 1439 2251; x_wconf 84' lang='lat' dir='ltr'>transmissam,</span> <span class='ocrx_word' id='word_1_296' title='bbox 1477 2180 1630 2238; x_wconf 75' lang='lat' dir='ltr'>manifeste</span> <span class='ocrx_word' id='word_1_297' title='bbox 1666 2180 1756 2238; x_wconf 83' lang='lat' dir='ltr'>decla-</span> 
     </span>
     <span class='ocr_line' id='line_1_24' title="bbox 105 2269 1107 2343; baseline -0.002 -16"><span class='ocrx_word' id='word_1_298' title='bbox 105 2270 301 2342; x_wconf 77' lang='grc'>8101111(98),</span> <span class='ocrx_word' id='word_1_299' title='bbox 317 2270 394 2325; x_wconf 86' lang='lat' dir='ltr'>silvis</span> <span class='ocrx_word' id='word_1_300' title='bbox 409 2278 436 2325; x_wconf 91' lang='lat' dir='ltr'>et</span> <span class='ocrx_word' id='word_1_301' title='bbox 451 2271 555 2343; x_wconf 87' lang='lat' dir='ltr'>stagnis</span> <span class='ocrx_word' id='word_1_302' title='bbox 564 2269 762 2326; x_wconf 89' lang='lat' dir='ltr'>delectabiliter</span> <span class='ocrx_word' id='word_1_303' title='bbox 772 2269 902 2338; x_wconf 90' lang='lat' dir='ltr'>obsitum,</span> <span class='ocrx_word' id='word_1_304' title='bbox 953 2287 1018 2327; x_wconf 91' lang='lat' dir='ltr'>raus</span> <span class='ocrx_word' id='word_1_305' title='bbox 1040 2272 1107 2343; x_wconf 91' lang='grc'>(99).</span> 
     </span>
     <span class='ocr_line' id='line_1_25' title="bbox 107 2356 1757 2432; baseline 0.001 -18"><span class='ocrx_word' id='word_1_306' title='bbox 107 2357 168 2414; x_wconf 87' lang='lat' dir='ltr'>olor</span> <span class='ocrx_word' id='word_1_307' title='bbox 182 2365 307 2414; x_wconf 89' lang='lat' dir='ltr'>novuset</span> <span class='ocrx_word' id='word_1_308' title='bbox 332 2374 473 2430; x_wconf 91' lang='lat' dir='ltr'>nunquam</span> <span class='ocrx_word' id='word_1_309' title='bbox 499 2358 537 2413; x_wconf 90' lang='lat' dir='ltr'>ihi</span> <span class='ocrx_word' id='word_1_310' title='bbox 574 2364 636 2413; x_wconf 92' lang='lat' dir='ltr'>ante</span> <span class='ocrx_word' id='word_1_311' title='bbox 658 2357 733 2412; x_wconf 90' lang='lat' dir='ltr'>visus</span> <span class='ocrx_word' id='word_1_312' title='bbox 756 2356 901 2422; x_wconf 87' lang='lat' dir='ltr'>advolavit,</span> <span class='ocrx_word' id='word_1_313' title='bbox 989 2361 1131 2416; x_wconf 89' lang='lat' dir='ltr'>Cumvero</span> <span class='ocrx_word' id='word_1_314' title='bbox 1146 2360 1280 2416; x_wconf 89' lang='lat' dir='ltr'>adioeum</span> <span class='ocrx_word' id='word_1_315' title='bbox 1294 2358 1467 2431; x_wconf 89' lang='lat' dir='ltr'>ipsnmcirca</span> <span class='ocrx_word' id='word_1_316' title='bbox 1481 2358 1589 2416; x_wconf 86' lang='lat' dir='ltr'>Pascha</span> <span class='ocrx_word' id='word_1_317' title='bbox 1604 2359 1757 2432; x_wconf 83' lang='lat' dir='ltr'>proximam</span> 
     </span>
     <span class='ocr_line' id='line_1_26' title="bbox 107 2445 1757 2519; baseline 0.002 -18"><span class='ocrx_word' id='word_1_318' title='bbox 107 2446 233 2519; x_wconf 88' lang='lat' dir='ltr'>quiinira</span> <span class='ocrx_word' id='word_1_319' title='bbox 248 2462 348 2518; x_wconf 90' lang='lat' dir='ltr'>pancos</span> <span class='ocrx_word' id='word_1_320' title='bbox 363 2447 432 2516; x_wconf 77' lang='lat' dir='ltr'>dien,</span> <span class='ocrx_word' id='word_1_321' title='bbox 450 2462 561 2519; x_wconf 85' lang='lat' dir='ltr'>cycnos,</span> <span class='ocrx_word' id='word_1_322' title='bbox 587 2462 655 2518; x_wconf 88' lang='lat' dir='ltr'>quos</span> <span class='ocrx_word' id='word_1_323' title='bbox 682 2445 784 2501; x_wconf 91' lang='lat' dir='ltr'>ibidem</span> <span class='ocrx_word' id='word_1_324' title='bbox 802 2445 904 2515; x_wconf 88' lang='lat' dir='ltr'>reperit</span> <span class='ocrx_word' id='word_1_325' title='bbox 953 2449 1028 2519; x_wconf 86' lang='grc'>(1911)</span> <span class='ocrx_word' id='word_1_326' title='bbox 1043 2457 1104 2504; x_wconf 85' lang='grc'>1111</span> <span class='ocrx_word' id='word_1_327' title='bbox 1134 2463 1262 2504; x_wconf 88' lang='lat' dir='ltr'>suumex</span> <span class='ocrx_word' id='word_1_328' title='bbox 1291 2450 1342 2504; x_wconf 90' lang='lat' dir='ltr'>hac</span> <span class='ocrx_word' id='word_1_329' title='bbox 1361 2447 1421 2505; x_wconf 89' lang='lat' dir='ltr'>luce</span> <span class='ocrx_word' id='word_1_330' title='bbox 1449 2447 1608 2515; x_wconf 88' lang='lat' dir='ltr'>transitum,</span> <span class='ocrx_word' id='word_1_331' title='bbox 1642 2448 1757 2504; x_wconf 81' lang='lat' dir='ltr'>aduentu</span> 
     </span>
     <span class='ocr_line' id='line_1_27' title="bbox 106 2532 1758 2609; baseline 0 -19"><span class='ocrx_word' id='word_1_332' title='bbox 106 2534 208 2607; x_wconf 88' lang='lat' dir='ltr'>plures,</span> <span class='ocrx_word' id='word_1_333' title='bbox 233 2535 305 2592; x_wconf 89' lang='lat' dir='ltr'>mole</span> <span class='ocrx_word' id='word_1_334' title='bbox 325 2552 383 2590; x_wconf 77' lang='lat' dir='ltr'>suas</span> <span class='ocrx_word' id='word_1_335' title='bbox 408 2535 604 2606; x_wconf 75' lang='lat' dir='ltr'>magnitudinis</span> <span class='ocrx_word' id='word_1_336' title='bbox 633 2550 729 2589; x_wconf 90' lang='lat' dir='ltr'>omnes</span> <span class='ocrx_word' id='word_1_337' title='bbox 757 2532 901 2604; x_wconf 85' lang='lat' dir='ltr'>oppressit,</span> <span class='ocrx_word' id='word_1_338' title='bbox 953 2537 1057 2593; x_wconf 91' lang='lat' dir='ltr'>scilicet</span> <span class='ocrx_word' id='word_1_339' title='bbox 1080 2537 1391 2609; x_wconf 66' lang='lat' dir='ltr'>postrema-episcopus</span> <span class='ocrx_word' id='word_1_340' title='bbox 1407 2535 1581 2603; x_wconf 88' lang='lat' dir='ltr'>accessisset,</span> <span class='ocrx_word' id='word_1_341' title='bbox 1600 2551 1662 2592; x_wconf 91' lang='lat' dir='ltr'>non</span> <span class='ocrx_word' id='word_1_342' title='bbox 1676 2536 1758 2591; x_wconf 89' lang='lat' dir='ltr'>solum</span> 
     </span>
     <span class='ocr_line' id='line_1_28' title="bbox 106 2621 1757 2697; baseline 0.001 -18"><span class='ocrx_word' id='word_1_343' title='bbox 106 2631 279 2679; x_wconf 90' lang='lat' dir='ltr'>unctantum</span> <span class='ocrx_word' id='word_1_344' title='bbox 307 2623 417 2679; x_wconf 80' lang='lat' dir='ltr'>feminei</span> <span class='ocrx_word' id='word_1_345' title='bbox 441 2639 521 2679; x_wconf 86' lang='lat' dir='ltr'>sexus</span> <span class='ocrx_word' id='word_1_346' title='bbox 541 2623 575 2677; x_wconf 92' lang='lat' dir='ltr'>ad</span> <span class='ocrx_word' id='word_1_347' title='bbox 591 2622 728 2678; x_wconf 89' lang='lat' dir='ltr'>societatis</span> <span class='ocrx_word' id='word_1_348' title='bbox 765 2621 901 2686; x_wconf 86' lang='lat' dir='ltr'>solatium,</span> <span class='ocrx_word' id='word_1_349' title='bbox 954 2626 978 2680; x_wconf 88' lang='lat' dir='ltr'>ei</span> <span class='ocrx_word' id='word_1_350' title='bbox 993 2625 1102 2680; x_wconf 90' lang='lat' dir='ltr'>solitum</span> <span class='ocrx_word' id='word_1_351' title='bbox 1129 2640 1185 2680; x_wconf 94' lang='lat' dir='ltr'>non</span> <span class='ocrx_word' id='word_1_352' title='bbox 1205 2625 1327 2680; x_wconf 83' lang='lat' dir='ltr'>exhibuit</span> <span class='ocrx_word' id='word_1_353' title='bbox 1354 2639 1509 2689; x_wconf 87' lang='lat' dir='ltr'>occursum,</span> <span class='ocrx_word' id='word_1_354' title='bbox 1541 2625 1593 2680; x_wconf 88' lang='lat' dir='ltr'>sed</span> <span class='ocrx_word' id='word_1_355' title='bbox 1618 2623 1757 2697; x_wconf 87' lang='lat' dir='ltr'>nequead</span> 
     </span>
     <span class='ocr_line' id='line_1_29' title="bbox 106 2709 1758 2783; baseline 0.002 -17"><span class='ocrx_word' id='word_1_356' title='bbox 106 2727 161 2768; x_wconf 93' lang='lat' dir='ltr'>non</span> <span class='ocrx_word' id='word_1_357' title='bbox 189 2710 225 2766; x_wconf 90' lang='lat' dir='ltr'>ad</span> <span class='ocrx_word' id='word_1_358' title='bbox 259 2711 430 2766; x_wconf 79' lang='lat' dir='ltr'>fecunditatis</span> <span class='ocrx_word' id='word_1_359' title='bbox 456 2719 633 2781; x_wconf 90' lang='lat' dir='ltr'>augmentum</span> <span class='ocrx_word' id='word_1_360' title='bbox 666 2716 816 2765; x_wconf 90' lang='lat' dir='ltr'>reservato.</span> <span class='ocrx_word' id='word_1_361' title='bbox 838 2709 904 2764; x_wconf 85' lang='lat' dir='ltr'>Erat</span> <span class='ocrx_word' id='word_1_362' title='bbox 954 2714 1029 2768; x_wconf 91' lang='lat' dir='ltr'>iilum</span> <span class='ocrx_word' id='word_1_363' title='bbox 1057 2713 1156 2768; x_wconf 90' lang='lat' dir='ltr'>minari</span> <span class='ocrx_word' id='word_1_364' title='bbox 1184 2721 1228 2768; x_wconf 91' lang='lat' dir='ltr'>aut</span> <span class='ocrx_word' id='word_1_365' title='bbox 1249 2711 1390 2779; x_wconf 76' lang='lat' dir='ltr'>erivado,</span> <span class='ocrx_word' id='word_1_366' title='bbox 1420 2712 1464 2767; x_wconf 92' lang='lat' dir='ltr'>cui</span> <span class='ocrx_word' id='word_1_367' title='bbox 1497 2711 1658 2783; x_wconf 89' lang='lat' dir='ltr'>innatabat,</span> <span class='ocrx_word' id='word_1_368' title='bbox 1683 2711 1758 2769; x_wconf 83' lang='lat' dir='ltr'>educi</span> 
     </span>
     <span class='ocr_line' id='line_1_30' title="bbox 106 2798 1756 2874; baseline 0.002 -20"><span class='ocrx_word' id='word_1_369' title='bbox 106 2798 178 2854; x_wconf 89' lang='lat' dir='ltr'>enim</span> <span class='ocrx_word' id='word_1_370' title='bbox 194 2805 267 2854; x_wconf 87' lang='lat' dir='ltr'>tauto</span> <span class='ocrx_word' id='word_1_371' title='bbox 281 2798 339 2855; x_wconf 87' lang='lat' dir='ltr'>lere</span> <span class='ocrx_word' id='word_1_372' title='bbox 354 2814 440 2870; x_wconf 77' lang='lat' dir='ltr'>cycno</span> <span class='ocrx_word' id='word_1_373' title='bbox 456 2798 600 2863; x_wconf 91' lang='lat' dir='ltr'>robustior,</span> <span class='ocrx_word' id='word_1_374' title='bbox 617 2806 719 2869; x_wconf 91' lang='lat' dir='ltr'>quanto</span> <span class='ocrx_word' id='word_1_375' title='bbox 744 2811 846 2868; x_wconf 87' lang='lat' dir='ltr'>cycnus</span> <span class='ocrx_word' id='word_1_376' title='bbox 862 2803 904 2851; x_wconf 87' lang='lat' dir='ltr'>cst</span> <span class='ocrx_word' id='word_1_377' title='bbox 954 2802 1098 2874; x_wconf 76' lang='lat' dir='ltr'>acquievit.</span> <span class='ocrx_word' id='word_1_378' title='bbox 1115 2804 1146 2856; x_wconf 90' lang='lat' dir='ltr'>ln</span> <span class='ocrx_word' id='word_1_379' title='bbox 1160 2801 1227 2872; x_wconf 83' lang='lat' dir='ltr'>ipsis</span> <span class='ocrx_word' id='word_1_380' title='bbox 1241 2809 1334 2857; x_wconf 90' lang='lat' dir='ltr'>autem</span> <span class='ocrx_word' id='word_1_381' title='bbox 1348 2800 1426 2872; x_wconf 89' lang='lat' dir='ltr'>aquis</span> <span class='ocrx_word' id='word_1_382' title='bbox 1437 2800 1540 2857; x_wconf 88' lang='lat' dir='ltr'>vultum</span> <span class='ocrx_word' id='word_1_383' title='bbox 1559 2808 1698 2857; x_wconf 86' lang='lat' dir='ltr'>rnoesturn</span> <span class='ocrx_word' id='word_1_384' title='bbox 1709 2815 1756 2873; x_wconf 84' lang='lat' dir='ltr'>ge·</span> 
     </span>
     <span class='ocr_line' id='line_1_31' title="bbox 37 2885 1757 2962; baseline 0.001 -19"><span class='ocrx_word' id='word_1_385' title='bbox 37 2933 41 2948; x_wconf 91' lang='lat'>.</span> <span class='ocrx_word' id='word_1_386' title='bbox 107 2887 323 2957; x_wconf 87' lang='lat' dir='ltr'>anseremajor;</span> <span class='ocrx_word' id='word_1_387' title='bbox 338 2902 424 2959; x_wconf 83' lang='lat' dir='ltr'>cycno</span> <span class='ocrx_word' id='word_1_388' title='bbox 439 2895 529 2941; x_wconf 93' lang='lat' dir='ltr'>tamen</span> <span class='ocrx_word' id='word_1_389' title='bbox 544 2887 570 2940; x_wconf 89' lang='lat' dir='ltr'>in</span> <span class='ocrx_word' id='word_1_390' title='bbox 585 2885 711 2940; x_wconf 91' lang='lat' dir='ltr'>omnibus</span> <span class='ocrx_word' id='word_1_391' title='bbox 726 2894 751 2941; x_wconf 93' lang='lat' dir='ltr'>et</span> <span class='ocrx_word' id='word_1_392' title='bbox 766 2885 904 2956; x_wconf 73' lang='lat' dir='ltr'>praecipue</span> <span class='ocrx_word' id='word_1_393' title='bbox 955 2907 1018 2946; x_wconf 87' lang='lat' dir='ltr'>rens</span> <span class='ocrx_word' id='word_1_394' title='bbox 1034 2890 1249 2945; x_wconf 90' lang='lat' dir='ltr'>autmorbidnm</span> <span class='ocrx_word' id='word_1_395' title='bbox 1272 2897 1423 2960; x_wconf 85' lang='lat' dir='ltr'>aspectum,</span> <span class='ocrx_word' id='word_1_396' title='bbox 1455 2888 1522 2944; x_wconf 93' lang='lat' dir='ltr'>nihil</span> <span class='ocrx_word' id='word_1_397' title='bbox 1540 2889 1670 2961; x_wconf 86' lang='lat' dir='ltr'>quolibet</span> <span class='ocrx_word' id='word_1_398' title='bbox 1683 2896 1757 2962; x_wconf 86' lang='lat' dir='ltr'>gasin</span> 
     </span>
     <span class='ocr_line' id='line_1_32' title="bbox 106 2974 1757 3049; baseline 0 -17"><span class='ocrx_word' id='word_1_399' title='bbox 106 2976 135 3032; x_wconf 91' lang='lat' dir='ltr'>in</span> <span class='ocrx_word' id='word_1_400' title='bbox 151 2974 243 3032; x_wconf 92' lang='lat' dir='ltr'>colore</span> <span class='ocrx_word' id='word_1_401' title='bbox 258 2984 285 3032; x_wconf 88' lang='lat' dir='ltr'>et</span> <span class='ocrx_word' id='word_1_402' title='bbox 299 2976 416 3031; x_wconf 89' lang='lat' dir='ltr'>candore</span> <span class='ocrx_word' id='word_1_403' title='bbox 426 2974 568 3030; x_wconf 91' lang='lat' dir='ltr'>sublimior</span> <span class='ocrx_word' id='word_1_404' title='bbox 584 2989 590 3028; x_wconf 92' lang='lat'>:</span> <span class='ocrx_word' id='word_1_405' title='bbox 608 2981 709 3045; x_wconf 78' lang='lat' dir='ltr'>praeter</span> <span class='ocrx_word' id='word_1_406' title='bbox 728 2974 903 3046; x_wconf 84' lang='lat' dir='ltr'>quantitatem</span> <span class='ocrx_word' id='word_1_407' title='bbox 954 2978 1101 3033; x_wconf 86' lang='lat' dir='ltr'>alacritatis</span> <span class='ocrx_word' id='word_1_408' title='bbox 1123 2977 1298 3049; x_wconf 71' lang='lat' dir='ltr'>praelerebat.</span> <span class='ocrx_word' id='word_1_409' title='bbox 1319 2976 1479 3033; x_wconf 88' lang='lat' dir='ltr'>ilirantibus</span> <span class='ocrx_word' id='word_1_410' title='bbox 1494 2976 1530 3031; x_wconf 90' lang='lat' dir='ltr'>ad</span> <span class='ocrx_word' id='word_1_411' title='bbox 1554 2977 1611 3033; x_wconf 86' lang='lat' dir='ltr'>hoc</span> <span class='ocrx_word' id='word_1_412' title='bbox 1631 2977 1757 3033; x_wconf 79' lang='lat' dir='ltr'>omnibus</span> 
     </span>
     <span class='ocr_line' id='line_1_33' title="bbox 107 3037 1756 3139; baseline -0.001 -18"><span class='ocrx_word' id='word_1_413' title='bbox 107 3064 190 3121; x_wconf 91' lang='lat' dir='ltr'>etiam</span> <span class='ocrx_word' id='word_1_414' title='bbox 219 3065 247 3120; x_wconf 91' lang='lat' dir='ltr'>in</span> <span class='ocrx_word' id='word_1_415' title='bbox 274 3066 326 3121; x_wconf 86' lang='lat' dir='ltr'>hoe</span> <span class='ocrx_word' id='word_1_416' title='bbox 350 3064 477 3131; x_wconf 88' lang='lat' dir='ltr'>distabat,</span> <span class='ocrx_word' id='word_1_417' title='bbox 495 3064 569 3135; x_wconf 91' lang='lat' dir='ltr'>quod</span> <span class='ocrx_word' id='word_1_418' title='bbox 598 3071 734 3118; x_wconf 89' lang='lat' dir='ltr'>tumorem</span> <span class='ocrx_word' id='word_1_419' title='bbox 760 3062 787 3116; x_wconf 92' lang='lat' dir='ltr'>in</span> <span class='ocrx_word' id='word_1_420' title='bbox 816 3037 940 3117; x_wconf 81' lang='lat' dir='ltr'>rostroc</span> <span class='ocrx_word' id='word_1_421' title='bbox 955 3066 1000 3139; x_wconf 88' lang='lat' dir='ltr'>qui</span> <span class='ocrx_word' id='word_1_422' title='bbox 1018 3066 1264 3133; x_wconf 89' lang='lat' dir='ltr'>aderant,tandem</span> <span class='ocrx_word' id='word_1_423' title='bbox 1278 3065 1454 3138; x_wconf 73' lang='lat' dir='ltr'>praecipiente</span> <span class='ocrx_word' id='word_1_424' title='bbox 1483 3065 1632 3137; x_wconf 89' lang='lat' dir='ltr'>episcopo,</span> <span class='ocrx_word' id='word_1_425' title='bbox 1658 3073 1689 3120; x_wconf 93' lang='lat' dir='ltr'>ut</span> <span class='ocrx_word' id='word_1_426' title='bbox 1715 3065 1756 3119; x_wconf 92' lang='lat' dir='ltr'>in-</span> 
     </span>
     <span class='ocr_line' id='line_1_34' title="bbox 107 3149 1758 3227; baseline -0.002 -16"><span class='ocrx_word' id='word_1_427' title='bbox 107 3163 188 3227; x_wconf 90' lang='lat' dir='ltr'>atque</span> <span class='ocrx_word' id='word_1_428' title='bbox 206 3153 377 3226; x_wconf 78' lang='lat' dir='ltr'>nigredinem</span> <span class='ocrx_word' id='word_1_429' title='bbox 409 3167 484 3208; x_wconf 91' lang='lat' dir='ltr'>more</span> <span class='ocrx_word' id='word_1_430' title='bbox 518 3167 665 3223; x_wconf 82' lang='lat' dir='ltr'>cycnorum</span> <span class='ocrx_word' id='word_1_431' title='bbox 689 3167 743 3207; x_wconf 91' lang='lat' dir='ltr'>nou</span> <span class='ocrx_word' id='word_1_432' title='bbox 772 3149 904 3221; x_wconf 79' lang='lat' dir='ltr'>praeiere·</span> <span class='ocrx_word' id='word_1_433' title='bbox 954 3155 1142 3210; x_wconf 87' lang='lat' dir='ltr'>traduceretur</span> <span class='ocrx_word' id='word_1_434' title='bbox 1165 3153 1208 3210; x_wconf 90' lang='lat' dir='ltr'>vel</span> <span class='ocrx_word' id='word_1_435' title='bbox 1236 3154 1330 3222; x_wconf 89' lang='lat' dir='ltr'>invita,</span> <span class='ocrx_word' id='word_1_436' title='bbox 1361 3154 1450 3209; x_wconf 90' lang='lat' dir='ltr'>triduo</span> <span class='ocrx_word' id='word_1_437' title='bbox 1472 3153 1637 3225; x_wconf 84' lang='lat' dir='ltr'>aplurimis</span> <span class='ocrx_word' id='word_1_438' title='bbox 1661 3152 1758 3210; x_wconf 79' lang='lat' dir='ltr'>frustra</span> 
     </span>
     <span class='ocr_line' id='line_1_35' title="bbox 106 3240 1756 3315; baseline -0.002 -17"><span class='ocrx_word' id='word_1_439' title='bbox 106 3244 167 3308; x_wconf 84' lang='lat' dir='ltr'>hat;</span> <span class='ocrx_word' id='word_1_440' title='bbox 185 3242 319 3315; x_wconf 91' lang='lat' dir='ltr'>quinimo</span> <span class='ocrx_word' id='word_1_441' title='bbox 342 3243 431 3298; x_wconf 91' lang='lat' dir='ltr'>locum</span> <span class='ocrx_word' id='word_1_442' title='bbox 459 3241 587 3297; x_wconf 88' lang='lat' dir='ltr'>eumdem</span> <span class='ocrx_word' id='word_1_443' title='bbox 605 3240 687 3296; x_wconf 91' lang='lat' dir='ltr'>rostri</span> <span class='ocrx_word' id='word_1_444' title='bbox 708 3240 827 3311; x_wconf 88' lang='lat' dir='ltr'>planum,</span> <span class='ocrx_word' id='word_1_445' title='bbox 844 3255 905 3295; x_wconf 90' lang='lat' dir='ltr'>cro-</span> <span class='ocrx_word' id='word_1_446' title='bbox 954 3243 1109 3298; x_wconf 91' lang='lat' dir='ltr'>insudatur.</span> <span class='ocrx_word' id='word_1_447' title='bbox 1129 3243 1240 3314; x_wconf 85' lang='lat' dir='ltr'>Capitur</span> <span class='ocrx_word' id='word_1_448' title='bbox 1256 3258 1323 3298; x_wconf 89' lang='lat' dir='ltr'>vero</span> <span class='ocrx_word' id='word_1_449' title='bbox 1339 3243 1374 3298; x_wconf 91' lang='lat' dir='ltr'>ad</span> <span class='ocrx_word' id='word_1_450' title='bbox 1392 3249 1562 3312; x_wconf 88' lang='lat' dir='ltr'>postremum</span> <span class='ocrx_word' id='word_1_451' title='bbox 1586 3242 1617 3296; x_wconf 92' lang='lat' dir='ltr'>in</span> <span class='ocrx_word' id='word_1_452' title='bbox 1650 3248 1756 3298; x_wconf 89' lang='lat' dir='ltr'>carecto</span> 
     </span>
     <span class='ocr_line' id='line_1_36' title="bbox 107 3326 1757 3404; baseline -0.002 -16"><span class='ocrx_word' id='word_1_453' title='bbox 107 3347 211 3403; x_wconf 83' lang='lat' dir='ltr'>conque</span> <span class='ocrx_word' id='word_1_454' title='bbox 235 3330 363 3387; x_wconf 88' lang='lat' dir='ltr'>decenter</span> <span class='ocrx_word' id='word_1_455' title='bbox 385 3330 474 3386; x_wconf 90' lang='lat' dir='ltr'>colore</span> <span class='ocrx_word' id='word_1_456' title='bbox 501 3344 556 3385; x_wconf 93' lang='lat' dir='ltr'>una</span> <span class='ocrx_word' id='word_1_457' title='bbox 575 3343 638 3385; x_wconf 91' lang='lat' dir='ltr'>cum</span> <span class='ocrx_word' id='word_1_458' title='bbox 666 3329 755 3399; x_wconf 92' lang='lat' dir='ltr'>capite</span> <span class='ocrx_word' id='word_1_459' title='bbox 782 3337 809 3383; x_wconf 91' lang='lat' dir='ltr'>et</span> <span class='ocrx_word' id='word_1_460' title='bbox 842 3326 905 3383; x_wconf 93' lang='lat' dir='ltr'>colii</span> <span class='ocrx_word' id='word_1_461' title='bbox 955 3330 1102 3397; x_wconf 89' lang='lat' dir='ltr'>remotiori,</span> <span class='ocrx_word' id='word_1_462' title='bbox 1128 3331 1173 3385; x_wconf 93' lang='lat' dir='ltr'>ubi</span> <span class='ocrx_word' id='word_1_463' title='bbox 1192 3330 1300 3404; x_wconf 86' lang='lat' dir='ltr'>lugiens</span> <span class='ocrx_word' id='word_1_464' title='bbox 1324 3329 1497 3401; x_wconf 87' lang='lat' dir='ltr'>insequentes</span> <span class='ocrx_word' id='word_1_465' title='bbox 1524 3328 1664 3385; x_wconf 90' lang='lat' dir='ltr'>latitabat.</span> <span class='ocrx_word' id='word_1_466' title='bbox 1689 3330 1757 3385; x_wconf 74' lang='grc'>911-</span> 
     </span>
     <span class='ocr_line' id='line_1_37' title="bbox 106 3416 1754 3493; baseline -0.002 -17"><span class='ocrx_word' id='word_1_467' title='bbox 106 3428 184 3493; x_wconf 90' lang='lat' dir='ltr'>parte</span> <span class='ocrx_word' id='word_1_468' title='bbox 199 3420 338 3492; x_wconf 88' lang='lat' dir='ltr'>superiore</span> <span class='ocrx_word' id='word_1_469' title='bbox 352 3418 509 3474; x_wconf 91' lang='lat' dir='ltr'>distinctum</span> <span class='ocrx_word' id='word_1_470' title='bbox 523 3417 650 3473; x_wconf 89' lang='lat' dir='ltr'>habebat.</span> <span class='ocrx_word' id='word_1_471' title='bbox 663 3417 729 3472; x_wconf 76' lang='lat' dir='ltr'>Avis</span> <span class='ocrx_word' id='word_1_472' title='bbox 745 3424 835 3471; x_wconf 70' lang='lat' dir='ltr'>aretem</span> <span class='ocrx_word' id='word_1_473' title='bbox 846 3416 904 3471; x_wconf 83' lang='lat' dir='ltr'>haec</span> <span class='ocrx_word' id='word_1_474' title='bbox 953 3418 1034 3474; x_wconf 90' lang='lat' dir='ltr'>ducta</span> <span class='ocrx_word' id='word_1_475' title='bbox 1049 3419 1156 3474; x_wconf 90' lang='lat' dir='ltr'>veroad</span> <span class='ocrx_word' id='word_1_476' title='bbox 1167 3418 1334 3490; x_wconf 90' lang='lat' dir='ltr'>episcopum,</span> <span class='ocrx_word' id='word_1_477' title='bbox 1347 3418 1436 3489; x_wconf 89' lang='lat' dir='ltr'>capite</span> <span class='ocrx_word' id='word_1_478' title='bbox 1464 3416 1583 3488; x_wconf 91' lang='lat' dir='ltr'>pendulo</span> <span class='ocrx_word' id='word_1_479' title='bbox 1616 3432 1650 3473; x_wconf 92' lang='lat' dir='ltr'>ac</span> <span class='ocrx_word' id='word_1_480' title='bbox 1677 3417 1754 3473; x_wconf 81' lang='lat' dir='ltr'>vulin</span> 
     </span>
     <span class='ocr_line' id='line_1_38' title="bbox 106 3505 1754 3582; baseline -0.003 -16"><span class='ocrx_word' id='word_1_481' title='bbox 106 3509 193 3582; x_wconf 85' lang='lat' dir='ltr'>regia,</span> <span class='ocrx_word' id='word_1_482' title='bbox 211 3517 237 3565; x_wconf 89' lang='lat' dir='ltr'>el</span> <span class='ocrx_word' id='word_1_483' title='bbox 264 3517 318 3564; x_wconf 90' lang='lat' dir='ltr'>tam</span> <span class='ocrx_word' id='word_1_484' title='bbox 343 3508 472 3580; x_wconf 91' lang='lat' dir='ltr'>qualitate</span> <span class='ocrx_word' id='word_1_485' title='bbox 486 3522 568 3578; x_wconf 89' lang='lat' dir='ltr'>quum</span> <span class='ocrx_word' id='word_1_486' title='bbox 584 3506 732 3579; x_wconf 89' lang='lat' dir='ltr'>quantitate</span> <span class='ocrx_word' id='word_1_487' title='bbox 746 3505 902 3576; x_wconf 90' lang='lat' dir='ltr'>perspicua,</span> <span class='ocrx_word' id='word_1_488' title='bbox 954 3523 1039 3580; x_wconf 73' lang='lat' dir='ltr'>aegro,</span> <span class='ocrx_word' id='word_1_489' title='bbox 1054 3507 1191 3580; x_wconf 78' lang='lat' dir='ltr'>aegrisque</span> <span class='ocrx_word' id='word_1_490' title='bbox 1206 3523 1255 3578; x_wconf 91' lang='lat' dir='ltr'>per</span> <span class='ocrx_word' id='word_1_491' title='bbox 1270 3507 1362 3562; x_wconf 90' lang='lat' dir='ltr'>omnia</span> <span class='ocrx_word' id='word_1_492' title='bbox 1375 3506 1508 3578; x_wconf 86' lang='lat' dir='ltr'>gestibus,</span> <span class='ocrx_word' id='word_1_493' title='bbox 1532 3512 1665 3561; x_wconf 85' lang='lat' dir='ltr'>moestam</span> <span class='ocrx_word' id='word_1_494' title='bbox 1679 3521 1754 3576; x_wconf 77' lang='lat' dir='ltr'>prm·</span> 
     </span>
     <span class='ocr_line' id='line_1_39' title="bbox 105 3592 1756 3669; baseline -0.005 -14"><span class='ocrx_word' id='word_1_495' title='bbox 105 3599 134 3654; x_wconf 87' lang='lat' dir='ltr'>in</span> <span class='ocrx_word' id='word_1_496' title='bbox 162 3597 250 3669; x_wconf 88' lang='lat' dir='ltr'>primo</span> <span class='ocrx_word' id='word_1_497' title='bbox 273 3597 307 3652; x_wconf 92' lang='lat' dir='ltr'>ad</span> <span class='ocrx_word' id='word_1_498' title='bbox 327 3597 418 3652; x_wconf 91' lang='lat' dir='ltr'>locum</span> <span class='ocrx_word' id='word_1_499' title='bbox 434 3595 508 3650; x_wconf 92' lang='lat' dir='ltr'>illum</span> <span class='ocrx_word' id='word_1_500' title='bbox 524 3595 650 3666; x_wconf 87' lang='lat' dir='ltr'>praesulis</span> <span class='ocrx_word' id='word_1_501' title='bbox 674 3593 802 3662; x_wconf 90' lang='lat' dir='ltr'>adventu,</span> <span class='ocrx_word' id='word_1_502' title='bbox 826 3592 904 3664; x_wconf 91' lang='lat' dir='ltr'>quasi</span> <span class='ocrx_word' id='word_1_503' title='bbox 954 3596 1083 3651; x_wconf 90' lang='lat' dir='ltr'>tendebat</span> <span class='ocrx_word' id='word_1_504' title='bbox 1097 3594 1347 3663; x_wconf 79' lang='lat' dir='ltr'>imaginemiiujus</span> <span class='ocrx_word' id='word_1_505' title='bbox 1362 3593 1403 3649; x_wconf 91' lang='lat' dir='ltr'>rei</span> <span class='ocrx_word' id='word_1_506' title='bbox 1417 3592 1524 3650; x_wconf 87' lang='lat' dir='ltr'>novitas</span> <span class='ocrx_word' id='word_1_507' title='bbox 1552 3601 1622 3650; x_wconf 89' lang='lat' dir='ltr'>tunc</span> <span class='ocrx_word' id='word_1_508' title='bbox 1646 3593 1756 3666; x_wconf 85' lang='lat' dir='ltr'>quidem</span> 
     </span>
     <span class='ocr_line' id='line_1_40' title="bbox 106 3680 1754 3759; baseline -0.004 -15"><span class='ocrx_word' id='word_1_509' title='bbox 106 3693 201 3759; x_wconf 87' lang='lat' dir='ltr'>sponte</span> <span class='ocrx_word' id='word_1_510' title='bbox 217 3694 243 3742; x_wconf 92' lang='lat' dir='ltr'>et</span> <span class='ocrx_word' id='word_1_511' title='bbox 266 3684 369 3757; x_wconf 88' lang='lat' dir='ltr'>absque</span> <span class='ocrx_word' id='word_1_512' title='bbox 396 3683 565 3749; x_wconf 87' lang='lat' dir='ltr'>difficultate,</span> <span class='ocrx_word' id='word_1_513' title='bbox 581 3681 732 3739; x_wconf 90' lang='lat' dir='ltr'>domestica</span> <span class='ocrx_word' id='word_1_514' title='bbox 761 3680 844 3746; x_wconf 86' lang='lat' dir='ltr'>iacta,</span> <span class='ocrx_word' id='word_1_515' title='bbox 869 3680 904 3735; x_wconf 92' lang='lat' dir='ltr'>ad</span> <span class='ocrx_word' id='word_1_516' title='bbox 955 3684 1059 3755; x_wconf 89' lang='lat' dir='ltr'>stupori</span> <span class='ocrx_word' id='word_1_517' title='bbox 1074 3682 1122 3739; x_wconf 87' lang='lat' dir='ltr'>init</span> <span class='ocrx_word' id='word_1_518' title='bbox 1137 3684 1312 3739; x_wconf 89' lang='lat' dir='ltr'>intuentibus.</span> <span class='ocrx_word' id='word_1_519' title='bbox 1335 3681 1544 3738; x_wconf 86' lang='lat' dir='ltr'>Verumaloco</span> <span class='ocrx_word' id='word_1_520' title='bbox 1559 3680 1623 3754; x_wconf 87' lang='lat' dir='ltr'>ipso</span> <span class='ocrx_word' id='word_1_521' title='bbox 1638 3682 1754 3738; x_wconf 86' lang='lat' dir='ltr'>celerius</span> 
     </span>
     <span class='ocr_line' id='line_1_41' title="bbox 103 3769 1756 3846; baseline -0.003 -16"><span class='ocrx_word' id='word_1_522' title='bbox 103 3775 192 3846; x_wconf 90' lang='lat' dir='ltr'>ipsum</span> <span class='ocrx_word' id='word_1_523' title='bbox 206 3772 234 3829; x_wconf 92' lang='lat' dir='ltr'>in</span> <span class='ocrx_word' id='word_1_524' title='bbox 250 3788 358 3830; x_wconf 90' lang='lat' dir='ltr'>camera</span> <span class='ocrx_word' id='word_1_525' title='bbox 372 3788 421 3828; x_wconf 90' lang='lat' dir='ltr'>sua</span> <span class='ocrx_word' id='word_1_526' title='bbox 435 3779 549 3843; x_wconf 91' lang='lat' dir='ltr'>propter</span> <span class='ocrx_word' id='word_1_527' title='bbox 568 3771 777 3827; x_wconf 89' lang='lat' dir='ltr'>admirationem</span> <span class='ocrx_word' id='word_1_528' title='bbox 792 3777 833 3825; x_wconf 92' lang='lat' dir='ltr'>est</span> <span class='ocrx_word' id='word_1_529' title='bbox 856 3769 904 3824; x_wconf 90' lang='lat' dir='ltr'>ad·</span> <span class='ocrx_word' id='word_1_530' title='bbox 955 3773 1119 3829; x_wconf 86' lang='lat' dir='ltr'>abscedente</span> <span class='ocrx_word' id='word_1_531' title='bbox 1145 3773 1283 3843; x_wconf 84' lang='lat' dir='ltr'>episcopo,</span> <span class='ocrx_word' id='word_1_532' title='bbox 1299 3779 1326 3826; x_wconf 90' lang='lat' dir='ltr'>et</span> <span class='ocrx_word' id='word_1_533' title='bbox 1342 3777 1404 3842; x_wconf 91' lang='lat' dir='ltr'>post</span> <span class='ocrx_word' id='word_1_534' title='bbox 1433 3769 1502 3826; x_wconf 85' lang='lat' dir='ltr'>sexti</span> <span class='ocrx_word' id='word_1_535' title='bbox 1527 3769 1636 3825; x_wconf 87' lang='lat' dir='ltr'>mensis</span> <span class='ocrx_word' id='word_1_536' title='bbox 1650 3770 1756 3841; x_wconf 82' lang='lat' dir='ltr'>(iili)a</span> 
     </span>
     <span class='ocr_line' id='line_1_42' title="bbox 105 3857 1756 3932; baseline -0.004 -14"><span class='ocrx_word' id='word_1_537' title='bbox 105 3862 196 3919; x_wconf 90' lang='lat' dir='ltr'>ducta.</span> <span class='ocrx_word' id='word_1_538' title='bbox 212 3861 279 3932; x_wconf 81' lang='lat' dir='ltr'>Quae</span> <span class='ocrx_word' id='word_1_539' title='bbox 293 3861 383 3917; x_wconf 90' lang='lat' dir='ltr'>statim</span> <span class='ocrx_word' id='word_1_540' title='bbox 397 3875 414 3916; x_wconf 91' lang='lat' dir='ltr'>a</span> <span class='ocrx_word' id='word_1_541' title='bbox 430 3876 513 3915; x_wconf 90' lang='lat' dir='ltr'>manu</span> <span class='ocrx_word' id='word_1_542' title='bbox 533 3861 592 3929; x_wconf 88' lang='lat' dir='ltr'>ejus</span> <span class='ocrx_word' id='word_1_543' title='bbox 626 3874 724 3930; x_wconf 90' lang='lat' dir='ltr'>panem</span> <span class='ocrx_word' id='word_1_544' title='bbox 750 3874 861 3913; x_wconf 90' lang='lat' dir='ltr'>sumens</span> <span class='ocrx_word' id='word_1_545' title='bbox 879 3865 905 3912; x_wconf 85' lang='lat' dir='ltr'>et</span> <span class='ocrx_word' id='word_1_546' title='bbox 955 3870 1077 3932; x_wconf 89' lang='lat' dir='ltr'>tempore</span> <span class='ocrx_word' id='word_1_547' title='bbox 1092 3861 1139 3915; x_wconf 90' lang='lat' dir='ltr'>ilia</span> <span class='ocrx_word' id='word_1_548' title='bbox 1165 3875 1310 3916; x_wconf 89' lang='lat' dir='ltr'>excursum</span> <span class='ocrx_word' id='word_1_549' title='bbox 1339 3859 1410 3914; x_wconf 91' lang='lat' dir='ltr'>viam</span> <span class='ocrx_word' id='word_1_550' title='bbox 1439 3858 1577 3914; x_wconf 77' lang='lat' dir='ltr'>universae</span> <span class='ocrx_word' id='word_1_551' title='bbox 1601 3857 1698 3913; x_wconf 86' lang='lat' dir='ltr'>earnis</span> <span class='ocrx_word' id='word_1_552' title='bbox 1712 3858 1756 3913; x_wconf 90' lang='lat' dir='ltr'>in-</span> 
     </span>
     <span class='ocr_line' id='line_1_43' title="bbox 106 3945 1753 4022; baseline -0.002 -16"><span class='ocrx_word' id='word_1_553' title='bbox 106 3950 263 4015; x_wconf 91' lang='lat' dir='ltr'>comedens,</span> <span class='ocrx_word' id='word_1_554' title='bbox 280 3949 358 4021; x_wconf 90' lang='lat' dir='ltr'>eique</span> <span class='ocrx_word' id='word_1_555' title='bbox 386 3947 553 4003; x_wconf 83' lang='lat' dir='ltr'>familiariter</span> <span class='ocrx_word' id='word_1_556' title='bbox 581 3947 725 4002; x_wconf 72' lang='lat' dir='ltr'>adhaerens</span> <span class='ocrx_word' id='word_1_557' title='bbox 742 3961 859 4010; x_wconf 86' lang='lat' dir='ltr'>omnem,</span> <span class='ocrx_word' id='word_1_558' title='bbox 877 3954 905 4000; x_wconf 92' lang='lat' dir='ltr'>ut</span> <span class='ocrx_word' id='word_1_559' title='bbox 954 3965 1061 4022; x_wconf 85' lang='lat' dir='ltr'>gresso,</span> <span class='ocrx_word' id='word_1_560' title='bbox 1082 3965 1133 4005; x_wconf 91' lang='lat' dir='ltr'>nec</span> <span class='ocrx_word' id='word_1_561' title='bbox 1157 3949 1192 4003; x_wconf 90' lang='lat' dir='ltr'>ab</span> <span class='ocrx_word' id='word_1_562' title='bbox 1220 3948 1309 4003; x_wconf 90' lang='lat' dir='ltr'>amica</span> <span class='ocrx_word' id='word_1_563' title='bbox 1337 3946 1390 4002; x_wconf 90' lang='lat' dir='ltr'>sibi</span> <span class='ocrx_word' id='word_1_564' title='bbox 1418 3946 1530 4002; x_wconf 91' lang='lat' dir='ltr'>volucre</span> <span class='ocrx_word' id='word_1_565' title='bbox 1554 3945 1674 4001; x_wconf 84' lang='lat' dir='ltr'>ulterius</span> <span class='ocrx_word' id='word_1_566' title='bbox 1686 3945 1753 4014; x_wconf 85' lang='lat' dir='ltr'>viso,</span> 
     </span>
     <span class='ocr_line' id='line_1_44' title="bbox 107 4033 1756 4107; baseline -0.003 -14"><span class='ocrx_word' id='word_1_567' title='bbox 107 4037 257 4103; x_wconf 90' lang='lat' dir='ltr'>videbatur,</span> <span class='ocrx_word' id='word_1_568' title='bbox 278 4035 433 4092; x_wconf 87' lang='lat' dir='ltr'>silvestrem</span> <span class='ocrx_word' id='word_1_569' title='bbox 453 4035 562 4090; x_wconf 91' lang='lat' dir='ltr'>iuterim</span> <span class='ocrx_word' id='word_1_570' title='bbox 590 4043 671 4089; x_wconf 83' lang='lat' dir='ltr'>eruta</span> <span class='ocrx_word' id='word_1_571' title='bbox 699 4040 834 4098; x_wconf 90' lang='lat' dir='ltr'>naturam,</span> <span class='ocrx_word' id='word_1_572' title='bbox 851 4049 903 4089; x_wconf 91' lang='lat' dir='ltr'>nec</span> <span class='ocrx_word' id='word_1_573' title='bbox 954 4039 1020 4093; x_wconf 85' lang='lat' dir='ltr'>satis</span> <span class='ocrx_word' id='word_1_574' title='bbox 1035 4037 1074 4092; x_wconf 91' lang='lat' dir='ltr'>rei</span> <span class='ocrx_word' id='word_1_575' title='bbox 1092 4044 1217 4093; x_wconf 92' lang='lat' dir='ltr'>eventum</span> <span class='ocrx_word' id='word_1_576' title='bbox 1240 4034 1478 4092; x_wconf 89' lang='lat' dir='ltr'>considerantibus</span> <span class='ocrx_word' id='word_1_577' title='bbox 1498 4033 1585 4105; x_wconf 88' lang='lat' dir='ltr'>patuit</span> <span class='ocrx_word' id='word_1_578' title='bbox 1608 4033 1676 4106; x_wconf 90' lang='lat' dir='ltr'>quid</span> <span class='ocrx_word' id='word_1_579' title='bbox 1705 4049 1756 4107; x_wconf 88' lang='lat' dir='ltr'>ge-</span> 
     </span>
     <span class='ocr_line' id='line_1_45' title="bbox 106 4121 1756 4198; baseline -0.003 -16"><span class='ocrx_word' id='word_1_580' title='bbox 106 4127 164 4196; x_wconf 89' lang='lat' dir='ltr'>ejus</span> <span class='ocrx_word' id='word_1_581' title='bbox 183 4132 310 4191; x_wconf 90' lang='lat' dir='ltr'>attactus,</span> <span class='ocrx_word' id='word_1_582' title='bbox 326 4139 377 4181; x_wconf 92' lang='lat' dir='ltr'>nec</span> <span class='ocrx_word' id='word_1_583' title='bbox 405 4124 553 4179; x_wconf 88' lang='lat' dir='ltr'>astantium</span> <span class='ocrx_word' id='word_1_584' title='bbox 581 4122 701 4195; x_wconf 89' lang='lat' dir='ltr'>undique</span> <span class='ocrx_word' id='word_1_585' title='bbox 720 4123 862 4177; x_wconf 89' lang='lat' dir='ltr'>turbarum</span> <span class='ocrx_word' id='word_1_586' title='bbox 878 4129 904 4176; x_wconf 90' lang='lat' dir='ltr'>et</span> <span class='ocrx_word' id='word_1_587' title='bbox 955 4135 1011 4181; x_wconf 86' lang='lat' dir='ltr'>stus</span> <span class='ocrx_word' id='word_1_588' title='bbox 1027 4124 1203 4198; x_wconf 84' lang='lat' dir='ltr'>biclnguhris</span> <span class='ocrx_word' id='word_1_589' title='bbox 1218 4121 1395 4195; x_wconf 90' lang='lat' dir='ltr'>protenderit,</span> <span class='ocrx_word' id='word_1_590' title='bbox 1413 4137 1466 4193; x_wconf 91' lang='lat' dir='ltr'>quo</span> <span class='ocrx_word' id='word_1_591' title='bbox 1490 4121 1561 4177; x_wconf 88' lang='lat' dir='ltr'>adeo</span> <span class='ocrx_word' id='word_1_592' title='bbox 1576 4129 1679 4178; x_wconf 83' lang='lat' dir='ltr'>moesta</span> <span class='ocrx_word' id='word_1_593' title='bbox 1693 4121 1756 4177; x_wconf 88' lang='lat' dir='ltr'>illud</span> 
     </span>
     <span class='ocr_line' id='line_1_46' title="bbox 105 4210 1755 4305; baseline -0.005 -36"><span class='ocrx_word' id='word_1_594' title='bbox 105 4215 265 4271; x_wconf 89' lang='lat' dir='ltr'>intuentium</span> <span class='ocrx_word' id='word_1_595' title='bbox 295 4230 424 4271; x_wconf 87' lang='lat' dir='ltr'>accessus</span> <span class='ocrx_word' id='word_1_596' title='bbox 457 4212 515 4268; x_wconf 90' lang='lat' dir='ltr'>sive</span> <span class='ocrx_word' id='word_1_597' title='bbox 556 4211 686 4268; x_wconf 89' lang='lat' dir='ltr'>tumultus</span> <span class='ocrx_word' id='word_1_598' title='bbox 727 4211 1015 4305; x_wconf 77' lang='lat' dir='ltr'>abhorrebat.Dva10</span> <span class='ocrx_word' id='word_1_599' title='bbox 1036 4214 1160 4269; x_wconf 79' lang='lat' dir='ltr'>ultimum</span> <span class='ocrx_word' id='word_1_600' title='bbox 1186 4211 1296 4267; x_wconf 85' lang='lat' dir='ltr'>domino</span> <span class='ocrx_word' id='word_1_601' title='bbox 1320 4225 1370 4265; x_wconf 91' lang='lat' dir='ltr'>sno</span> <span class='ocrx_word' id='word_1_602' title='bbox 1390 4210 1463 4265; x_wconf 86' lang='lat' dir='ltr'>lecit.</span> <span class='ocrx_word' id='word_1_603' title='bbox 1488 4210 1644 4266; x_wconf 75' lang='lat' dir='ltr'>Parmensis</span> <span class='ocrx_word' id='word_1_604' title='bbox 1666 4219 1755 4266; x_wconf 82' lang='lat' dir='ltr'>autem</span> 
     </span>
     <span class='ocr_line' id='line_1_47' title="bbox 106 4298 1467 4374; baseline -0.004 -15"><span class='ocrx_word' id='word_1_605' title='bbox 106 4304 290 4361; x_wconf 73' lang='lat' dir='ltr'>consueverat</span> <span class='ocrx_word' id='word_1_606' title='bbox 317 4303 399 4361; x_wconf 89' lang='lat' dir='ltr'>etiam</span> <span class='ocrx_word' id='word_1_607' title='bbox 431 4302 585 4369; x_wconf 87' lang='lat' dir='ltr'>interdum,</span> <span class='ocrx_word' id='word_1_608' title='bbox 609 4317 670 4356; x_wconf 90' lang='lat' dir='ltr'>cum</span> <span class='ocrx_word' id='word_1_609' title='bbox 712 4300 746 4355; x_wconf 90' lang='lat' dir='ltr'>ab</span> <span class='ocrx_word' id='word_1_610' title='bbox 775 4300 904 4371; x_wconf 87' lang='lat' dir='ltr'>episcopo</span> <span class='ocrx_word' id='word_1_611' title='bbox 956 4304 1057 4359; x_wconf 87' lang='lat' dir='ltr'>ibidem</span> <span class='ocrx_word' id='word_1_612' title='bbox 1071 4310 1166 4374; x_wconf 91' lang='lat' dir='ltr'>postea</span> <span class='ocrx_word' id='word_1_613' title='bbox 1180 4300 1273 4355; x_wconf 92' lang='lat' dir='ltr'>multis</span> <span class='ocrx_word' id='word_1_614' title='bbox 1289 4298 1467 4371; x_wconf 89' lang='lat' dir='ltr'>temporibus.</span> 
     </span>
    </p>
   </div>
   <div class='ocr_carea' id='block_1_3' title="bbox 104 4479 1758 4961">
    <p class='ocr_par' dir='ltr' id='par_1_3' title="bbox 105 4479 1758 4745">
     <span class='ocr_line' id='line_1_48' title="bbox 140 4479 1758 4548; baseline -0.001 -14"><span class='ocrx_word' id='word_1_615' title='bbox 140 4481 195 4548; x_wconf 90' lang='grc'>(9·1)</span> <span class='ocrx_word' id='word_1_616' title='bbox 205 4480 274 4545; x_wconf 82' lang='lat' dir='ltr'>aput</span> <span class='ocrx_word' id='word_1_617' title='bbox 290 4482 424 4534; x_wconf 89' lang='lat' dir='ltr'>lianerium</span> <span class='ocrx_word' id='word_1_618' title='bbox 436 4495 517 4546; x_wconf 87' lang='lat' dir='ltr'>suum,</span> <span class='ocrx_word' id='word_1_619' title='bbox 531 4482 555 4532; x_wconf 89' lang='lat' dir='ltr'>id</span> <span class='ocrx_word' id='word_1_620' title='bbox 567 4483 605 4532; x_wconf 87' lang='lat' dir='ltr'>est</span> <span class='ocrx_word' id='word_1_621' title='bbox 625 4480 708 4531; x_wconf 90' lang='lat' dir='ltr'>villam</span> <span class='ocrx_word' id='word_1_622' title='bbox 720 4492 798 4531; x_wconf 91' lang='lat' dir='ltr'>suam.</span> <span class='ocrx_word' id='word_1_623' title='bbox 808 4479 906 4530; x_wconf 78' lang='lat' dir='ltr'>orderi-</span> <span class='ocrx_word' id='word_1_624' title='bbox 954 4484 1016 4535; x_wconf 87' lang='lat' dir='ltr'>nerii</span> <span class='ocrx_word' id='word_1_625' title='bbox 1029 4482 1233 4545; x_wconf 86' lang='lat' dir='ltr'>propinquitatem</span> <span class='ocrx_word' id='word_1_626' title='bbox 1246 4482 1274 4531; x_wconf 89' lang='lat' dir='ltr'>et</span> <span class='ocrx_word' id='word_1_627' title='bbox 1290 4481 1466 4543; x_wconf 79' lang='lat' dir='ltr'>amenitatem,</span> <span class='ocrx_word' id='word_1_628' title='bbox 1485 4482 1598 4542; x_wconf 76' lang='lat' dir='ltr'>quana</span> <span class='ocrx_word' id='word_1_629' title='bbox 1615 4481 1758 4544; x_wconf 73' lang='lat' dir='ltr'>prebenda·</span> 
     </span>
     <span class='ocr_line' id='line_1_49' title="bbox 106 4545 1755 4614; baseline -0.003 -13"><span class='ocrx_word' id='word_1_630' title='bbox 106 4563 150 4601; x_wconf 92' lang='lat' dir='ltr'>cns</span> <span class='ocrx_word' id='word_1_631' title='bbox 161 4549 247 4601; x_wconf 80' lang='lat' dir='ltr'>vitatis</span> <span class='ocrx_word' id='word_1_632' title='bbox 259 4548 300 4599; x_wconf 85' lang='lat' dir='ltr'>tib.</span> <span class='ocrx_word' id='word_1_633' title='bbox 318 4563 341 4598; x_wconf 88' lang='lat' dir='ltr'>rv</span> <span class='ocrx_word' id='word_1_634' title='bbox 352 4551 414 4612; x_wconf 86' lang='lat' dir='ltr'>apud</span> <span class='ocrx_word' id='word_1_635' title='bbox 428 4550 546 4613; x_wconf 82' lang='lat' dir='ltr'>cangium</span> <span class='ocrx_word' id='word_1_636' title='bbox 554 4549 579 4599; x_wconf 95' lang='lat' dir='ltr'>in</span> <span class='ocrx_word' id='word_1_637' title='bbox 587 4547 696 4597; x_wconf 87' lang='lat' dir='ltr'>Glossar.</span> <span class='ocrx_word' id='word_1_638' title='bbox 708 4547 773 4597; x_wconf 82' lang='lat' dir='ltr'>med.</span> <span class='ocrx_word' id='word_1_639' title='bbox 784 4552 808 4596; x_wconf 92' lang='lat' dir='ltr'>ct</span> <span class='ocrx_word' id='word_1_640' title='bbox 816 4546 905 4597; x_wconf 87' lang='lat' dir='ltr'>iniimae</span> <span class='ocrx_word' id='word_1_641' title='bbox 955 4563 1008 4601; x_wconf 89' lang='lat' dir='ltr'>rum</span> <span class='ocrx_word' id='word_1_642' title='bbox 1020 4550 1171 4601; x_wconf 79' lang='lat' dir='ltr'>vicinitatem</span> <span class='ocrx_word' id='word_1_643' title='bbox 1184 4549 1253 4599; x_wconf 86' lang='lat' dir='ltr'>vaide</span> <span class='ocrx_word' id='word_1_644' title='bbox 1272 4547 1439 4610; x_wconf 78' lang='lat' dir='ltr'>accommoda,</span> <span class='ocrx_word' id='word_1_645' title='bbox 1452 4545 1552 4611; x_wconf 87' lang='lat' dir='ltr'>provida</span> <span class='ocrx_word' id='word_1_646' title='bbox 1564 4549 1728 4614; x_wconf 85' lang='lat' dir='ltr'>transposuit.</span> <span class='ocrx_word' id='word_1_647' title='bbox 1745 4568 1755 4593; x_wconf 84' lang='grc' dir='ltr'>ι</span> 
     </span>
     <span class='ocr_line' id='line_1_50' title="bbox 106 4611 1580 4679; baseline -0.005 -11"><span class='ocrx_word' id='word_1_648' title='bbox 106 4617 233 4668; x_wconf 87' lang='lat' dir='ltr'>latinitat.</span> <span class='ocrx_word' id='word_1_649' title='bbox 249 4633 255 4665; x_wconf 91' lang='lat'>:</span> <span class='ocrx_word' id='word_1_650' title='bbox 273 4617 449 4665; x_wconf 82' lang='lat' dir='ltr'>«buceniaset</span> <span class='ocrx_word' id='word_1_651' title='bbox 460 4615 583 4677; x_wconf 84' lang='lat' dir='ltr'>octoginta</span> <span class='ocrx_word' id='word_1_652' title='bbox 602 4611 772 4679; x_wconf 75' lang='lat' dir='ltr'>villasiquasa</span> <span class='ocrx_word' id='word_1_653' title='bbox 784 4612 905 4664; x_wconf 89' lang='lat' dir='ltr'>manendo</span> <span class='ocrx_word' id='word_1_654' title='bbox 1405 4668 1410 4678; x_wconf 44' lang='grc'><strong>,</strong></span> <span class='ocrx_word' id='word_1_655' title='bbox 1575 4667 1580 4678; x_wconf 51' lang='grc'>,</span> 
     </span>
     <span class='ocr_line' id='line_1_51' title="bbox 105 4667 1757 4745; baseline -0.008 -11"><span class='ocrx_word' id='word_1_656' title='bbox 105 4684 227 4735; x_wconf 77' lang='lat' dir='ltr'>maeatas</span> <span class='ocrx_word' id='word_1_657' title='bbox 236 4682 308 4745; x_wconf 78' lang='lat' dir='ltr'>vulgo</span> <span class='ocrx_word' id='word_1_658' title='bbox 320 4680 443 4744; x_wconf 77' lang='lat' dir='ltr'>vocamus)</span> <span class='ocrx_word' id='word_1_659' title='bbox 463 4679 577 4731; x_wconf 81' lang='lat' dir='ltr'>obtinuit.</span> <span class='ocrx_word' id='word_1_660' title='bbox 592 4699 603 4722; x_wconf 64' lang='lat' dir='ltr'>a</span> <span class='ocrx_word' id='word_1_661' title='bbox 989 4669 1042 4735; x_wconf 86' lang='lat' dir='ltr'>(aa)</span> <span class='ocrx_word' id='word_1_662' title='bbox 1056 4671 1113 4732; x_wconf 82' lang='lat' dir='ltr'>erre</span> <span class='ocrx_word' id='word_1_663' title='bbox 1125 4671 1249 4732; x_wconf 88' lang='lat' dir='ltr'>hucusque</span> <span class='ocrx_word' id='word_1_664' title='bbox 1260 4668 1291 4719; x_wconf 90' lang='lat' dir='ltr'>de</span> <span class='ocrx_word' id='word_1_665' title='bbox 1302 4668 1375 4719; x_wconf 88' lang='lat' dir='ltr'>Olore</span> <span class='ocrx_word' id='word_1_666' title='bbox 1387 4667 1536 4745; x_wconf 76' lang='lat' dir='ltr'>dictasunt,</span> <span class='ocrx_word' id='word_1_667' title='bbox 1548 4669 1625 4719; x_wconf 87' lang='lat' dir='ltr'>ettam</span> <span class='ocrx_word' id='word_1_668' title='bbox 1645 4669 1757 4732; x_wconf 82' lang='lat' dir='ltr'>leguntur</span> 
     </span>
    </p>

    <p class='ocr_par' dir='ltr' id='par_1_4' title="bbox 104 4734 1757 4961">
     <span class='ocr_line' id='line_1_52' title="bbox 139 4734 1756 4833; baseline -0.004 -14"><span class='ocrx_word' id='word_1_669' title='bbox 139 4766 194 4833; x_wconf 86' lang='grc'>(98)</span> <span class='ocrx_word' id='word_1_670' title='bbox 207 4768 279 4818; x_wconf 83' lang='lat' dir='ltr'>iuxta</span> <span class='ocrx_word' id='word_1_671' title='bbox 291 4768 407 4825; x_wconf 83' lang='lat' dir='ltr'>stortura,</span> <span class='ocrx_word' id='word_1_672' title='bbox 422 4765 478 4815; x_wconf 90' lang='lat' dir='ltr'>olim</span> <span class='ocrx_word' id='word_1_673' title='bbox 495 4763 642 4827; x_wconf 79' lang='lat' dir='ltr'>conubium,</span> <span class='ocrx_word' id='word_1_674' title='bbox 655 4777 668 4814; x_wconf 90' lang='lat' dir='ltr'>a</span> <span class='ocrx_word' id='word_1_675' title='bbox 682 4763 791 4826; x_wconf 81' lang='lat' dir='ltr'>Remigio</span> <span class='ocrx_word' id='word_1_676' title='bbox 811 4764 905 4814; x_wconf 88' lang='lat' dir='ltr'>instau·</span> <span class='ocrx_word' id='word_1_677' title='bbox 954 4738 1017 4801; x_wconf 60' lang='lat'>²⁹⁰⁶</span> <span class='ocrx_word' id='word_1_678' title='bbox 1029 4736 1338 4828; x_wconf 48' lang='lat' dir='ltr'>ffi‘afflwssmbsens‘m</span> <span class='ocrx_word' id='word_1_679' title='bbox 1350 4734 1402 4785; x_wconf 76' lang='lat'><strong>¹⁰⁰⁰</strong></span> <span class='ocrx_word' id='word_1_680' title='bbox 1414 4735 1499 4785; x_wconf 58' lang='lat' dir='ltr'>mm·</span> <span class='ocrx_word' id='word_1_681' title='bbox 1512 4735 1651 4812; x_wconf 60' lang='lat' dir='ltr'>¹⁰⁰⁰f¹¹¹¹⁰t</span> <span class='ocrx_word' id='word_1_682' title='bbox 1660 4737 1715 4799; x_wconf 62' lang='lat'>‘¹⁰³⁸</span> <span class='ocrx_word' id='word_1_683' title='bbox 1726 4736 1756 4813; x_wconf 78' lang='lat'>,¹¹&#39;</span> 
     </span>
     <span class='ocr_line' id='line_1_53' title="bbox 104 4800 1755 4894; baseline -0.002 -10"><span class='ocrx_word' id='word_1_684' title='bbox 104 4834 373 4894; x_wconf 80' lang='lat' dir='ltr'>ratumetaiioberto</span> <span class='ocrx_word' id='word_1_685' title='bbox 396 4831 450 4894; x_wconf 83' lang='lat' dir='ltr'>ejus</span> <span class='ocrx_word' id='word_1_686' title='bbox 468 4842 608 4882; x_wconf 89' lang='lat' dir='ltr'>successore</span> <span class='ocrx_word' id='word_1_687' title='bbox 631 4832 656 4881; x_wconf 91' lang='lat' dir='ltr'>in</span> <span class='ocrx_word' id='word_1_688' title='bbox 677 4832 823 4893; x_wconf 79' lang='lat' dir='ltr'>Epireshaim</span> <span class='ocrx_word' id='word_1_689' title='bbox 838 4835 906 4880; x_wconf 89' lang='lat' dir='ltr'>tran·</span> <span class='ocrx_word' id='word_1_690' title='bbox 955 4806 1031 4881; x_wconf 53' lang='lat' dir='ltr'>alm</span> <span class='ocrx_word' id='word_1_691' title='bbox 1054 4806 1191 4864; x_wconf 58' lang='lat' dir='ltr'>melem*</span> <span class='ocrx_word' id='word_1_692' title='bbox 1213 4802 1268 4853; x_wconf 72' lang='lat'>(¹⁰⁰¹</span> <span class='ocrx_word' id='word_1_693' title='bbox 1293 4806 1395 4877; x_wconf 53' lang='lat' dir='ltr'>ulem</span> <span class='ocrx_word' id='word_1_694' title='bbox 1419 4800 1464 4851; x_wconf 68' lang='lat'>⁵¹¹¹)</span> <span class='ocrx_word' id='word_1_695' title='bbox 1492 4801 1594 4862; x_wconf 62' lang='lat' dir='ltr'>fluss‘m</span> <span class='ocrx_word' id='word_1_696' title='bbox 1622 4802 1755 4880; x_wconf 44' lang='lat' dir='ltr'>Limam?</span> 
     </span>
     <span class='ocr_line' id='line_1_54' title="bbox 108 4868 1757 4961; baseline -0.002 -38"><span class='ocrx_word' id='word_1_697' title='bbox 108 4901 208 4952; x_wconf 43' lang='lat' dir='ltr'><strong>smum·</strong></span> <span class='ocrx_word' id='word_1_698' title='bbox 222 4900 291 4951; x_wconf 59' lang='lat' dir='ltr'><strong>Unde</strong></span> <span class='ocrx_word' id='word_1_699' title='bbox 302 4900 392 4961; x_wconf 57' lang='lat' dir='ltr'>legum,</span> <span class='ocrx_word' id='word_1_700' title='bbox 404 4899 428 4949; x_wconf 65' lang='lat' dir='ltr'>in</span> <span class='ocrx_word' id='word_1_701' title='bbox 441 4899 576 4949; x_wconf 58' lang='lat' dir='ltr'>monasqco</span> <span class='ocrx_word' id='word_1_702' title='bbox 591 4898 696 4961; x_wconf 45' lang='lat' dir='ltr'>Angue„</span> <span class='ocrx_word' id='word_1_703' title='bbox 709 4901 727 4946; x_wconf 39' lang='lat' dir='ltr'>q·</span> <span class='ocrx_word' id='word_1_704' title='bbox 744 4897 828 4960; x_wconf 40' lang='lat' dir='ltr'>Lm·</span> <span class='ocrx_word' id='word_1_705' title='bbox 840 4897 903 4947; x_wconf 59' lang='lat'>3623</span> <span class='ocrx_word' id='word_1_706' title='bbox 955 4872 1051 4925; x_wconf 81' lang='lat' dir='ltr'>vivent.</span> <span class='ocrx_word' id='word_1_707' title='bbox 1067 4873 1092 4919; x_wconf 92' lang='lat' dir='ltr'>et</span> <span class='ocrx_word' id='word_1_708' title='bbox 1112 4872 1210 4918; x_wconf 89' lang='lat' dir='ltr'>narrata</span> <span class='ocrx_word' id='word_1_709' title='bbox 1233 4879 1373 4931; x_wconf 79' lang='lat' dir='ltr'>conspicere</span> <span class='ocrx_word' id='word_1_710' title='bbox 1391 4869 1506 4930; x_wconf 86' lang='lat' dir='ltr'>potnerit.</span> <span class='ocrx_word' id='word_1_711' title='bbox 1530 4868 1667 4929; x_wconf 83' lang='lat' dir='ltr'>Sequentia</span> <span class='ocrx_word' id='word_1_712' title='bbox 1689 4868 1757 4920; x_wconf 82' lang='lat' dir='ltr'>addit</span> 
     </span>
    </p>
   </div>
   <div class='ocr_carea' id='block_1_4' title="bbox 106 4937 1756 5362">
    <p class='ocr_par' dir='ltr' id='par_1_5' title="bbox 111 4937 1126 5028">
     <span class='ocr_line' id='line_1_55' title="bbox 111 4937 1126 5028; baseline -0.004 -11"><span class='ocrx_word' id='word_1_713' title='bbox 111 4969 201 5017; x_wconf 82' lang='lat' dir='ltr'>«stov</span> <span class='ocrx_word' id='word_1_714' title='bbox 211 4967 236 5017; x_wconf 92' lang='lat' dir='ltr'>in</span> <span class='ocrx_word' id='word_1_715' title='bbox 248 4979 305 5028; x_wconf 74' lang='lat' dir='ltr'>aare</span> <span class='ocrx_word' id='word_1_716' title='bbox 317 4964 480 5017; x_wconf 90' lang='lat' dir='ltr'>lincolniensi</span> <span class='ocrx_word' id='word_1_717' title='bbox 493 4964 554 5014; x_wconf 89' lang='lat' dir='ltr'>cella</span> <span class='ocrx_word' id='word_1_718' title='bbox 566 4964 597 5014; x_wconf 89' lang='lat' dir='ltr'>de</span> <span class='ocrx_word' id='word_1_719' title='bbox 609 4964 766 5026; x_wconf 82' lang='lat' dir='ltr'>Eyuesbaim.</span> <span class='ocrx_word' id='word_1_720' title='bbox 780 4985 790 5006; x_wconf 81' lang='grc' dir='ltr'>ι</span> <span class='ocrx_word' id='word_1_721' title='bbox 807 4966 837 5015; x_wconf 77' lang='lat' dir='ltr'>tat</span> <span class='ocrx_word' id='word_1_722' title='bbox 858 4965 906 5014; x_wconf 89' lang='lat' dir='ltr'>ite·</span> <span class='ocrx_word' id='word_1_723' title='bbox 957 4941 1041 4988; x_wconf 58' lang='lat' dir='ltr'>³¹¹⁰‘0f</span> <span class='ocrx_word' id='word_1_724' title='bbox 1054 4937 1126 4987; x_wconf 51' lang='grc' dir='ltr'>Μ</span> 
     </span>
    </p>

    <p class='ocr_par' dir='ltr' id='par_1_6' title="bbox 106 5030 1756 5168">
     <span class='ocr_line' id='line_1_56' title="bbox 107 5030 1756 5101; baseline 0.004 -19"><span class='ocrx_word' id='word_1_725' title='bbox 107 5045 161 5082; x_wconf 89' lang='lat' dir='ltr'>rum</span> <span class='ocrx_word' id='word_1_726' title='bbox 176 5051 181 5080; x_wconf 90' lang='lat'>:</span> <span class='ocrx_word' id='word_1_727' title='bbox 197 5033 359 5084; x_wconf 83' lang='lat' dir='ltr'>rcoenohium</span> <span class='ocrx_word' id='word_1_728' title='bbox 371 5032 545 5083; x_wconf 88' lang='lat' dir='ltr'>monachornm</span> <span class='ocrx_word' id='word_1_729' title='bbox 558 5032 621 5095; x_wconf 86' lang='lat' dir='ltr'>apud</span> <span class='ocrx_word' id='word_1_730' title='bbox 633 5033 659 5082; x_wconf 86' lang='lat' dir='ltr'>S.</span> <span class='ocrx_word' id='word_1_731' title='bbox 673 5030 773 5081; x_wconf 87' lang='lat' dir='ltr'>liariam</span> <span class='ocrx_word' id='word_1_732' title='bbox 785 5032 815 5081; x_wconf 91' lang='lat' dir='ltr'>de</span> <span class='ocrx_word' id='word_1_733' title='bbox 829 5034 905 5081; x_wconf 85' lang='lat' dir='ltr'>stow.</span> <span class='ocrx_word' id='word_1_734' title='bbox 991 5037 1061 5101; x_wconf 79' lang='lat'>(100)</span> <span class='ocrx_word' id='word_1_735' title='bbox 1074 5038 1135 5089; x_wconf 73' lang='lat' dir='ltr'>anni</span> <span class='ocrx_word' id='word_1_736' title='bbox 1151 5036 1214 5088; x_wconf 76' lang='lat' dir='ltr'>tatto</span> <span class='ocrx_word' id='word_1_737' title='bbox 1226 5048 1273 5098; x_wconf 90' lang='lat' dir='ltr'>quo</span> <span class='ocrx_word' id='word_1_738' title='bbox 1283 5036 1375 5086; x_wconf 80' lang='lat' dir='ltr'>Pascha</span> <span class='ocrx_word' id='word_1_739' title='bbox 1397 5036 1483 5087; x_wconf 87' lang='lat' dir='ltr'>incidit</span> <span class='ocrx_word' id='word_1_740' title='bbox 1501 5036 1525 5086; x_wconf 93' lang='lat' dir='ltr'>in</span> <span class='ocrx_word' id='word_1_741' title='bbox 1537 5036 1633 5088; x_wconf 84' lang='lat' dir='ltr'>Nonam</span> <span class='ocrx_word' id='word_1_742' title='bbox 1656 5037 1756 5100; x_wconf 79' lang='lat' dir='ltr'>aprilis,</span> 
     </span>
     <span class='ocr_line' id='line_1_57' title="bbox 106 5095 1324 5168; baseline -0.001 -20"><span class='ocrx_word' id='word_1_743' title='bbox 106 5098 230 5158; x_wconf 76' lang='lat' dir='ltr'>Remigius</span> <span class='ocrx_word' id='word_1_744' title='bbox 243 5099 421 5149; x_wconf 82' lang='lat' dir='ltr'>blandiniensis</span> <span class='ocrx_word' id='word_1_745' title='bbox 434 5098 562 5160; x_wconf 86' lang='lat' dir='ltr'>episcopus</span> <span class='ocrx_word' id='word_1_746' title='bbox 574 5098 603 5148; x_wconf 91' lang='lat' dir='ltr'>de</span> <span class='ocrx_word' id='word_1_747' title='bbox 615 5110 677 5147; x_wconf 92' lang='lat' dir='ltr'>novo</span> <span class='ocrx_word' id='word_1_748' title='bbox 690 5096 756 5147; x_wconf 89' lang='lat' dir='ltr'>tecit.</span> <span class='ocrx_word' id='word_1_749' title='bbox 773 5118 783 5139; x_wconf 85' lang='lat'><strong>·</strong></span> <span class='ocrx_word' id='word_1_750' title='bbox 798 5100 828 5148; x_wconf 82' lang='lat' dir='ltr'>Et</span> <span class='ocrx_word' id='word_1_751' title='bbox 840 5095 903 5160; x_wconf 85' lang='lat' dir='ltr'>apud</span> <span class='ocrx_word' id='word_1_752' title='bbox 953 5110 977 5157; x_wconf 69' lang='lat' dir='ltr'>er</span> <span class='ocrx_word' id='word_1_753' title='bbox 988 5108 1055 5168; x_wconf 73' lang='lat' dir='ltr'>nugo</span> <span class='ocrx_word' id='word_1_754' title='bbox 1068 5103 1164 5155; x_wconf 75' lang='lat' dir='ltr'>obiitin</span> <span class='ocrx_word' id='word_1_755' title='bbox 1184 5102 1324 5154; x_wconf 78' lang='lat' dir='ltr'>Novembri.</span> 
     </span>
    </p>

    <p class='ocr_par' dir='ltr' id='par_1_7' title="bbox 106 5163 903 5226">
     <span class='ocr_line' id='line_1_58' title="bbox 106 5163 903 5226; baseline -0.003 -11"><span class='ocrx_word' id='word_1_756' title='bbox 106 5163 236 5216; x_wconf 83' lang='lat' dir='ltr'>Giraldum</span> <span class='ocrx_word' id='word_1_757' title='bbox 248 5165 422 5215; x_wconf 82' lang='lat' dir='ltr'>cambrensem</span> <span class='ocrx_word' id='word_1_758' title='bbox 436 5164 528 5225; x_wconf 75' lang='lat' dir='ltr'>tegite</span> <span class='ocrx_word' id='word_1_759' title='bbox 547 5165 574 5213; x_wconf 84' lang='lat' dir='ltr'>S.</span> <span class='ocrx_word' id='word_1_760' title='bbox 590 5168 654 5225; x_wconf 89' lang='lat' dir='ltr'>part.</span> <span class='ocrx_word' id='word_1_761' title='bbox 665 5177 693 5226; x_wconf 91' lang='lat' dir='ltr'>n,</span> <span class='ocrx_word' id='word_1_762' title='bbox 703 5177 729 5226; x_wconf 87' lang='lat' dir='ltr'>p.</span> <span class='ocrx_word' id='word_1_763' title='bbox 743 5165 803 5214; x_wconf 83' lang='lat' dir='ltr'>tit.</span> <span class='ocrx_word' id='word_1_764' title='bbox 821 5181 831 5209; x_wconf 74' lang='lat' dir='ltr'>a</span> <span class='ocrx_word' id='word_1_765' title='bbox 851 5166 903 5213; x_wconf 89' lang='lat' dir='ltr'>llo·</span> 
     </span>
    </p>

    <p class='ocr_par' dir='ltr' id='par_1_8' title="bbox 106 5225 1754 5362">
     <span class='ocr_line' id='line_1_59' title="bbox 106 5225 1754 5294; baseline -0.002 -14"><span class='ocrx_word' id='word_1_766' title='bbox 106 5232 199 5281; x_wconf 91' lang='lat' dir='ltr'>nachos</span> <span class='ocrx_word' id='word_1_767' title='bbox 210 5243 305 5294; x_wconf 85' lang='lat' dir='ltr'>quoque</span> <span class='ocrx_word' id='word_1_768' title='bbox 316 5231 346 5281; x_wconf 91' lang='lat' dir='ltr'>de</span> <span class='ocrx_word' id='word_1_769' title='bbox 367 5234 448 5282; x_wconf 87' lang='lat' dir='ltr'>stava</span> <span class='ocrx_word' id='word_1_770' title='bbox 469 5242 543 5293; x_wconf 88' lang='lat' dir='ltr'>usqne</span> <span class='ocrx_word' id='word_1_771' title='bbox 566 5229 596 5280; x_wconf 90' lang='lat' dir='ltr'>ad</span> <span class='ocrx_word' id='word_1_772' title='bbox 616 5229 765 5292; x_wconf 80' lang='lat' dir='ltr'>Evneshaim</span> <span class='ocrx_word' id='word_1_773' title='bbox 787 5229 903 5280; x_wconf 86' lang='lat' dir='ltr'>laudabili</span> <span class='ocrx_word' id='word_1_774' title='bbox 988 5229 1057 5290; x_wconf 82' lang='lat' dir='ltr'>tibtl</span> <span class='ocrx_word' id='word_1_775' title='bbox 1070 5225 1270 5288; x_wconf 84' lang='lat' dir='ltr'>subintelligendi</span> <span class='ocrx_word' id='word_1_776' title='bbox 1284 5225 1324 5275; x_wconf 88' lang='lat' dir='ltr'>bie</span> <span class='ocrx_word' id='word_1_777' title='bbox 1343 5226 1444 5275; x_wconf 89' lang='lat' dir='ltr'>veniunt</span> <span class='ocrx_word' id='word_1_778' title='bbox 1456 5237 1551 5276; x_wconf 83' lang='lat' dir='ltr'>menses</span> <span class='ocrx_word' id='word_1_779' title='bbox 1562 5225 1665 5290; x_wconf 73' lang='lat' dir='ltr'>integri,</span> <span class='ocrx_word' id='word_1_780' title='bbox 1676 5226 1754 5279; x_wconf 86' lang='lat' dir='ltr'>inter·</span> 
     </span>
     <span class='ocr_line' id='line_1_60' title="bbox 107 5292 1447 5362; baseline -0.004 -15"><span class='ocrx_word' id='word_1_781' title='bbox 107 5297 305 5359; x_wconf 91' lang='lat' dir='ltr'>commutatione,</span> <span class='ocrx_word' id='word_1_782' title='bbox 319 5298 469 5349; x_wconf 83' lang='lat' dir='ltr'>ctEcelesia</span> <span class='ocrx_word' id='word_1_783' title='bbox 488 5296 652 5348; x_wconf 82' lang='lat' dir='ltr'>lincolniensi</span> <span class='ocrx_word' id='word_1_784' title='bbox 663 5302 714 5346; x_wconf 90' lang='lat' dir='ltr'>tam</span> <span class='ocrx_word' id='word_1_785' title='bbox 738 5302 837 5362; x_wconf 88' lang='lat' dir='ltr'>proptor</span> <span class='ocrx_word' id='word_1_786' title='bbox 850 5309 904 5346; x_wconf 85' lang='lat' dir='ltr'>nra-</span> <span class='ocrx_word' id='word_1_787' title='bbox 954 5296 1025 5347; x_wconf 88' lang='lat' dir='ltr'>medii</span> <span class='ocrx_word' id='word_1_788' title='bbox 1039 5296 1102 5346; x_wconf 88' lang='lat' dir='ltr'>inter·</span> <span class='ocrx_word' id='word_1_789' title='bbox 1115 5293 1221 5357; x_wconf 87' lang='lat' dir='ltr'>ltpriicm</span> <span class='ocrx_word' id='word_1_790' title='bbox 1235 5296 1259 5343; x_wconf 91' lang='lat' dir='ltr'>ct</span> <span class='ocrx_word' id='word_1_791' title='bbox 1277 5292 1447 5343; x_wconf 88' lang='lat' dir='ltr'>Novembrem.</span> 
     </span>
    </p>
   </div>
   <div class='ocr_carea' id='block_1_5' title="bbox 0 0 1878 5986">
    <p class='ocr_par' dir='ltr' id='par_1_9' title="bbox 0 0 1878 5986">
     <span class='ocr_line' id='line_1_61' title="bbox 0 0 1878 5986; baseline 0 0"><span class='ocrx_word' id='word_1_792' title='bbox 0 0 1878 5986; x_wconf 95' lang='lat' dir='ltr'> </span> 
     </span>
    </p>
   </div>
  </div>
 </body>
</html>
