3742 5986
107 185 156 239 lll
374 183 403 239 S.
428 180 612 240 DllUNONlS'
627 178 950 239 cantanetartontttt
972 178 1214 236 trtsttttttottts
1232 178 1312 236 OPP.
1336 180 1425 239 PARS
1448 182 1482 237 ll.
1700 185 1753 241 tta

104 322 163 362 rum
174 307 230 379 qui,
246 313 275 361 ut
284 307 463 378 temporalem
473 322 603 363 coronam
614 305 756 378 accipiant,
769 304 905 361 abstinent
917 310 946 369 Α
960 325 971 355 ι
989 320 1078 376 neque
1092 302 1244 359 idololatrae
1260 302 1413 360 efficiamini
1427 304 1496 360 sicut
1510 305 1620 378 quidam
1629 304 1749 378 stipsis,

105 396 141 450 ab
168 395 293 452 omnibus
308 413 368 468 quae
382 396 417 451 ad
432 396 619 466 accipiendam
638 411 764 451 coronam
783 393 901 450 120
954 419 965 444 ι
985 392 1217 467 quemadmodum
1233 393 1363 465 scriptum
1379 402 1442 449 est:
1459 394 1534 450 Sedit
1544 395 1662 467 populus
1672 411 1751 450 man·

106 500 154 542 eos
165 485 323 556 impediant.
336 483 404 554 Quia
415 501 450 540 an
462 486 579 541 nescitis
588 485 659 558 qaod
671 486 702 541 ti
711 486 758 557 pai
769 485 799 539 in
810 484 902 539 studio
954 508 965 534 ι
982 485 1081 541 ducere
1101 491 1128 539 ct
1142 482 1245 550 bibere,
1277 491 1304 539 et
1329 493 1506 541 surrexerunt
1529 484 1625 541 ludere
1640 485 1746 556 (deod.

106 579 239 642 carrum,
256 590 351 630 omnes
366 575 478 646 quidem
493 578 626 640 currunt,
643 573 692 630 sed
705 590 782 630 unca
796 573 901 644 occipit
954 597 965 623 ι
982 587 1075 629 xxxii.
1105 575 1143 644 6).
1173 573 1268 644 Neque
1297 572 1471 642 fornicemur,
1498 574 1568 630 sicut
1590 574 1751 647 quidamrcx

105 663 242 730 ὸνιιυιιιιη,
253 663 281 719 id
295 670 338 718 est
352 679 483 720 coronam
498 662 541 720 rel
556 663 696 736 praemium
707 663 825 719 cursus?
839 661 901 718 Sta·
954 685 965 715 ι
982 663 1049 734 ipsis
1064 661 1189 717 fornicati
1204 669 1266 717 sunt
1281 662 1379 732 (Num.
1406 679 1474 717 xxv.
1491 666 1528 735 l),
1544 672 1571 720 et
1591 663 1753 721 ceciderunt

105 751 179 808 dium
193 751 291 809 dicitur
302 753 421 824 spatium
435 753 610 809 ducentorum
627 760 654 808 et
668 752 763 826 viginti
783 751 902 823 quinque
954 773 965 804 ι
982 768 1036 807 nna
1050 751 1094 806 die
1110 751 1205 824 viginti
1221 752 1272 807 tria
1286 752 1379 807 millia.
1394 752 1491 825 Neque
1514 761 1647 809 tentemus
1671 754 1752 809 Chri·

103 857 244 913 passuum,
266 849 396 914 quantum
415 843 546 899 Hercules
561 858 615 898 uno
638 841 757 897 anhelitu
772 840 900 911 cucurrit,
953 863 964 889 ι
983 848 1064 907 stum,
1086 840 1154 897 sicut
1181 841 1292 912 quidam
1306 857 1401 896 eorum
1429 850 1609 910 tentaverunt,
1622 852 1649 899 et
1663 859 1679 898 a
1693 860 1754 899 ser-

105 937 132 986 et
143 947 198 987 non
214 931 376 1003 respirauit3
392 939 418 987 et
429 931 529 988 dieitur
552 931 668 987 stadium
683 931 822 997 astando,
839 930 901 1002 quia
953 952 964 978 ι
982 929 1110 1001 pentibus
1124 929 1264 1001 perierunt
1279 931 1374 1000 (Nem.
1391 946 1439 985 xxr
1453 932 1490 1002 6).
1513 932 1610 1005 Neque
1624 949 1751 988 murmu-

105 1026 191 1075 statur
213 1020 241 1075 in
265 1019 319 1075 frua
334 1037 439 1077 cursus.
462 1019 688 1093 Quandoquidem
712 1026 855 1076 currentes
874 1019 902 1073 in
954 1039 965 1069 ι
984 1019 1114 1085 retentis,
1132 1019 1201 1074 sicut
1226 1019 1336 1090 quidam
1351 1035 1446 1075 eorum
1462 1030 1707 1090 murmuraverunt,
1724 1030 1752 1078 et

105 1109 193 1165 stadio
206 1108 321 1165 sollicite
349 1109 490 1165 intendunt
504 1110 537 1164 ad
559 1109 749 1181 accipiendum
767 1109 899 1178 bravium,
954 1130 965 1155 ι
986 1107 1126 1180 perierunt
1154 1107 1188 1163 ab
1212 1108 1434 1165 exterminatore.
1458 1110 1522 1167 llaec
1545 1118 1636 1166 autem
1658 1111 1753 1166 omnia

105 1197 145 1254 sic
159 1213 226 1271 ergo
241 1198 341 1254 currite
355 1198 518 1254 abstinendo
533 1198 566 1252 ab
596 1198 722 1253 omnibus
736 1214 796 1270 quae
811 1197 900 1269 impe·
954 1197 1017 1251 rin
1046 1195 1134 1270 figura
1158 1197 1354 1271 contingebant
1374 1198 1444 1266 illis;
1460 1199 1560 1272 scripta
1582 1208 1645 1256 sunt
1660 1209 1753 1257 autem

103 1285 163 1342 dire
193 1303 242 1342 vos
268 1295 391 1358 possunt,
410 1294 438 1341 ut
459 1302 554 1342 omnes
582 1287 821 1359 comprehendatis
838 1288 901 1342 bra·
954 1308 965 1333 ιι
984 1285 1018 1341 ad
1033 1286 1231 1357 correptionem
1260 1295 1391 1355 nostram,
1408 1288 1437 1342 in
1451 1303 1520 1360 quos
1548 1287 1618 1345 fines
1633 1289 1752 1346 saeculo-

105 1374 179 1431 vium
193 1383 302 1431 aetemae
317 1375 462 1431 felicitatis.
477 1375 505 1430 Si
519 1375 591 1431 enim
606 1392 702 1432 omnes
718 1376 762 1433 hic
776 1382 901 1433 currunt
953 1397 965 1422 ι
983 1391 1043 1429 rum
1054 1375 1234 1430 devenerunt.
1251 1376 1343 1447 ltaque
1358 1376 1405 1448 qui
1420 1393 1451 1433 se
1466 1378 1600 1433 existimat
1610 1386 1695 1446 stare,
1712 1379 1753 1435 ai·

105 1463 152 1520 ubi
167 1480 242 1520 anas
257 1472 359 1518 tantum
374 1465 479 1534 occipit
494 1464 633 1532 bronium,
649 1465 734 1521 multo
758 1466 901 1522 sollicitius
954 1487 965 1512 ιι
983 1464 1046 1518 deat
1060 1480 1095 1519 ne
1110 1464 1199 1520 cadat.
1216 1465 1339 1520 Teatatio
1355 1481 1404 1521 vos
1417 1481 1471 1521 non
1487 1468 1683 1538 apprehendat,
1699 1468 1754 1524 nisi

106 1568 219 1609 currere
232 1552 348 1618 debetis,
365 1553 411 1607 ubi
426 1569 523 1609 omnes
538 1562 670 1609 aternum
685 1555 811 1610 bravium
825 1556 900 1611 acci·
956 1572 967 1603 ι
984 1553 1112 1608 bumana.
1132 1552 1231 1608 Fidelis
1246 1562 1337 1610 autem
1353 1555 1427 1610 Deus
1441 1562 1492 1622 est,
1505 1555 1552 1628 qui
1567 1572 1622 1612 non
1636 1557 1754 1628 patietur

106 1641 196 1713 pictis.
226 1642 271 1698 Sic
295 1643 387 1714 utique
415 1659 527 1698 currere
552 1643 656 1699 debetis
684 1645 845 1701 abstinendo
866 1646 902 1700 ab
918 1664 967 1735 B«
985 1657 1034 1697 vos
1064 1642 1161 1697 tentari
1189 1658 1272 1713 supra
1288 1643 1315 1697 id
1349 1643 1423 1714 quod
1446 1645 1569 1715 potestis,
1595 1646 1645 1700 sed
1673 1646 1753 1704 laciet

105 1731 178 1786 omni
193 1732 265 1803 quod
280 1747 328 1787 vos
343 1731 476 1803 impedire
489 1732 587 1803 possit.
605 1733 672 1787 Nam
689 1736 781 1790 omnis
795 1733 840 1789 ille
855 1736 903 1806 qut
956 1751 968 1782 ιι
985 1730 1064 1786 etiarn
1081 1745 1142 1786 cum
1159 1732 1306 1786 tentatione
1321 1740 1494 1803 proventum,
1511 1742 1539 1788 ut
1553 1735 1665 1805 possitis
1689 1751 1752 1790 sus-

107 1821 255 1876 conteodit
270 1822 302 1876 in
318 1837 415 1893 oporte,
436 1821 465 1876 id
480 1821 563 1876 estin
578 1822 728 1878 certamine
743 1824 904 1890 cursus,ab·
957 1839 968 1871 ι
987 1820 1084 1875 tinere.
1111 1820 1226 1891 Propter
1252 1821 1335 1892 quod,
1356 1821 1509 1877 charissimi
1531 1824 1606 1892 milri,
1622 1824 1709 1896 sugite
1718 1824 1753 1879 ab

107 1910 195 1965 stinct
209 1925 239 1965 se
253 1910 287 1965 ab
302 1911 431 1966 omnbus
444 1910 655 1981 impedientibus
670 1927 792 1967 cursam.
809 1915 843 1968 nt
857 1914 904 1968 tttt
955 1928 966 1953 ⁸
984 1907 1117 1963 idolorum
1127 1908 1242 1964 cultura.
1256 1909 1291 1964 Ut
1300 1909 1481 1980 prudentibus
1495 1910 1592 1983 loquor
1608 1930 1614 1966 :
1631 1912 1753 1984 vosipsi

105 1998 370 2071 quidemcurrentes
385 1999 412 2053 in
427 2000 515 2054 stadio
529 2000 569 2055 sio
583 2016 612 2055 se
628 1999 904 2067 abstinenqutacci.
956 1996 1100 2065 «judicate
1115 2014 1175 2068 quae
1195 1997 1267 2054 dico.
1299 1998 1376 2053 Calix
1392 1999 1589 2056 benedictionis
1599 2000 1643 2057 etti
1664 2001 1749 2057 bette-

102 2088 188 2159 pient
198 2088 411 2159 corruptibilem
423 2104 556 2145 coronam
572 2108 581 2144 .·
597 2104 647 2145 nos
661 2090 798 2160 accepturi
810 2090 904 2146 iocor·
956 2107 967 2132 ι
985 2085 1111 2152 dicimus,
1128 2102 1219 2142 nonne
1246 2089 1457 2144 communicatio
1487 2090 1630 2162 sanguinis
1654 2091 1754 2147 Christi

104 2175 279 2246 raptibilcm,
296 2175 379 2249 longe
392 2176 508 2247 amplius
530 2177 668 2234 abstinere
687 2193 737 2233 nos
760 2178 901 2244 debemus,
957 2182 1028 2230 uest
1039 2179 1050 2231 ‚⁹
1063 2175 1098 2229 Et
1112 2176 1191 2246 panis
1221 2192 1302 2247 quem
1323 2176 1476 2250 frangimus
1499 2195 1589 2235 nonne
1604 2180 1753 2252 participa-

104 2271 207 2334 quanto
219 2263 338 2335 digniori
353 2280 455 2320 corona
470 2266 716 2322 remunerabimur.
732 2268 766 2322 Et
782 2267 845 2339 qnia
860 2268 903 2322 in·
956 2285 967 2310 ι
985 2263 1022 2318 tio
1043 2263 1169 2335 corporis
1184 2265 1292 2320 Domini
1306 2266 1371 2321 est?
1386 2265 1522 2335 Quoniam
1536 2269 1710 2340 maspedis,
1726 2277 1754 2325 et

97 2360 259 2429 'corruptam
273 2368 404 2409 coronam
421 2363 558 2425 exspecto,
585 2355 669 2428 igitur
684 2371 737 2428 ego
751 2358 793 2413 sic
808 2372 901 2424 carro,

106 2443 295 2515 conquesita
310 2443 466 2499 incertum.
484 2444 531 2499 lllc
546 2444 676 2500 curritis
699 2446 842 2502 incertum
857 2445 904 2518 qui

105 2530 188 2586 modo
202 2530 284 2598 male,
300 2531 382 2587 modo
398 2532 468 2588 bene
482 2534 548 2606 agit.
566 2534 632 2590 Cum
648 2534 720 2589 enim
749 2534 818 2589 bene
834 2535 902 2607 agit,

105 2626 198 2690 sperat
209 2636 239 2675 se
262 2627 454 2691 accepturum3
472 2623 581 2694 quando
603 2639 669 2678 vero
684 2624 766 2690 male,
794 2623 902 2679 diffidit.

105 2707 224 2764 Currere
238 2708 303 2765 dicit
318 2709 388 2765 bene
402 2710 519 2782 operari,
536 2711 595 2767 sine
610 2711 806 2783 impedimento
822 2712 904 2768 illatae

957 2373 967 2403 ι
985 2368 1068 2407 ιιιιιιιιι
1083 2352 1372 2423 corpusmultisumus
1386 2371 1499 2412 :omncs
1517 2355 1618 2413 121
1643 2357 1753 2429 quidem

957 2461 969 2492 ι
986 2441 1020 2496 de
1034 2456 1088 2496 nno
1104 2457 1187 2512 pane,
1202 2449 1229 2497 et
1251 2443 1285 2498 de
1302 2459 1357 2499 uno
1371 2444 1456 2501 calice
1484 2444 1688 2517 participamus.
1705 2447 1754 2502 vi-

957 2530 1049 2586 «dete
1069 2530 1152 2586 lsrael
1178 2532 1327 2587 secundnm
1349 2548 1480 2589 carnem:
1497 2550 1588 2589 nonne
1610 2535 1656 2608 qui
1670 2536 1754 2591 edunt

957 2639 968 2669 ι
985 2618 1097 2685 hostias,
1113 2620 1260 2691 participes
1275 2628 1337 2676 sunt
1356 2622 1475 2678 altaris?
1492 2621 1563 2692 Quid
1577 2624 1671 2697 ergo?
1685 2626 1754 2682 Dioo

957 2729 968 2758 ι
985 2709 1059 2780 quod
1074 2708 1154 2764 idolis
1169 2709 1337 2765 immolatum
1352 2710 1386 2765 sit
1400 2710 1514 2783 aliquid,
1539 2720 1585 2767 aut
1599 2713 1674 2785 quod
1694 2714 1754 2771 ido·

105 2796 287 2853 tribulationis
312 2811 318 2851 :
342 2799 467 2872 Pugnare
489 2799 552 2855 dicit
575 2801 683 2872 qnando
708 2800 825 2856 infertur
853 2802 904 2856 tri·
957 2817 969 2848 ι
985 2797 1042 2851 lum
1057 2797 1090 2852 sit
1104 2797 1232 2869 aliquid?
1247 2799 1301 2854 Sed
1317 2815 1377 2871 quae
1388 2800 1529 2857 immolant
1539 2808 1646 2875 gentes,
1664 2825 1676 2851 ι
1695 2803 1755 2859 dae-

106 2884 219 2956 belutia,
231 2894 257 2941 et
271 2886 379 2943 sortiter
388 2888 497 2943 resistit.
507 2889 553 2946 Sic
562 2890 644 2944 etiam
655 2906 815 2962 popnonon
823 2891 905 2963 quusi
957 2909 968 2933 ι
985 2885 1084 2941 moniis
1099 2886 1248 2953 immolant,
1266 2895 1294 2943 et
1308 2904 1363 2944 uon
1379 2890 1437 2944 Deo
1452 2890 1547 2961 (Dect.
1561 2905 1653 2954 xxxii,
1670 2893 1725 2962 tt).
1740 2913 1753 2942 ι

106 2976 257 3032 verberans
270 2993 376 3043 cerem,
392 2985 421 3032 ut
436 2978 508 3049 quod
524 2979 593 3034 bene
608 2979 707 3048 dicam,
724 2995 807 3051 opere
821 2980 849 3033 in
860 2995 903 3034 me
959 2992 969 3026 ι
985 2974 1056 3030 Nolo
1070 2983 1160 3031 eutem
1175 2990 1224 3033 uos
1239 2976 1329 3032 socios
1343 2975 1617 3035 lieridaemoniorum.
1632 2980 1695 3036 Non
1709 2996 1756 3052 po-

104 3078 160 3118 non
189 3067 359 3135 compleam:
378 3065 423 3138 qui
450 3066 523 3121 enim
551 3067 578 3122 in
598 3083 697 3122 vanum
721 3069 804 3124 verba
827 3034 938 3135 dicit,0
957 3083 968 3114 ι
984 3065 1062 3119 testis
1077 3064 1188 3121 calicem
1213 3065 1321 3121 Domini
1349 3066 1460 3135 bibere,
1478 3075 1505 3122 el
1520 3067 1635 3124 calicem
1648 3069 1756 3125 (133ωο-

104 3165 198 3207 aerem
212 3152 301 3208 solum
317 3154 463 3211 verberare
479 3154 586 3212 dicitur.
604 3157 653 3213 Vel
668 3158 706 3212 ita
721 3175 728 3212 ι
745 3158 806 3213 Non
824 3158 905 3229 qua-st
957 3151 1092 3208 «nicrum
1118 3169 1196 3209 :nou
1209 3154 1323 3225 potestis
1343 3171 1446 3210 menam
1470 3156 1577 3212 Domini
1607 3157 1755 3230 participes

105 3255 200 3296 ocrem
210 3243 369 3309 verberans,
386 3243 412 3298 id
428 3252 470 3299 est
487 3260 543 3300 non
559 3244 658 3301 frustra
672 3245 740 3302 ictus
756 3262 905 3317 mcospro-
957 3264 967 3288 ι
985 3257 1056 3307 0⁸⁵8,
1073 3249 1100 3297 el
1115 3258 1218 3298 messsae
1231 3243 1441 3300 daem⁰ss10rttm
1458 3246 1500 3299 An
1514 3245 1672 3301 aemulamttr
1694 3248 1753 3303 Do·

99 3327 208 3398 jicicns,
226 3329 296 3387 sicut
311 3331 358 3387 ille
377 3332 423 3404 qui
436 3342 540 3405 pugnat
559 3350 631 3391 cum
659 3336 747 3403 hoste,
778 3337 923 3408 quando„
956 3330 1110 3385 uminum?
1129 3330 1755 3402 Nunquidlectioresillosumus?Omniamihi

103 3416 228 3489 projecto
242 3419 308 3487 ictu,
324 3437 380 3476 non
395 3423 480 3494 tangit
495 3423 610 3491 hostem,
637 3425 735 3480 dicitur
758 3426 905 3482 verberare
958 3441 969 3466 ι
986 3418 1077 3487 licent,
1090 3421 1138 3474 sed
1148 3436 1202 3476 1¹0n
1213 3420 1303 3476 Omnia
1313 3421 1468 3492 etpedium·
1476 3421 1575 3478 Omnia
1584 3424 1651 3478 mihi
1660 3423 1753 3492 licent·

103 3518 213 3575 aerem3
231 3509 281 3563 sed
310 3525 363 3582 ego
386 3519 532 3567 conterens
556 3514 678 3579 hostem,
705 3530 759 3569 non
788 3515 905 3570 verbero
958 3508 1105 3563 «sednon
1124 3510 1215 3564 omnia
1237 3508 1380 3566 ffldificflssi·
1407 3510 1494 3567 N⁰¹¹¹⁰
1514 3512 1587 3583 <lu⁰d
1611 3528 1690 3568 suum
1713 3519 1756 3569 ⁰⁸²

105 3610 198 3652 aerem
209 3637 216 3665 ,
228 3599 276 3653 sed
286 3601 394 3672 caatiqo
408 3616 509 3674 corpus
524 3619 628 3672 mcum,
639 3603 666 3657 id
678 3610 720 3658 est
733 3604 824 3659 carnis
840 3620 905 3660 con·
958 3616 970 3648 ι
987 3605 1098 3668 cucerat,
1116 3599 1164 3652 sed
1180 3599 1254 3670 quod
1266 3598 1388 3654 alterius.
1406 3598 1493 3655 Omne
1509 3601 1582 3672 quod
1596 3601 1624 3655 in
1637 3602 1756 3659 macello

108 3684 292 3757 cupiscentias
311 3688 462 3759 comprimo
479 3707 485 3743 ε
503 3695 530 3745 et
545 3691 581 3745 ita
609 3692 682 3762 quod
697 3707 798 3763 eorpus
812 3694 906 3765 redico
957 3707 969 3733 ¹
986 3686 1069 3753 vessit,
1086 3686 1259 3754 manducate,
1276 3687 1344 3742 nihil
1358 3688 1755 3762 inletfflgtlsslesllfflplerwtl·

105 3771 327 3842 loservttutem,
342 3775 371 3830 id
387 3784 470 3832 estut
486 3793 550 3834 caro
564 3794 619 3833 non
648 3780 735 3836 solum
750 3795 806 3836 non
821 3797 905 3853 repn-
958 3775 1139 3832 «scientiam.
1158 3797 1170 3827 ι
1188 3775 1297 3832 Domini
1326 3784 1367 3832 est
1392 3785 1474 3846 terra,
1490 3786 1518 3833 θῑ
1542 3779 1681 3850 ΡῙθῦἱῑΰᾱθ
1697 3781 1756 3850 eiu-‘¹

107 3867 183 3931 gnet,
197 3861 247 3916 sed
261 3862 342 3917 etiam
357 3864 459 3920 serviat
484 3866 599 3936 spiritui.
619 3867 682 3923 ldeo
706 3869 746 3925 sic
761 3869 865 3942 castigo
880 3878 906 3926 et
957 3886 968 3911 ι
987 3863 1074 3933 (Ptol.
1090 3879 1161 3931 m,
1180 3865 1219 3936 t).
1246 3887 1258 3916 ¹
1284 3865 1384 3938 Siquis
1397 3874 1478 3923 V0⁰³l
1492 3883 1542 3922 VOS
1555 3867 1705 3924 infidelium
1719 3870 1754 3925 td

105 3948 214 4021 redigo,
230 3952 356 4022 neforto
370 3953 509 4025 contingat
532 3955 604 4027 qnod
624 3956 786 4028 contingere
800 3967 904 4029 posset,
958 3973 969 3998 ι
987 3967 1103 4020 effluam,
1119 3961 1146 4008 el
1158 3953 1239 4009 tuliis
1254 3954 1293 4010 ist
1310 3969 1317 4009 ἰ
1333 3970 1416 4011 Omne
1429 3956 1501 4027 qnod
1510 3956 1753 4029 vobisal>l³⁰¹1il¹¹l2

106 4043 146 4103 ut,
163 4053 229 4092 enm
243 4039 312 4095 ultis
325 4041 551 4112 praedicaverim,
568 4046 628 4116 ipse
643 4045 750 4115 efficiar
772 4048 905 4118 reprobus
959 4064 970 4088 ι
987 4041 1158 4108 manducato,
1175 4042 1242 4097 nihil
1259 4043 1460 4117 interrogantes
1475 4053 1587 4117 propter
1610 4047 1756 4103 conscien-

107 4132 134 4180 ιι
148 4125 320 4183 damnabitis.
337 4129 389 4186 ttbi
404 4130 441 4185 ait
454 4147 490 4187 ne
505 4134 589 4203 sorte,
607 4133 676 4188 bene
686 4134 804 4190 ostendit
818 4135 905 4190 Deum
958 4151 970 4181 ι
987 4130 1061 4186 tiam.
1079 4129 1183 4202 Siquis
1198 4139 1289 4187 autem
1304 4132 1401 4187 dixerit
1418 4148 1424 4186 ε
1439 4134 1497 4189 lloc
1525 4133 1691 4190 immolatum
1714 4144 1756 4191 est

108 4214 148 4270 sic
163 4214 267 4287 eligere
282 4234 347 4273 suos
364 4226 394 4274 ut
409 4235 463 4275 non
492 4229 572 4294 cogat
587 4237 635 4277 eos
659 4239 666 4276 ε
691 4239 725 4278 nc
754 4222 905 4280 libertatem
958 4218 1068 4274 “idolis
1083 4234 1090 4273 :
1106 4219 1191 4274 nolite
1205 4221 1369 4276 manducare
1390 4222 1600 4294 wilielmum.
1622 4224 1756 4296 quimdi-

109 4303 216 4359 ararent
230 4305 258 4359 in
274 4308 313 4362 ets
329 4308 459 4376 destruat,
475 4310 540 4382 quin
555 4310 579 4365 si
592 4311 676 4368 velint
686 4311 784 4368 iterum
794 4314 904 4386 cauere,
960 4330 971 4355 ·
987 4308 1073 4373 cavit¹
1090 4316 1117 4363 et
1139 4316 1251 4380 propter
1264 4309 1469 4366 conscientiam·
1486 4311 1688 4368 Conscientiam
1708 4329 1757 4370 eu·

109 4391 226 4461 possint.
917 4395 945 4456 D
961 4417 972 4447 ι
991 4405 1044 4451 tem
1055 4397 1127 4466 dico,
1142 4413 1197 4452 non
1209 4404 1284 4452 tuam
1299 4397 1349 4454 sed
1364 4399 1486 4455 alterins.
1502 4401 1536 4456 Ut
1551 4400 1618 4473 quid
1632 4402 1706 4457 enim
1720 4401 1757 4457 li-

387 4468 500 4526 CAPUT
524 4470 564 4526 X·
962 4507 973 4532 ιι
992 4485 1083 4541 bertas
1097 4502 1160 4541 mea
1171 4486 1307 4555 judicatur
1322 4487 1355 4542 ab
1366 4487 1454 4543 aliena
1463 4489 1654 4546 conscientia?
1668 4491 1757 4564 Siego

149 4569 248 4626 «Nolo
262 4572 335 4628 enirn
349 4589 399 4631 vos
420 4574 558 4647 ignorare,
589 4575 698 4647 iratres,
715 4577 844 4650 quoniam
857 4594 911 4651 pa·
964 4588 1049 4629 tcum
1076 4574 1164 4645 gratia
1190 4575 1331 4648 participo,
1361 4577 1427 4649 quid
1451 4577 1628 4650 blasphemor
1645 4595 1695 4652 pro
1711 4596 1756 4645 eo.

113 4679 125 4706 ιι
140 4664 197 4713 tres
211 4660 296 4716 nostri
323 4677 419 4719 omnes
433 4665 484 4719 sub
512 4665 585 4721 nube
612 4665 730 4734 luerunt,
761 4674 788 4722 et
815 4683 911 4724 omnes
963 4663 1066 4733 equod
1085 4663 1185 4736 gratias
1209 4664 1307 4737 thit
1326 4665 1389 4722 Sive
1411 4682 1480 4740 ergo
1499 4668 1677 4735 manducatis,
1698 4668 1758 4726 Sile

114 4768 125 4793 ιι
144 4762 221 4803 mare
229 4750 405 4820 transierunt,
419 4761 446 4809 et
456 4768 553 4809 omues
566 4754 594 4809 in
605 4756 698 4826 lloyse
709 4755 835 4826 baptizati
849 4765 912 4812 sunt

116 4856 127 4881 ι
145 4834 173 4890 in
196 4837 268 4893 nube
290 4847 317 4894 et
341 4840 369 4895 in
388 4842 459 4897 mari
473 4843 574 4913 (deod.
589 4858 653 4908 nur,
669 4845 725 4914 itt).
752 4845 787 4899 Et
815 4861 912 4901 omnes

117 4945 127 4968 ι
145 4924 269 4981 eamdem
285 4944 374 4985 escam
388 4930 539 5002 spiritalem
553 4931 795 4998 manducaverunt,
807 4942 833 4989 et
852 4950 912 4990 om·

118 5026 192 5067 anes
207 5016 334 5073 eumdem
348 5027 440 5090 potum
457 5019 604 5090 spiritalem
630 5020 764 5077 biberunt.
782 5023 912 5079 Bibebant

117 5119 130 5149 ι
148 5110 237 5158 autem
253 5106 287 5162 de
302 5106 427 5178 spiritali,
452 5116 638 5182 consequente
664 5126 713 5166 eos
730 5119 816 5182 petra.
833 5113 913 5168 Petra

118 5216 130 5248 ι
153 5202 243 5251 autem
259 5204 318 5250 erat
333 5195 465 5251 Christus.
483 5198 537 5253 Sed
553 5213 607 5253 non
621 5198 649 5252 in
663 5199 789 5270 pluribus
816 5216 912 5256 eorum

119 5283 348 5356 «beneplacitum
377 5292 419 5340 est
454 5286 522 5341 Deo.
551 5286 622 5341 Nam
642 5288 770 5359 prostrati
795 5297 858 5344 sunt
885 5289 913 5344 in

119 5372 255 5428 udeserto
284 5373 379 5443 (Num.
405 5388 484 5440 xxvi,
502 5373 558 5446 ab).
587 5376 652 5432 llaec
665 5384 756 5432 autem
770 5376 799 5431 in
825 5376 914 5451 ligura

963 4751 1093 4818 «bibitis,
1110 4752 1153 4808 vel
1182 4753 1255 4809 aliud
1277 4753 1343 4827 quid
1368 4754 1467 4823 tacitis,
1492 4756 1583 4812 omnia
1597 4756 1757 4829 ingloriam

963 4863 974 4888 ι
993 4840 1042 4895 Dei
1057 4839 1138 4898 facite
1154 4841 1269 4911 (Calcat.
1285 4857 1325 4909 nr,
1338 4844 1392 4913 tr).
1407 4844 1496 4900 »Sine
1504 4843 1655 4900 offensione
1670 4854 1758 4902 estote

962 4953 974 4979 ι
993 4930 1094 4985 lndaeis
1109 4939 1135 4986 et
1149 4932 1276 5005 gentibus
1290 4940 1318 4988 et
1336 4932 1468 4989 Ecclesiae
1489 4934 1540 4988 Dei
1555 4951 1563 4988 ε
1581 4934 1650 4990 sicut
1663 4942 1690 4990 et
1704 4950 1759 5009 ego

966 5020 1151 5090 1per0mnia
1177 5022 1304 5076 omnibus
1318 5021 1426 5094 placeo,
1455 5034 1509 5078 non
1531 5039 1657 5095 quaereas
1684 5023 1759 5095 qnod

965 5131 976 5155 ι
993 5108 1059 5163 mihi
1085 5109 1149 5165 utile
1169 5119 1219 5178 est,
1240 5111 1288 5166 sed
1316 5111 1391 5183 quod
1405 5111 1509 5180 multis,
1525 5120 1553 5168 ut
1567 5112 1637 5168 salvi
1651 5110 1728 5169 liant.
1744 5137 1757 5162 ιι

1304 5269 1457 5312 tttteostrto.

999 5379 1068 5449 Quia
1079 5379 1179 5436 Paulus
1189 5381 1318 5438 dixerat:
1336 5384 1446 5456 Custipo
1456 5399 1672 5458 corparmrum,
1688 5392 1755 5453 etc,

120 5459 218 5517 «iacta
240 5470 302 5516 suat
330 5461 425 5528 nostri,
448 5469 476 5517 ut
503 5463 661 5519 nausimus
690 5465 914 5537 concupiscentes
962 5483 998 5525 ne
1012 5471 1072 5541 ipse
1099 5471 1358 5543 reprobarentur,
1388 5472 1423 5528 ad
1439 5473 1491 5529 hoc
1518 5473 1758 5546 diceretaliquis:

120 5569 132 5597 ιι
149 5549 299 5615 malorum·
312 5548 381 5606 sicut
395 5558 422 5607 et
435 5549 475 5606 illi
497 5552 692 5624 concupierunt
706 5554 793 5626 (Psot.
810 5571 855 5625 cv,
868 5558 913 5628 tt)
963 5555 1052 5626 Quare
1066 5564 1208 5630 tantopere
1222 5559 1341 5631 laboras,
1358 5576 1393 5617 ne
1415 5561 1592 5633 reprobunt
1605 5562 1669 5620 Non
1680 5561 1756 5621 enim
