3742 5986
68 198 104 250 as
297 173 303 178 ’
391 187 580 247 uxrosrrro
600 189 637 244 ru
655 186 843 260 srrsroms
863 183 977 243 rium.
1002 216 1036 225 -
1056 185 1093 242 ru
1111 183 1219 242 arrsr.
1240 182 1287 241 tu
1307 182 1392 242 sou.
1679 186 1714 240 ar

68 327 161 374 autom
176 317 294 389 probare
317 314 410 388 incipit
432 314 499 370 nibil
521 314 654 386 prodesse
674 312 778 379 iudan,
794 310 868 384 quod
878 316 906 376 Α
920 309 1097 382 sacrilegium
1123 309 1193 366 enim
1218 317 1259 365 est
1282 317 1435 366 creaturam
1458 308 1531 381 quod
1560 308 1719 364 naturaliter

68 406 182 462 ludaeus
196 405 285 462 dictus
300 412 342 460 est
356 403 402 476 qui
416 403 506 476 legem
530 411 556 458 et
572 400 805 459 circumcisionem
820 401 872 455 ha·
921 399 1045 454 Creatori
1070 398 1152 454 debet
1179 414 1294 472 negare,
1322 398 1424 454 cultum
1452 396 1557 454 scilicet
1585 399 1653 453 Deo.
1678 398 1718 454 'lu

70 495 139 561 buit,
165 494 218 549 nisi
239 510 309 565 opus
333 493 402 564 legis
421 500 448 547 et
470 490 686 548 circumcisionis
709 489 871 562 impleverit,
922 487 1002 542 etiam
1018 488 1066 559 qui
1080 487 1212 557 gloriaris
1222 488 1253 542 iu
1269 487 1338 558 lcpc,
1349 486 1377 541 id
1387 494 1429 542 est
1444 487 1489 558 qui
1497 487 1585 556 jactas
1596 493 1622 541 te
1633 485 1721 542 solum

70 583 168 640 dicens
185 601 192 638 ε
209 581 326 639 Gentilis
341 581 431 653 legem
442 580 593 636 naturalem
608 579 711 643 hahuit,
728 587 755 633 tu
769 585 871 644 autern,
922 575 1011 646 legem
1026 574 1167 641 habuisse,
1185 591 1270 646 quare
1285 575 1439 632 inhonorus
1449 577 1538 632 Deum
1546 592 1598 648 per
1611 591 1722 648 proeun·
1805 585 1809 592 ’

70 672 178 735 Judaec,
194 678 221 726 ει
236 669 389 725 naturalem
404 678 430 725 et
444 668 574 739 scriptam
588 668 679 741 legem
694 665 817 722 habuisti.
923 664 1092 720 ricutiorreru
1108 664 1198 736 legis?
1213 663 1389 719 Praevarioari
1405 663 1504 737 inlege
1516 671 1621 720 estnon
1632 663 1723 721 iacere

110 758 347 816 Considerandum
370 765 413 814 est
434 757 508 828 quod
530 756 565 811 de
588 756 682 812 ludaeo
700 761 727 811 et
746 753 874 829 gentibus
924 767 985 824 quae
1004 750 1128 809 iacienda
1142 751 1275 823 praecipit,
1293 760 1319 807 et
1331 752 1422 808 tacere
1437 768 1497 823 quae
1507 750 1566 808 lieri
1576 752 1723 809 interdicit.

72 848 225 905 secuudum
239 847 362 919 priorem
377 853 477 901 statum
492 852 556 916 agat
574 842 745 916 Apostolus:
764 845 812 911 Tu,
830 841 875 897 in·
922 839 1009 895 ludaei
1028 847 1120 895 autem
1138 840 1293 896 deserendo
1313 840 1415 913 legem,
1440 840 1566 897 iaciendo
1584 841 1724 897 contraria

73 952 168 1010 quam,
192 936 402 1008 cognominaris
417 932 540 998 ludoeus,
562 931 588 987 id
611 939 652 987 cst
667 931 720 987 hoc
733 929 875 1002 dignitatis
924 927 989 1001 lagi,
1007 929 1094 984 Deum
1121 928 1333 996 inhonorabant,
1359 937 1489 1001 quantum
1510 929 1545 985 ad
1566 929 1723 1001 opinionem

72 1039 230 1098 cognomen
246 1023 343 1093 habes,
355 1021 428 1094 quod
441 1020 552 1077 ludaeus
565 1019 676 1076 diceris.
693 1022 762 1075 hnte
776 1018 876 1074 ludam
924 1016 1075 1083 hominurn,
1092 1016 1160 1072 nihil
1175 1025 1265 1073 ιειεεε
1281 1016 1376 1090 gloriae
1397 1017 1455 1086 ejus
1469 1016 1653 1074 detrahentes.
1670 1019 1723 1075 Ve-

74 1113 265 1169 liachabaeum
278 1111 317 1167 illi
327 1110 416 1167 solum
430 1110 465 1166 dc
479 1109 552 1164 tribu
566 1107 731 1163 Judaludaei
742 1107 876 1163 voeabau·
925 1106 1067 1171 rebeum,
1085 1104 1113 1159 in
1135 1112 1264 1177 quantum
1288 1105 1367 1161 vohis
1382 1113 1433 1172 est,
1458 1105 1634 1173 inhonoratis,
1657 1108 1723 1180 puin

74 1209 131 1270 tur,
148 1201 234 1257 lsrael
248 1207 338 1256 autern
353 1214 449 1255 omnes
464 1197 632 1263 dicebantur,
643 1195 692 1251 sed
705 1212 721 1250 a
734 1195 804 1251 luda
819 1197 876 1251 hla-
925 1209 1029 1250 nomeu
1044 1193 1094 1249 lici
1108 1192 1322 1266 blasphematur
1336 1210 1440 1266 paruos
1450 1195 1643 1266 iuterpcutcs.
1655 1194 1724 1251 Cum

75 1286 201 1351 enabaro,
224 1293 338 1356 propter
360 1284 523 1356 probitatem
547 1283 605 1352 ejus
627 1281 691 1337 dicti
704 1289 767 1336 sunt
780 1296 877 1336 ornnes
927 1281 999 1336 enim
1014 1289 1112 1353 gentes
1126 1280 1236 1337 videant
1250 1297 1299 1337 vos
1315 1282 1452 1338 contraria
1466 1281 1521 1354 legi
1536 1281 1635 1350 iacere,
1648 1282 1726 1354 justi·

75 1374 176 1430 tudaei.
207 1372 344 1441 Concedo,
375 1372 413 1427 ait
433 1372 540 1437 Paulus,
564 1377 590 1427 te
616 1368 805 1441 cognominari
827 1370 877 1424 lu·
926 1370 991 1424 tiam
1006 1369 1057 1425 liei
1080 1368 1237 1441 profanare,
1261 1370 1329 1426 cibis
1351 1370 1492 1442 gentilium
1510 1371 1722 1440 communicare,

77 1464 179 1532 daeum,
195 1462 259 1536 quia
273 1469 301 1517 tu
317 1461 466 1534 requiescis
480 1461 513 1515 in
529 1460 596 1531 lcpc.
613 1458 680 1514 hliae
694 1458 767 1514 enirn
782 1465 879 1530 gentes
926 1465 953 1514 et
967 1456 1075 1524 similia,
1093 1457 1185 1514 dicunt
1200 1465 1226 1514 ει
1241 1466 1334 1530 ρειεει
1349 1458 1437 1515 Deum
1452 1459 1492 1515 sic
1506 1474 1555 1515 vos
1565 1459 1722 1528 instituisse,

78 1567 204 1607 emouere
219 1557 291 1615 sunt,
303 1565 358 1605 uon
372 1548 504 1604 habentes
519 1548 681 1604 documenta
694 1546 771 1614 vitae3
787 1546 837 1602 sed
851 1553 879 1600 tu
927 1561 979 1602 nec
993 1546 1058 1601 satis
1072 1546 1187 1617 provide
1202 1545 1268 1602 tales
1277 1546 1361 1603 cultui
1370 1563 1420 1603 suo
1430 1547 1577 1620 delegisse.
1589 1549 1646 1605 lloc
1655 1549 1725 1604 Eze·
1816 1583 1818 1586 >

79 1640 201 1712 quietern
214 1638 300 1693 hahes
313 1637 341 1692 in
354 1637 467 1694 scientia
481 1635 560 1707 legis,
577 1639 606 1690 et
619 1636 752 1707 plurimis
765 1636 797 1690 iu
814 1635 876 1702 beo,
887 1668 915 1729 B
928 1634 999 1691 chicl
1015 1633 1092 1701 dixit,
1108 1634 1172 1690 licet
1186 1634 1249 1691 aliis
1263 1635 1366 1702 verbis,
1381 1636 1416 1692 de
1430 1635 1529 1692 Judaeis
1545 1636 1615 1692 inter
1628 1644 1726 1710 gentes
1824 1669 1825 1672 =

79 1728 146 1800 quia
160 1729 186 1782 in
199 1725 285 1782 lsrael
297 1733 401 1781 tantum
410 1724 507 1780 dicitur
517 1731 598 1779 notua
607 1724 681 1778 Deus
691 1724 777 1791 (Paul.
790 1736 877 1789 cxxv,
930 1722 1072 1794 dispersis,
1090 1723 1293 1779 transeuntibus
1307 1723 1343 1779 ad
1355 1723 1545 1781 idololatriam.
1561 1725 1640 1782 Unde
1654 1726 1726 1781 Pau·

80 1817 114 1887 ι).
129 1815 196 1871 aba
219 1821 317 1888 gentes
342 1813 420 1886 quasi
438 1814 497 1868 sine
518 1812 577 1868 Deo
600 1819 671 1878 sunt,
696 1811 768 1867 unde
790 1818 816 1867 te
833 1811 879 1879 ja·
929 1810 1024 1867 iussio
1039 1810 1076 1866 ait
1093 1826 1099 1866 :
1117 1811 1175 1868 Hoc
1202 1811 1274 1884 quod
1298 1811 1360 1868 dico
1374 1813 1462 1868 Deum
1477 1812 1662 1885 blasphemari
1675 1830 1727 1886 per

80 1903 183 1961 ειεεεο
198 1901 332 1976 gloriaris.
358 1902 437 1959 Nosti
450 1904 480 1956 ct
498 1901 676 1957 uoluntatem
691 1901 760 1971 ejus,
777 1898 881 1955 scilicet
926 1916 988 1974 tvos,
1002 1900 1073 1955 inter
1087 1908 1183 1974 gentes
1198 1900 1573 1971 dico,sicutscriptumest,·
1588 1902 1727 1975 Scriptura

80 1992 143 2060 Dei,
160 1990 225 2064 quid
239 1989 296 2047 heri
311 1989 413 2047 scilicet
427 1989 502 2055 velit,
519 1988 584 2061 qnid
598 2002 663 2043 non.
679 1989 760 2055 Etru,
777 1986 880 2042 instrn-
930 1989 1002 2045 enim
1016 1988 1044 2044 in
1058 1990 1111 2046 hac
1121 2005 1150 2044 re
1164 1988 1347 2045 testimonium
1357 1989 1491 2061 perhibet.
1502 1991 1536 2046 lit
1547 1989 1608 2063 quia
1617 2006 1727 2064 pracva-

79 2089 140 2138 ctus
154 2096 206 2153 pcr
225 2079 322 2152 legem,
346 2079 445 2151 probus
467 2078 595 2142 utiliora,
622 2075 650 2131 id
664 2083 706 2132 est
720 2075 755 2130 de
771 2074 881 2130 utilibus
931 2077 1028 2133 ricatus
1043 2093 1074 2133 es
1087 2078 1115 2133 in
1130 2078 1204 2149 lege,
1219 2077 1281 2133 ideo
1297 2080 1474 2135 circumcisio
1486 2082 1536 2135 tua
1553 2080 1727 2153 preputium

80 2168 153 2242 legis
162 2167 271 2224 utiliora
281 2166 435 2223 εἰεεεεεεεε
444 2165 525 2221 εοειί.
534 2164 658 2235 Confidis
668 2166 749 2219 etiam
760 2165 882 2236 teipsum
930 2169 1010 2238 tuctu
1025 2170 1079 2234 est,
1094 2166 1122 2221 id
1138 2173 1249 2222 estnon
1264 2166 1405 2238 plusvalet
1416 2175 1442 2223 ιε
1452 2181 1514 2223 esse
1527 2166 1727 2238 circumcisum,

82 2274 144 2315 cssc
158 2258 259 2313 ducem
273 2271 411 2313 cecorum
426 2254 589 2327 gentilium;
606 2253 670 2326 quia
680 2253 703 2308 si
714 2252 761 2325 qui
770 2252 805 2307 de
814 2267 882 2326 gen·
932 2270 1012 2326 quam
1027 2253 1161 2328 gentilem
1189 2255 1387 2326 praeputiatum.
1411 2254 1487 2312 Sicut
1510 2255 1636 2328 superius
1649 2272 1728 2314 asse·

83 2345 176 2401 lilibus
191 2345 220 2400 in
243 2343 413 2400 Judaismum
436 2342 552 2399 transire
575 2341 719 2408 voluerint,
736 2340 819 2397 doces
834 2354 883 2396 eos
932 2343 986 2399 ruit
999 2342 1067 2398 nihil
1090 2343 1225 2415 prodesse
1248 2343 1322 2415 quod
1347 2343 1455 2399 ludaeus
1469 2353 1623 2411 vocaretur,
1639 2345 1730 2418 quod·

83 2436 234 2491 ohservare
246 2433 394 2490 Sabbatum
411 2439 437 2489 et
452 2439 553 2490 caetera
564 2430 644 2501 legis,
661 2430 820 2486 cumadhuc
835 2444 883 2484 ne·
932 2448 985 2504 quo
999 2430 1090 2502 legem
1109 2431 1240 2500 haberet;
1255 2430 1293 2487 ita
1306 2431 1406 2503 probat
1419 2430 1464 2489 hic
1484 2431 1550 2488 nihil
1565 2432 1656 2490 valere
1672 2434 1730 2491 cir-

83 2524 205 2581 scientes
229 2522 296 2595 quid
319 2523 377 2578 brac
399 2518 554 2596 significant
576 2519 642 2578 caeci
666 2519 730 2575 sint.
762 2516 883 2574 Confidis
933 2519 1129 2576 cumcisionem
1142 2519 1190 2587 illi,
1212 2519 1259 2592 qui
1272 2519 1488 2577 circumcisionis
1502 2521 1660 2593 mysterium
1674 2537 1730 2579 εοε

86 2613 170 2669 etiam
185 2619 212 2667 te
226 2626 289 2667 esse
313 2611 411 2668 lumen
431 2625 529 2668 conum
546 2609 595 2682 qui
607 2609 639 2663 iu
656 2607 779 2664 tenebris
792 2601 883 2674 sunt;
932 2608 1095 2680 impleverit.
1113 2607 1163 2664 llla
1178 2608 1251 2664 enirn
1265 2608 1399 2665 abscissio
1413 2609 1504 2666 carnis
1518 2609 1656 2684 significat
1669 2626 1731 2668 car·

85 2717 150 2758 cum
165 2700 239 2757 enirn
253 2699 292 2755 illi
306 2697 509 2755 observaverint
524 2695 682 2763 Sabbatum,
698 2695 788 2751 adhuc
801 2694 884 2766 iguo·
933 2697 1022 2753 nalem
1045 2696 1261 2769 generationem,
1286 2713 1347 2770 quae
1370 2696 1398 2752 iu
1421 2699 1541 2770 peccatis
1560 2707 1613 2767 est,
1628 2700 1731 2759 debere

86 2797 181 2846 rantes
207 2787 369 2859 mysterium
391 2785 514 2853 sabbati,
538 2784 675 2841 illuminas
698 2798 746 2840 εοε
761 2782 885 2840 docendo
933 2785 1066 2853 abscindi,
1082 2793 1110 2841 ει
1129 2784 1298 2858 spiritualem
1319 2786 1527 2858 generationem
1551 2788 1650 2846 exinde
1668 2803 1731 2847 essa

86 2877 154 2950 quid
167 2878 228 2934 haec
246 2874 408 2949 significent,
430 2883 458 2932 ει
472 2874 507 2930 ad
531 2874 596 2947 quid
619 2872 735 2935 valeant,
756 2880 782 2929 et
797 2872 837 2929 sic
851 2871 885 2927 de
934 2874 1091 2930 tenendam.

86 2966 210 3022 tenebris
232 2964 391 3040 ignorantiae
415 2962 518 3021 educis.
541 2961 662 3018 Confidis
685 2961 763 3018 etiam
784 2968 809 3017 ιε
824 2976 885 3016 εεεε
971 2963 1081 3019 Diceret
1099 2962 1232 3020 ludaeus:
1256 2962 1285 3020 Si
1306 2963 1476 3022 circumcisio
1499 2964 1535 3021 sit
1558 2966 1730 3038 praeputium,

86 3054 260 3111 eruditorem
272 3053 470 3126 insipientium
490 3051 666 3118 ludaeorum;
682 3049 782 3122 quiesi
797 3049 843 3122 qui
858 3049 885 3104 iu
900 3028 987 3123 Cpro
1001 3052 1085 3108 nihilo
1113 3053 1175 3108 data
1199 3060 1250 3119 est,
1267 3068 1330 3109 cum
1356 3069 1411 3109 εοε
1432 3053 1533 3125 prosit.
1561 3054 1659 3111 Contra
1678 3057 1732 3114 hoc

86 3143 151 3215 lege
163 3142 323 3214 insipientes
337 3141 400 3208 sint,
416 3141 501 3197 doces
516 3155 564 3196 eos
578 3156 640 3196 esse
655 3140 801 3210 sapientes.
818 3139 884 3194 Con·
936 3140 1035 3196 Paulus
1050 3158 1057 3195 :
1075 3140 1375 3214 Circumcisr'opultlcm
1383 3143 1496 3216 prodest
1506 3163 1516 3212 ,·
1526 3144 1551 3199 si
1561 3144 1684 3202 obseruas
1695 3146 1733 3203 lc·

89 3231 153 3286 fidis
177 3230 261 3287 etiam
278 3239 304 3286 ιε
320 3245 382 3287 esse
395 3231 566 3302 magistrum
589 3230 769 3300 insontium,-
783 3227 847 3299 quia
862 3226 886 3281 si
935 3245 997 3301 pam
1012 3228 1236 3297 circumcisionis,
1254 3228 1281 3285 id
1296 3237 1338 3286 est
1357 3230 1389 3297 si,
1410 3231 1546 3303 quomodo
1560 3231 1732 3291 circumcisio

88 3320 156 3393 quid
170 3319 309 3392 simplices
330 3334 381 3375 uec
395 3317 446 3374 iari
460 3317 495 3373 de
510 3317 572 3389 lege
588 3316 723 3383 noverint,
739 3316 823 3372 doces
838 3330 886 3372 eos
936 3318 1035 3390 signat,
1060 3317 1152 3373 omnia
1166 3318 1229 3374 vitia
1243 3333 1260 3373 a
1275 3326 1301 3375 ιε
1316 3319 1508 3390 circumcidas,
1532 3321 1646 3391 prodest
1669 3322 1733 3394 qui-

90 3408 230 3479 disputare
240 3407 275 3463 dc
289 3406 365 3480 lege,
376 3414 401 3462 te
412 3405 493 3461 etiam
505 3406 654 3462 habentem
664 3407 787 3476 formum
800 3404 888 3460 scieu-
937 3406 1010 3472 dern,
1027 3406 1169 3461 observata
1190 3405 1267 3478 lege;
1283 3407 1343 3474 sed,
1359 3406 1383 3462 si
1402 3407 1440 3462 sis
1454 3409 1649 3478 praevaricator
1662 3410 1733 3483 legis

91 3500 150 3564 tioe,
163 3496 226 3570 quia
240 3495 263 3551 si
282 3495 344 3568 quis
366 3495 431 3551 velit
450 3494 626 3551 considerare
648 3493 682 3549 de
702 3492 764 3565 lege
787 3498 887 3564 quanta
938 3493 1165 3564 circumcisionis,
1191 3510 1246 3550 non
1270 3494 1456 3551 abscindendo
1476 3495 1541 3552 vitia
1561 3498 1662 3564 cordis,
1678 3499 1734 3554 cir-

91 3585 135 3652 sit,
152 3585 221 3641 sciat
235 3599 296 3640 eam
315 3590 417 3638 tantam
438 3598 509 3649 esse,
536 3589 637 3654 quanta
656 3580 769 3638 scientia
792 3588 837 3635 tua
860 3579 888 3635 iu
938 3582 1068 3640 cumcisio
1083 3591 1127 3638 tua
1142 3582 1181 3638 sic
1194 3582 1266 3640 tacta
1281 3590 1323 3639 εει
1337 3584 1509 3655 preputium,
1527 3585 1554 3640 id
1569 3594 1678 3642 estnon
1694 3596 1735 3644 est

90 3690 123 3729 ea
139 3680 200 3740 εει;
215 3673 361 3728 habentem
375 3671 455 3726 otiam
475 3670 589 3726 sormam
609 3669 738 3726 ueritatis
762 3669 793 3724 in
819 3669 886 3740 lega,
938 3672 1030 3727 utilior
1053 3672 1101 3727 tibi
1127 3688 1206 3744 quam
1233 3672 1397 3743 praeputium
1418 3672 1524 3744 gentili.
1556 3673 1734 3734 circumcisio

91 3762 158 3835 quia
183 3769 210 3817 ει
233 3760 345 3818 scientia
372 3759 451 3832 legis,
483 3767 508 3814 ει
529 3774 706 3831 quaecumque
730 3757 809 3813 docet
823 3771 889 3812 vera
939 3760 1040 3816 dicitur
1064 3760 1125 3831 ipsa
1153 3760 1285 3816 munditia
1313 3761 1414 3817 carnis.
1440 3762 1612 3834 Praeputium,
1638 3764 1667 3819 id
1692 3772 1734 3822 est

91 3867 155 3905 esse
169 3848 250 3905 nosti.
267 3849 413 3904 Possumus
428 3847 499 3904 enim
514 3846 615 3902 habere
631 3845 771 3902 scientiam
786 3843 887 3912 Ovidii,
939 3864 1005 3905 earo
1034 3865 1094 3920 qum
1122 3850 1318 3921 amputabatur,
1346 3850 1445 3906 dicitur
1467 3850 1526 3922 ipsa
1548 3851 1735 3922 immunditia,

90 3953 145 3995 nec
159 3946 248 3994 tamen
262 3953 325 3994 vcra
339 3952 401 3993 esse
415 3936 526 4002 scimus,
544 3951 605 4007 quae
618 3934 655 3990 ibi
670 3941 777 3989 narrata
791 3931 889 3989 intelli·
940 3937 1003 4009 quia
1024 3952 1088 3994 caro
1111 3937 1171 4009 ipsa
1192 3936 1392 3994 reclinatorium
1413 3938 1447 3993 sit
1464 3939 1595 3996 libidinis.
1619 3942 1654 3996 Et
1672 3942 1736 4016 quia

92 4028 194 4101 gimus.
211 4027 297 4098 Ergo,
315 4025 442 4097 quoniam
466 4024 576 4097 quidem
590 4024 644 4079 dux
659 4039 690 4079 es
704 4038 849 4089 caecorum,
863 4029 890 4078 ει
940 4026 1113 4082 circumcisio
1139 4026 1200 4098 lege
1230 4026 1447 4083 circumcisionis
1475 4043 1529 4083 non
1550 4029 1694 4086 observata
1708 4029 1738 4086 fit

91 4117 127 4171 da
142 4114 266 4171 doctmna
289 4113 360 4188 legis
387 4113 543 4169 illuminans
568 4128 617 4168 eos
633 4130 640 4167 :
657 4114 696 4168 Tu
723 4113 771 4184 qui
798 4111 890 4167 alium
939 4113 1111 4185 praeputium,
1131 4113 1213 4187 igitur
1235 4114 1407 4186 praeputium,
1427 4116 1449 4170 si
1467 4115 1585 4184 justitias
1599 4117 1670 4192 legis
1684 4119 1737 4176 cir·

92 4205 183 4271 doces,
210 4218 297 4277 guare
318 4219 376 4259 nun
399 4203 478 4259 doces
503 4203 647 4273 teipsum?
662 4199 706 4256 Sic
722 4215 784 4256 cum
805 4200 890 4255 debes
941 4202 1115 4258 cumcisionis
1138 4203 1282 4270 custodiat,
1302 4201 1349 4259 liet
1362 4203 1542 4261 circumcisio.
1567 4205 1622 4261 Sed
1636 4222 1670 4262 εε
1684 4207 1737 4264 ali-

93 4308 145 4363 per
157 4290 256 4362 legem
268 4289 413 4362 prolicere,
427 4288 578 4359 rejiciendo
592 4304 661 4360 opus
676 4287 756 4361 legis,
773 4287 891 4359 amplius
941 4290 1003 4362 quis
1016 4291 1117 4346 audeat
1136 4291 1339 4358 contradicere,
1363 4292 1437 4363 ponit
1451 4292 1502 4347 sub
1516 4293 1737 4367 interrogatione,

94 4396 160 4435 reus
175 4395 237 4435 esse
260 4379 442 4436 convinceris.
467 4378 507 4433 Tu
521 4378 602 4433 etiam
617 4377 665 4450 qui
677 4377 815 4450 praedicas
830 4383 925 4444 noun
941 4378 1036 4435 dicens
1052 4397 1059 4434 τ
1075 4379 1106 4435 Si
1112 4381 1295 4452 preputium,
1305 4379 1333 4437 id
1341 4388 1381 4437 est
1391 4381 1500 4452 gentilis
1512 4382 1606 4453 (quern
1615 4392 1644 4440 tu
1652 4384 1738 4456 ipsam

94 4467 265 4541 furandum,
276 4483 361 4540 quare
371 4466 676 4540 suroristFurahantur
685 4465 755 4520 inter
766 4481 795 4521 se
804 4465 892 4522 ludaei
942 4467 1141 4524 immunditiam
1166 4468 1285 4538 judicas,
1315 4477 1342 4525 te
1373 4477 1464 4525 autem
1491 4470 1736 4544 circumcisionem,

95 4574 217 4614 resenas
231 4558 408 4630 plerumque;
425 4557 498 4629 quod
512 4565 604 4612 autern
623 4555 744 4611 deterius
758 4563 808 4623 est,
824 4554 894 4612 iura·
942 4557 969 4611 id
984 4565 1026 4613 est
1053 4557 1141 4628 ipsam
1169 4557 1350 4628 munditiam),
1379 4557 1411 4625 si,
1432 4557 1552 4630 inquam,
1574 4561 1738 4633 praeputium

96 4648 196 4702 bantur
210 4663 304 4702 sanum
320 4645 483 4703 intellectum
499 4646 533 4701 de
548 4645 620 4719 lege.
636 4644 676 4699 Tu
687 4644 779 4714 etiam,
793 4645 841 4718 qui
851 4645 894 4701 tii·
943 4646 1085 4702 custodint
1093 4647 1226 4718 justitior
1252 4647 1321 4717 lepis
1337 4645 1560 4715 circumcisionis,
1586 4651 1658 4721 quod
1674 4650 1740 4708 vitia

97 4739 207 4794 cisano
217 4735 492 4803 csscmoechundum,
503 4733 895 4807 qnaremoechcris‘ihlaecha·
943 4733 1033 4790 cordis
1046 4733 1197 4804 abscindat,
1214 4733 1295 4790 etiam
1310 4749 1394 4791 carne
1410 4751 1465 4792 non
1480 4744 1627 4809 amputata,
1642 4755 1738 4798 nouus

98 4827 197 4880 bantur
217 4824 252 4879 ad
274 4823 404 4892 litteram,
429 4823 634 4879 moechabantur
657 4823 739 4879 etiam
763 4820 894 4877 adulteri·
943 4823 1116 4895 praeputium
1129 4823 1210 4879 illius
1226 4823 1402 4879 custodientis
1416 4824 1505 4897 legem
1522 4824 1740 4886 circumcisionis

98 4929 165 4969 uum
178 4912 344 4970 intellectum
359 4920 491 4984 ponentes
505 4912 534 4967 in
549 4911 621 4984 lege,
637 4919 784 4983 postquam
797 4926 894 4966 sanum
943 4912 1124 4984 reputabitur
1146 4911 1179 4966 irs
1200 4913 1456 4980 circumcisionem,
1472 4912 1500 4969 id
1516 4922 1558 4969 est
1570 4930 1576 4970 :
1589 4931 1680 4973 εοεεε
1700 4918 1740 4975 sic

98 5018 211 5058 sensum
226 5001 296 5074 legis
311 5000 392 5057 iurati
405 5000 502 5057 iuerat.
514 5000 554 5055 Tu
563 4999 653 5067 etiarn,
665 5000 714 5073 qui
723 4999 895 5056 abominaris
944 4999 1064 5072 proderit
1078 4999 1117 5054 illi
1130 5001 1361 5072 quemadmodum
1371 5001 1543 5059 circumcisio
1553 5003 1596 5060 lex
1606 5007 1741 5064 custodita

99 5090 187 5157 idolo,
202 5090 230 5145 id
250 5098 291 5146 εει
312 5088 358 5162 qui
376 5088 502 5164 gentiles,
518 5088 639 5146 colentes
654 5087 735 5157 idola,
756 5087 832 5145 18
844 5102 895 5144 nec
944 5087 1177 5156 circumcisionis;
1198 5096 1225 5144 et
1239 5104 1329 5145 εοεεε
1342 5089 1503 5162 praeputium
1523 5093 1595 5164 quod
1615 5102 1655 5150 εει
1669 5111 1739 5152 corr·

98 5179 223 5236 homines
246 5179 385 5236 vocandos
408 5194 469 5234 esse
480 5177 596 5248 judicas,
614 5192 699 5250 quare
713 5177 896 5247 sacrilegium
944 5193 1101 5246 summoue,
1119 5177 1146 5232 id
1161 5184 1202 5233 est
1216 5177 1343 5249 implens,
1361 5179 1450 5250 lepcm
1471 5179 1694 5253 circumcisionis,
1711 5186 1741 5239 ct

97 5270 182 5340 [ocia
198 5267 227 5324 id
242 5275 283 5323 est
299 5284 307 5323 :
323 5276 350 5323 ιε
364 5266 424 5338 ipse
439 5282 523 5339 quare
538 5265 605 5322 colis
621 5265 717 5321 idola?
732 5264 896 5337 Plerumque
946 5265 995 5322 lroc
1002 5282 1038 5321 eu
1046 5270 1163 5332 nutura,
1174 5266 1202 5321 id
1213 5275 1311 5339 estper
1319 5266 1467 5324 naturalem
1478 5268 1578 5342 legem,
1584 5270 1737 5341 judicabit,

98 5357 174 5412 enim
187 5355 273 5413 ludaei
287 5355 322 5411 ad
337 5355 469 5412 culturam
483 5355 618 5411 idolorum
631 5353 701 5427 lapsi
716 5362 797 5422 sunt;
813 5352 896 5409 lacie-
945 5354 973 5410 id
987 5361 1029 5410 est
1045 5354 1195 5421 damnabit,
1213 5360 1241 5412 tc
1258 5356 1460 5427 comparatione
1474 5357 1539 5412 sui?
1553 5364 1589 5422 te,
1605 5357 1677 5425 dico,
1693 5361 1743 5432 qui

99 5446 166 5502 bant
180 5444 364 5518 sacrilegium,
381 5444 551 5519 denegantes
564 5443 673 5501 Christo
688 5442 790 5503 cultum
805 5457 895 5501 suum.
945 5461 974 5501 cs
989 5445 1191 5514 praevaricator
1206 5444 1274 5519 lepis
1289 5453 1403 5503 servatae
1411 5447 1597 5518 perlitteratus
1606 5465 1616 5516 ,·
1626 5448 1741 5520 quialit·
