3742 5986
121 154 173 209 199
390 156 421 212 S.
454 155 631 215 BRUNONIS
660 159 986 219 chnruustartohttnt
1013 161 1257 221 INSTITUTORlS
1271 161 1347 220 OPP.
1364 162 1453 221 PARS
1467 164 1502 220 11.
1719 168 1774 224 2⁰⁰

120 279 267 352 compungi
277 296 393 352 nequeo.
402 280 629 355 Quandoquidem
640 284 663 339 si
673 284 764 356 lingua
781 285 921 357 incognita
930 289 956 350 A
972 288 1072 344 ctando
1087 288 1195 360 linguas
1210 304 1327 360 quarum
1337 305 1449 345 sensum
1463 305 1517 345 non
1535 288 1669 361 babeatis,
1685 291 1780 347 nolite

121 367 228 440 loquor,
245 370 304 425 sine
319 370 406 426 fructu
422 388 491 438 sum,
509 373 642 444 quianon
662 375 835 445 interpretor.
855 376 925 444 Quid
976 379 1059 450 pueri
1073 379 1145 448 effici
1155 376 1291 443 sensibus,
1307 377 1353 449 qui
1363 378 1512 450 loquuntur
1521 378 1595 450 quod
1606 395 1661 434 non
1680 379 1782 434 intelli-

122 473 185 529 erqo
199 462 251 525 est,
266 459 294 514 id
309 468 351 515 est
371 461 508 532 quomodo
528 463 662 517 orandum
686 463 751 519 est?
771 465 810 519 lta
833 463 926 536 utique
977 473 1063 538 gunt;
1088 466 1136 522 sed
1159 470 1248 522 estete
1269 466 1383 539 parvuli
1400 466 1676 524 seeundum142
1691 468 1778 523 mali-

121 546 259 612 erabo,vel
272 547 368 620 loquar
381 550 496 622 spiritu,
509 550 536 606 id
551 559 592 606 est
608 567 675 608 voce
690 552 829 624 incognita
843 569 926 624 quara
978 555 1048 610 tiam
1057 563 1098 611 :et
1106 554 1309 626 hoedicit,quia
1315 554 1509 609 erantmnltum
1515 554 1643 611 malitiosi
1651 555 1779 611 sensibus

122 636 233 707 spiritus
245 637 300 704 dat,
312 637 356 693 rel
371 639 440 694 ratio
451 646 492 694 est
506 644 533 695 et
544 639 581 694 ita
595 639 677 696 orabo
686 648 715 695 ut
728 640 809 695 etiarn
819 645 924 711 mente,
976 643 1020 698 vel
1034 643 1211 716 cogitatione,
1228 643 1312 698 verbo
1328 650 1354 698 et
1369 651 1441 699 actu.
1459 644 1565 698 Parvuli
1580 644 1688 716 quidem
1703 645 1780 699 mali·

120 726 149 782 id
163 736 205 782 est
219 726 406 798 intelligentia,
423 727 486 799 quia
500 729 572 800 quod
600 728 758 802 intelligam,
786 729 852 784 illud
868 738 926 783 tan-
976 731 1306 800 tia,scdsensibusestote
1320 731 1781 804 perfecti,idestperleetamintel-

119 835 175 886 mm
191 816 336 888 proteram.
358 818 427 872 Vere
455 817 541 873 orabo
569 818 663 889 spiritu
687 827 713 873 et
727 826 815 873 mente
832 836 838 872 :
862 833 926 873 uam
974 819 1115 893 ligantiam
1130 828 1299 892 appetentes,
1316 829 1345 875 ιιι
1358 822 1521 891 prophetare
1535 821 1657 892 possitis.
1674 822 1776 878 lterum

120 923 173 978 ego
187 907 309 980 psallam
318 907 425 977 spiritu
432 908 554 978 psallam
565 911 593 962 et
603 912 708 963 mente.
721 906 841 962 Psallere
860 906 925 963 dicit
975 908 1038 965 ideo
1052 908 1153 982 lingna
1167 925 1221 964 non
1239 917 1302 964 sunt
1311 909 1470 981 appetenda·
1483 910 1562 965 robis
1579 926 1585 965 :
1601 910 1665 982 quia
1679 909 1778 966 fideles

122 1010 204 1051 orare
218 995 304 1050 Deum
320 1009 442 1050 consona
456 995 530 1051 vocis
544 995 739 1063 modulatione,
757 1011 817 1068 quae
832 1011 927 1052 conso-
975 999 1041 1053 estis
1056 1007 1082 1053 ot
1097 1000 1203 1069 linquae
1216 1015 1275 1053 non
1297 996 1442 1067 fidelibus,
1469 998 1517 1053 sed
1531 997 1694 1067 infidelibus
1708 1015 1776 1070 pro·

124 1083 216 1139 nantia
230 1084 510 1140 diversarumvocum
524 1083 553 1137 in
574 1083 699 1139 Ecclesia
725 1084 812 1138 innuit
831 1099 926 1139 omnes
975 1094 1047 1142 sunt.
1064 1088 1098 1141 Et
1114 1095 1186 1158 quod
1202 1086 1239 1141 ita
1263 1086 1307 1152 sit,
1329 1086 1520 1141 auctoritatem
1542 1087 1682 1157 praemittit
1696 1088 1777 1144 lsaiae

122 1173 150 1227 in
165 1173 340 1228 consonantia
354 1171 418 1228 fidei
433 1179 458 1228 et
472 1172 534 1226 vitae
557 1172 660 1227 debere
675 1172 800 1227 laudare.
819 1173 924 1228 Bonum
975 1175 1088 1246 (aaran,
1103 1175 1147 1245 lt)
1167 1190 1266 1247 :quam
1278 1182 1367 1228 tamen
1378 1173 1477 1245 inlege
1487 1190 1549 1230 esse
1559 1175 1633 1240 dicit,
1645 1174 1717 1247 legis
1727 1192 1777 1232 no·

122 1270 164 1317 est
179 1262 273 1333 spiritu
284 1260 364 1315 simul
380 1268 406 1316 et
416 1269 505 1315 mente
516 1276 613 1315 orare:
630 1264 775 1327 eceteram,
786 1261 813 1315 id
825 1269 864 1316 est
875 1261 924 1316 sed
974 1264 1048 1318 mine
1062 1263 1235 1334 prophetiam
1250 1262 1409 1336 designans.
1426 1264 1497 1318 Vere
1512 1278 1567 1319 non
1581 1261 1709 1319 fidelibus
1726 1265 1776 1320 sed

123 1352 148 1406 si
163 1357 192 1405 tu
206 1351 275 1407 bene
287 1350 396 1406 diceris
406 1350 521 1422 spiritu,
534 1349 561 1404 id
577 1358 617 1404 est
632 1365 700 1406 uoce
714 1349 853 1420 incognita
862 1358 923 1404 tan·
973 1350 1138 1407 infidelibus.
1154 1352 1225 1407 Nam
1240 1352 1272 1407 in
1284 1353 1343 1423 leqe
1353 1351 1491 1424 seriptum
1501 1355 1544 1407 est
1553 1351 1629 1418 illud,
1642 1353 1773 1424 quoniam

123 1447 190 1510 tum,
206 1442 268 1513 quis
282 1439 310 1493 in
325 1446 371 1494 tua
384 1439 507 1494 oratione
521 1440 633 1510 supplet
656 1440 760 1504 laeum,
776 1439 803 1492 id
818 1446 861 1493 est
875 1454 923 1493 ro·
973 1439 1018 1495 vel
1031 1439 1068 1494 ibi
1082 1439 1263 1508 continuatur,
1279 1438 1322 1493 vel
1339 1438 1383 1494 hic
1396 1439 1508 1509 ponitur
1521 1454 1572 1510 pro
1587 1439 1661 1511 qaod
1678 1458 1685 1495 :
1702 1441 1771 1510 Hoc,

121 1544 181 1586 cem
197 1528 316 1586 idiotae?
330 1528 503 1584 Consuetudo
524 1536 584 1583 erat
598 1527 625 1581 in
640 1527 764 1583 Ecclesia
779 1534 806 1582 ut
821 1527 921 1594 idiotae,
973 1527 1095 1599 inquam,
1111 1528 1240 1599 seriptum
1253 1535 1304 1596 cst,
1316 1527 1389 1599 qued
1401 1527 1432 1582 in
1445 1529 1512 1583 aliis
1523 1528 1637 1600 linquis,
1654 1527 1683 1584 id
1692 1536 1735 1584 est
1744 1530 1774 1585 in

121 1617 149 1672 id
164 1626 205 1673 est
220 1617 303 1672 rudes
317 1616 344 1671 in
358 1614 422 1681 lide,
439 1616 522 1671 etiam
535 1616 666 1671 illitterati
681 1616 791 1688 quando
806 1632 957 1707 perora-B
973 1617 1103 1672 varietate
1118 1616 1281 1689 linguarum,
1297 1620 1326 1671 et
1336 1617 1367 1670 in
1377 1616 1445 1672 aliis
1471 1615 1562 1683 labiis,
1574 1616 1602 1670 id
1617 1617 1698 1672 estin
1712 1617 1774 1674 aliis

123 1706 168 1761 bat
178 1704 841 1777 sacerdos,responderentamcn,eteumspiritu
852 1708 919 1759 tao:
971 1705 1143 1760 sermonibus
1160 1719 1166 1757 :
1183 1703 1246 1775 quia
1259 1703 1336 1776 prius
1350 1703 1385 1760 ιιι
1410 1704 1576 1769 carnalibus,
1592 1721 1666 1761 nunc
1679 1714 1772 1763 autern

123 1795 173 1850 sed
186 1795 268 1850 modo
283 1801 428 1865 perorante
453 1793 551 1866 aliquo·
568 1793 661 1866 lingua
675 1793 823 1864 incognita,
839 1792 920 1847 etiarn
970 1795 1005 1850 de
1019 1793 1206 1865 spiritualibus
1222 1794 1321 1865 loquar
1334 1794 1439 1866 populo
1450 1793 1516 1850 luia
1526 1793 1641 1850 ludaico
1656 1792 1771 1866 infideli,

121 1883 311 1956 prudentiores
326 1882 484 1939 nesciebant
508 1882 553 1936 ubi
576 1881 648 1951 finis,
665 1881 709 1937 ubi
725 1882 842 1937 medium
857 1897 920 1936 ora-
970 1891 998 1937 ut
1021 1883 1150 1939 mirantes
1173 1881 1319 1937 novitatem
1343 1881 1509 1952 linguarum,
1534 1882 1645 1937 audiant
1658 1899 1703 1939 me
1719 1901 1726 1939 ι
1744 1888 1773 1941 ιι

121 1972 213 2040 tionis,
237 1973 300 2045 quia
320 1987 375 2027 non
399 1969 586 2044 intelligebant
603 1988 610 2024 ε
632 1978 660 2026 ιι
673 1970 712 2026 ιιι
729 1986 784 2025 non
795 1977 921 2042 poterant
970 1973 1182 2037 tamenneesic,
1193 1970 1221 2025 id
1232 1979 1273 2025 est
1284 1978 1397 2041 protam
1412 1969 1530 2026 evidenti
1550 1970 1693 2043 miraculo,
1715 1990 1770 2029 ex-

120 2062 220 2127 ιιιιιι,
236 2076 288 2116 ιιι
302 2060 368 2115 illud
382 2060 454 2132 quod
478 2059 568 2115 idiotae
593 2066 790 2114 consueuerant
806 2073 920 2130 respon·
970 2061 1156 2117 audientiae.
1174 2058 1309 2130 Quodque
1320 2059 1357 2113 ita
1372 2058 1407 2113 sit
1417 2058 1518 2115 credite
1536 2059 1618 2131 :quia
1628 2060 1769 2118 haecdicit

117 2149 195 2205 dere.
215 2150 319 2204 ldioma
332 2147 590 2218 diciturproprium,
606 2147 669 2202 inde
684 2147 812 2203 dicuntur
828 2146 920 2203 idiotas
969 2149 1106 2205 Dominus
1121 2148 1170 2219 (ait
1184 2148 1212 2202 in
1222 2147 1283 2202 aliis
1293 2146 1371 2202 labiis
1382 2147 1450 2201 nihil
1460 2147 1495 2202 ad
1505 2147 1706 2218 probationem,
1721 2151 1769 2207 sed

121 2238 168 2310 qui
181 2238 209 2292 in
222 2237 389 2309 proprietate
400 2244 506 2292 natnrae
520 2236 607 2292 adhuc
617 2244 680 2290 sunt
697 2251 703 2290 :
720 2236 787 2291 nihil
802 2236 920 2292 seientes
969 2255 1029 2294 mos
1044 2245 1085 2295 est
1100 2246 1129 2292 ιιι
1143 2237 1319 2293 auctoritates
1333 2235 1461 2307 perlectae
1473 2237 1632 2310 ponantur).

119 2326 172 2381 nisi
187 2326 259 2398 quod
274 2341 291 2381 a
305 2325 438 2381 matribus
464 2325 540 2396 pueri
572 2324 748 2382 didicerunt:
778 2324 821 2380 vel
840 2324 917 2392 illud,
1003 2326 1131 2383 Nunede
1148 2326 1209 2397 lege
1223 2324 1366 2397 praemissa
1393 2324 1476 2380 inient
1500 2325 1606 2380 Paulus.
1632 2323 1704 2395 Quis
1718 2340 1768 2397 po·

120 2423 259 2485 caeterum,
275 2430 375 2470 nomen
389 2413 475 2469 sitite
492 2429 498 2467 ι
515 2414 630 2485 Propter
644 2414 697 2469 hoe
712 2413 785 2485 quod
799 2413 920 2484 praemis·
968 2416 1032 2488 pulo
1045 2415 1184 2471 incredulo
1199 2415 1316 2470 diversae
1330 2413 1431 2487 linguae
1444 2413 1592 2485 propositae
1607 2423 1670 2470 sunt
1686 2430 1692 2468 :
1708 2415 1769 2471 lta·

121 2520 182 2560 sum
196 2510 249 2572 est,
263 2519 318 2559 uon
332 2502 438 2558 debetis
463 2518 542 2558 orare
564 2502 659 2575 lingua
680 2510 785 2558 tantum
803 2517 809 2556 ε
833 2507 918 2558 aceu-
968 2522 1020 2577 qne
1034 2521 1085 2578 per
1098 2505 1150 2560 hoc
1164 2511 1284 2575 apparet,
1296 2503 1370 2574 quod
1382 2503 1486 2575 linquae
1503 2503 1534 2558 in
1549 2505 1672 2575 siquam,
1682 2503 1711 2560 id
1725 2511 1767 2560 est

119 2610 194 2661 rum,
210 2593 237 2649 id
252 2601 294 2648 est
303 2591 385 2659 aliud,
397 2591 590 2664 propterquod
600 2590 747 2648 nelaciatis
761 2591 843 2656 idem,
856 2590 919 2663 quia
968 2610 1050 2650 eausa
1063 2592 1189 2649 miraculi
1203 2600 1265 2646 sunt
1280 2608 1338 2646 non
1347 2589 1487 2661 fidelibus,
1499 2606 1614 2662 quornm
1628 2590 1698 2648 tides
1711 2608 1768 2648 non

118 2685 144 2739 si
159 2690 188 2737 tu
198 2683 265 2738 bene
275 2682 506 2754 dieensspiritu,
518 2689 569 2735 ete.
582 2680 653 2736 Vere
666 2695 747 2736 nemo
760 2679 868 2752 supplet
878 2679 918 2735 lo·
968 2688 1031 2756 aget
1044 2680 1192 2746 miraculis,
1209 2681 1257 2736 sed
1272 2677 1443 2749 infidelibus,
1460 2680 1505 2752 qui
1515 2680 1635 2736 nouitate
1644 2680 1765 2738 miracu·

121 2787 183 2826 eum
197 2771 310 2826 idiotae:
336 2769 446 2841 quando
461 2776 489 2823 tu
517 2768 657 2840 incognita
685 2784 752 2824 uoce
779 2783 916 2839 peroras:
967 2770 1053 2826 lorum
1068 2770 1104 2826 ad
1117 2768 1201 2825 iidem
1217 2768 1342 2824 trahendi
1364 2776 1436 2823 sunt.
1461 2767 1594 2839 Opposita
1617 2769 1764 2825 sententia.

119 2860 252 2934 quomodo
258 2858 330 2914 enim
336 2859 410 2914 dicet
416 2873 509 2923 amen,
517 2862 689 2931 supertuane
695 2857 918 2913 benedictionem
966 2859 1079 2933 linguae
1092 2875 1147 2914 non
1163 2857 1289 2914 fidelibus
1300 2857 1349 2912 sed
1358 2854 1514 2912 infidelibus
1530 2875 1536 2910 :
1548 2858 1704 2930 prophetiae
1717 2877 1768 2916 au·

119 2949 200 3005 etiam
211 2947 321 3020 sapiens
333 2965 339 3001 :
349 2948 582 3020 qnoniamneseit
593 2946 659 3019 quid
668 2946 745 3002 dieas
756 2936 835 3001 tNon
844 2945 916 3001 enim
968 2952 1024 3004 tem
1039 2964 1097 3003 non
1107 2945 1246 3017 fidelibus,
1263 2946 1375 3001 stultum
1387 2945 1460 3001 enirn
1474 2953 1546 3000 esset
1557 2947 1686 3017 mysteria
1701 2945 1766 3004 iidei

117 3036 254 3111 intelligit,
270 3036 377 3109 quando
402 3043 438 3103 tu,
461 3035 598 3109 incognita
621 3034 716 3108 lingua
740 3034 866 3105 loquens,
884 3032 914 3088 ιι-
929 3005 953 3067 ⁰
968 3035 1093 3092 revelare
1107 3035 1263 3102 incredulis,
1281 3034 1329 3090 sed
1348 3032 1486 3103 fidelibus.
1504 3035 1536 3088 Et
1550 3035 1614 3105 quia
1628 3050 1677 3091 ros
1693 3035 1767 3094 fide-

120 3128 179 3183 nire
193 3127 294 3181 debeas
313 3133 360 3180 aut
380 3124 542 3196 procedere.
568 3125 608 3179 De
623 3124 674 3179 hoc
689 3122 762 3197 quod
775 3123 916 3194 proximus
967 3125 1008 3180 les
1022 3125 1097 3193 estis,
1109 3124 1220 3196 quarite
1234 3123 1406 3194 prophetiam
1417 3138 1477 3195 quae
1488 3121 1615 3178 fidelibus
1625 3126 1763 3198 congruit.

117 3225 144 3272 te
156 3232 211 3271 non
226 3212 528 3285 intelligitreprehendo
542 3221 568 3268 te
585 3228 666 3267 :nam
683 3212 834 3268 secundum
849 3228 916 3283 pro·
966 3214 1066 3269 lterum
1080 3213 1154 3268 alind
1178 3229 1262 3284 quare
1286 3227 1341 3267 non
1356 3219 1485 3283 appetant
1509 3210 1620 3282 linguas
1637 3228 1643 3267 :
1662 3215 1728 3285 quia
1742 3215 1767 3271 si

117 3303 203 3377 priam
217 3318 361 3375 personam
376 3309 402 3357 te
417 3302 660 3373 nonreprehendo.
669 3303 740 3358 Nam
755 3305 787 3357 tu
802 3302 915 3374 quidam
966 3302 1019 3358 illis
1033 3301 1206 3375 loquentibus
1220 3301 1248 3356 in
1263 3300 1388 3356 Ecclesia
1402 3300 1485 3355 variis
1501 3299 1614 3373 linguis,
1631 3300 1703 3358 sorte
1716 3304 1761 3359 in-

116 3395 184 3450 bene
198 3393 306 3464 qratias
321 3392 382 3462 aqis
397 3390 564 3462 quantumin
578 3398 605 3446 te
620 3399 661 3446 est
678 3391 744 3446 :sed
755 3389 817 3446 ideo
831 3390 912 3457 male,
965 3390 1060 3447 fideles
1079 3389 1240 3446 intraverint
1257 3407 1263 3443 :
1289 3389 1420 3461 putabunt
1443 3405 1490 3444 eos
1516 3389 1644 3445 insanire.
1661 3391 1765 3448 littera

118 3482 181 3556 quia
196 3483 279 3545 alter.
297 3479 325 3536 id
347 3488 389 3536 est
410 3481 561 3551 proximus,
581 3497 640 3537 non
654 3480 834 3548 aedificatur:
851 3479 915 3551 quia
964 3480 1004 3536 sic
1014 3479 1160 3553 jungitur:
1181 3477 1362 3550 Quialinguae
1380 3492 1434 3532 non
1453 3477 1556 3533 suntin
1571 3479 1681 3546 signum
1695 3478 1765 3539 tide·

116 3587 167 3628 nee
181 3569 318 3643 intelligit.
335 3569 384 3625 Vel
398 3569 436 3623 ibi
450 3585 534 3640 supra
545 3568 666 3642 jungitur
682 3583 688 3621 τ
704 3569 779 3624 tustc
794 3567 848 3622 dixi
864 3567 911 3623 be·
963 3568 1034 3623 libus
1050 3586 1057 3623 z
1073 3583 1140 3641 ergo
1155 3583 1206 3623 vos
1228 3566 1274 3638 qui
1298 3566 1364 3621 estis
1387 3565 1519 3635 Ecclesia,
1544 3583 1627 3638 quare
1650 3577 1765 3641 propter

112 3659 269 3727 nedixeris3
285 3674 350 3714 nam
365 3665 391 3714 tu
406 3657 517 3730 quidem
532 3657 601 3713 bene
616 3656 718 3728 gratias
733 3656 803 3728 agis,
821 3671 909 3726 quan·
962 3657 1071 3730 linguas
1085 3656 1174 3712 insani
1188 3654 1375 3726 reputamini?
1389 3655 1419 3712 Si
1433 3657 1511 3711 enirn
1525 3658 1675 3713 conveniat
1690 3661 1762 3716 uai-

114 3758 170 3806 tum
185 3749 214 3804 in
227 3756 254 3803 te
269 3755 311 3804 est
326 3763 332 3801 :
345 3746 393 3802 sed
409 3745 492 3801 irater
507 3761 562 3802 non
576 3745 727 3801 instruitur.
744 3745 841 3800 Probat
856 3745 908 3800 ite·
962 3762 1041 3802 uersa
1051 3746 1176 3802 Ecclesia
1186 3747 1217 3801 in
1228 3761 1328 3810 unum,
1342 3747 1370 3800 ιι
1380 3759 1476 3800 omnes
1488 3744 1644 3816 loquantur
1654 3747 1761 3820 linquis

113 3855 174 3895 rum
189 3836 315 3908 exemplo
329 3843 356 3891 et
370 3835 529 3891 auctoritate
543 3850 602 3904 sua,
619 3834 693 3906 quod
706 3849 760 3888 non
775 3834 845 3889 adeo
859 3834 910 3888 de·
961 3834 1119 3908 incognitis,
1136 3833 1189 3889 illis
1203 3842 1293 3889 autem
1312 3832 1442 3889 varietate
1462 3831 1618 3905 linguarum
1645 3838 1760 3894 concla-

112 3927 194 3984 beant
208 3925 306 3982 sectari
330 3923 449 3996 linguas,
471 3923 566 3980 dicens
583 3938 589 3977 τ
605 3922 695 3978 Nolite
717 3922 790 3994 loqui
804 3921 907 3993 lingua,
960 3924 1106 3988 mantibus,
1123 3925 1236 3979 intrent
1258 3923 1354 3978 idiotae
1380 3919 1540 3988 Ecclesiam,
1565 3930 1610 3977 aut
1632 3924 1758 3983 infideles
1798 3945 1802 3955 “

14 4000 17 4004 ’
111 4016 148 4072 ita
161 4024 190 4070 ιιι
204 4030 260 4071 non
274 4013 308 4069 sit
327 4012 471 4068 instructio
493 4010 609 4083 proximi
627 4026 633 4065 :
655 4027 724 4067 nane
744 4028 802 4084 eqo,
827 4027 909 4083 quem
959 4012 1052 4084 aliqui,
1063 4027 1159 4067 noeane
1168 4011 1296 4066 dicerent
1307 4009 1380 4082 quad
1389 4024 1435 4064 vas
1445 4011 1592 4078 insanitis,
1603 4012 1667 4083 quia
1675 4014 1760 4085 phre-

112 4104 214 4162 imitari
227 4103 343 4168 debetis,
359 4103 420 4159 eolo
431 4101 505 4174 loqui
515 4102 546 4157 ln
556 4100 682 4157 Ecclesia
691 4101 865 4173 quandoque,
881 4099 911 4155 id
956 4101 1047 4157 netico
1061 4116 1138 4156 more
1151 4097 1342 4154 tumultuatis?
1361 4097 1496 4154 Varietate
1520 4097 1674 4172 linguamm
1689 4118 1758 4159 con·

112 4201 154 4252 est
167 4209 254 4266 pauca
268 4194 420 4249 uerbameo
433 4206 529 4255 sensa,
541 4188 569 4244 id
582 4197 623 4246 cst
632 4188 780 4256 intellectu,
796 4197 825 4244 ut
835 4189 909 4262 quod
957 4190 1104 4247 clamantes
1118 4188 1231 4243 insanos
1244 4188 1344 4244 dicent.
1358 4186 1411 4242 Sed
1423 4187 1449 4243 sl
1471 4202 1568 4242 omnes
1589 4188 1616 4243 in
1631 4190 1758 4249 Ecclesia

111 4283 209 4356 loquar
222 4281 383 4354 intelligam.
400 4280 453 4335 Per
467 4280 519 4335 hoe
537 4285 612 4334 notat
627 4293 675 4334 eos
689 4278 730 4334 sic
744 4277 908 4350 quandoque
954 4280 1136 4354 prophetent,
1147 4276 1296 4349 aperiendo
1307 4276 1470 4347 Scripturas,
1493 4277 1585 4332 intret
1595 4282 1693 4335 autem
1703 4281 1758 4338 illis

111 4371 196 4444 loqui,
214 4371 286 4444 quod
300 4386 351 4426 nec
366 4369 417 4441 ipsi
431 4385 462 4424 se
475 4367 667 4439 intelligerent.
690 4366 767 4436 Volo,
784 4366 904 4438 inquam,
916 4366 1180 4438 Dprophetantibus
1202 4367 1306 4437 aliquis
1329 4363 1455 4434 infidelis
1479 4365 1522 4421 uel
1544 4365 1643 4435 idiota,
1664 4370 1755 4426 statim

108 4460 184 4533 loqui
198 4475 259 4516 meo
274 4476 357 4516 sensu
374 4473 381 4513 :
398 4461 431 4514 ut
441 4461 520 4514 elme
531 4465 557 4513 et
570 4457 805 4521 aliosinstruam,
822 4471 906 4527 quam
956 4455 1138 4512 conuincitur
1148 4453 1182 4510 ab
1197 4453 1326 4510 omnibns
1337 4452 1374 4508 ibi
1385 4453 1620 4523 prophetantibus.
1636 4457 1757 4515 Audiens

109 4549 262 4619 electivum,
275 4545 592 4621 quodnullomodovolo
610 4544 702 4616 :loqui
719 4543 849 4612 :scilieet
859 4543 907 4599 de·
956 4544 1029 4600 enim
1044 4552 1181 4616 precepta
1196 4543 1247 4600 Dei
1261 4541 1391 4614 mysteria
1415 4539 1490 4607 fidei,
1515 4557 1566 4598 sua
1589 4545 1758 4604 conscientia

107 4655 167 4697 cem
180 4639 284 4706 millia,
299 4637 328 4693 id
338 4634 703 4693 estiniinitatemuerbornm
722 4633 820 4702 linqua
830 4630 906 4687 inco·
955 4633 1091 4691 convincit
1107 4649 1170 4689 eum
1184 4641 1211 4689 ct
1225 4631 1314 4705 arguit
1330 4647 1336 4687 :
1353 4637 1380 4685 et
1403 4629 1440 4684 ita
1461 4630 1647 4704 dijudicatur,
1663 4634 1691 4690 id
1714 4645 1756 4694 est

107 4728 182 4801 gnita
200 4745 206 4784 ι
223 4726 296 4800 quod
310 4725 403 4798 utique
418 4740 529 4797 possem
542 4721 566 4778 si
588 4720 697 4788 vellem,
713 4728 740 4775 et
751 4720 815 4775 inde
837 4737 905 4792 qra-
952 4722 1128 4791 judicabilem
1143 4730 1169 4777 et
1183 4720 1364 4777 damnabilem
1380 4734 1410 4774 se
1431 4720 1582 4789 cognoscit,
1606 4721 1754 4781 instructus

107 4818 162 4872 tias
172 4833 223 4889 uqa
233 4817 288 4872 Deo
305 4816 534 4889 :quoniamego,
551 4811 573 4865 si
581 4810 681 4882 placet,
691 4810 787 4881 loquar
807 4810 905 4881 linqua
953 4809 988 4867 ab
1002 4810 1140 4880 omniban,
1157 4812 1204 4883 qui
1218 4810 1319 4866 ibidem
1333 4807 1504 4880 prophetant,
1520 4817 1547 4864 et
1560 4817 1625 4867 tune
1640 4814 1754 4871 occulta

105 4905 234 4961 ananiam
244 4909 369 4960 vestrum
378 4923 387 4958 :
397 4901 455 4971 sed,
467 4899 652 4964 idesttamen,
664 4900 696 4955 in
702 4898 825 4955 Ecclesia
831 4899 902 4966 vole,
953 4900 1046 4956 cordis
1060 4902 1120 4971 ejus
1130 4902 1286 4971 manifesta
1297 4900 1367 4954 sunt
1380 4895 1432 4950 sibi
1447 4895 1499 4967 ipsi
1514 4898 1599 4969 :quia
1613 4899 1641 4955 in
1655 4902 1755 4974 quibus

105 4998 160 5048 etc.
174 4990 240 5050 Ideo
254 4991 353 5047 Paulus
368 5006 398 5046 se
414 4988 481 5045 dixit
494 4988 597 5043 habere
612 5002 716 5060 genera
735 4986 900 5059 linguarum,
953 5005 984 5044 ιι
997 5004 1129 5060 peccasse
1143 5005 1198 5044 non
1212 4987 1336 5060 putabat,
1347 5000 1398 5056 per
1407 4984 1556 5041 doctrinam
1571 5004 1654 5059 quam
1668 4990 1753 5059 audit,

104 5095 140 5136 ne
154 5078 277 5135 dicerent
291 5078 433 5146 Corinthii,
449 5077 580 5151 quianon
600 5076 681 5131 habet
701 5075 820 5149 linguas.
837 5075 902 5131 Ideo
952 5077 1073 5150 graviter
1084 5093 1114 5132 se
1128 5093 1202 5132 reum
1214 5077 1365 5151 cognoscit.
1375 5073 1411 5128 Et
1430 5073 1474 5129 itu
1484 5075 1633 5144 conuictus,
1649 5079 1753 5136 cadens

103 5167 183 5225 nobis
193 5167 228 5222 de
243 5165 343 5238 linguis
359 5166 536 5238 improperat.
558 5165 657 5220 Iterum
668 5164 740 5219 aliud
752 5180 836 5236 quare
845 5179 901 5220 nou
952 5167 984 5222 ia
994 5167 1115 5236 faeiem,
1131 5165 1259 5222 adorabit
1272 5168 1374 5234 Deum,
1391 5176 1420 5224 ut
1433 5167 1549 5239 accipiat
1562 5165 1754 5224 remissionem

103 5263 232 5330 appetant
244 5254 362 5327 linguas,
388 5255 451 5326 quia
480 5253 634 5310 efficiuntur
662 5252 702 5309 sic
715 5251 831 5325 parvuli.
847 5252 902 5307 Sed
951 5262 1137 5325 peecatorum,
1144 5258 1337 5327 pronuntians
1347 5256 1523 5328 etiampalam
1532 5256 1670 5323 omnibus,
1680 5257 1754 5330 quad

101 5346 191 5402 littera
205 5344 246 5400 sic
256 5343 381 5416 jungitur
396 5344 431 5399 ad
444 5341 597 5414 proximum
614 5359 621 5396 :
638 5341 714 5398 Sicut
724 5341 752 5396 in
767 5356 811 5395 me
825 5339 900 5395 ride·
951 5343 1024 5400 Deus
1040 5360 1103 5400 uere
1118 5345 1157 5399 sit
1171 5344 1204 5398 in
1218 5342 1292 5400 vobis
1302 5344 1528 5417 prophetantibus
1544 5362 1551 5399 :
1567 5359 1637 5417 quos
1650 5344 1754 5418 linguis

101 5433 146 5505 tis,
162 5431 305 5508 loquimini
320 5437 411 5490 restro
425 5446 508 5488 sensu
524 5446 531 5486 :
547 5430 719 5503 assimiliter,
735 5433 842 5503 fratres
852 5445 899 5487 se·
951 5431 1146 5489 tumultuantes
1158 5432 1240 5503 paulo
1254 5440 1317 5490 ante
1337 5433 1446 5491 dicebat
1468 5433 1599 5492 insanus.
1616 5433 1688 5504 Quia
1699 5449 1754 5492 nec
