3742 5986
199 117 252 172 195
479 118 507 173 S.
527 115 705 175 aauNOttts
722 111 1047 173 ctarausttrtotttttt
1065 76 1311 171 tttstmtrottts'
1325 113 1403 171 OPP.
1423 115 1512 174 PARS
1529 117 1564 173 11.
1796 118 1847 173 tto

200 243 290 306 scoot,
307 239 386 295 idest
399 239 529 310 paulatim
544 249 753 313 corrumpentur
767 240 878 296 miseria
891 238 992 295 carnis.
1009 241 1034 298 Α
1049 256 1060 286 ι
1078 252 1140 291 eum
1155 254 1238 309 super
1253 254 1336 310 opera
1358 255 1490 296 manuum
1503 247 1619 296 tuarum.
1635 239 1737 296 Omnia
1754 242 1847 312 subJe-

234 329 411 384 veterascent
426 329 495 395 dieo,
513 337 538 384 et
551 329 676 401 peribunt
691 334 725 384 ot
738 331 948 393 vestimentum,
965 326 994 382 id
1046 345 1057 375 ι
1074 324 1135 380 cisti
1150 326 1200 380 sub
1216 328 1331 398 pedibus
1346 329 1415 398 ejus.
1441 330 1472 383 ln
1486 344 1520 384 eo
1532 329 1603 385 eninr
1618 330 1691 401 quod
1706 330 1801 386 omnia
1815 331 1844 386 in

197 422 239 471 est
259 415 409 472 secundum
434 432 533 486 corpus
558 418 631 489 quod
654 418 682 471 in
697 419 737 472 eis
752 425 803 484 est,
819 416 992 472 circumdans
1044 412 1197 481 «subjecit,
1229 414 1296 470 nihil
1320 416 1422 471 dimisit
1440 433 1494 472 non
1519 417 1670 485 subjectum
1702 417 1737 473 ei.
1762 418 1843 474 Nunc

195 504 315 559 animam
330 512 457 576 tanquam
477 505 677 561 vestimentum.
695 505 748 576 lpsi
762 505 898 576 peribunt,
921 508 949 560 et
962 511 992 558 tu
1043 510 1166 556 «autem
1179 503 1295 558 necdum
1315 503 1439 559 videmus
1461 504 1551 560 omnia
1574 505 1695 575 subjecta
1711 505 1747 562 ei.
1771 507 1842 562 Eum

193 592 820 663 motahtseoructutomictcm,idestcorpns,
832 591 990 664 quodquod
1043 609 1054 634 α
1076 596 1165 644 antem
1185 590 1231 663 qui
1252 593 1361 648 modico
1380 609 1461 665 quam
1488 593 1590 666 angeli,
1620 594 1774 650 minoratus
1788 602 1839 663 est,

193 680 308 736 amictus
322 681 419 735 animae
439 689 491 735 est.
520 681 635 735 Mutabis
659 681 829 752 impassibile
846 680 948 737 iactum
962 688 990 736 et
1041 676 1313 745 «ridemuslesum,
1330 690 1442 752 propter
1457 682 1613 753 passionem
1628 682 1732 753 mortis,
1751 683 1840 754 gloria

191 768 356 824 immortale.
387 768 572 824 llutchutttttr
596 768 676 823 etiam
704 769 855 825 secundum
883 768 988 823 animas
1040 785 1050 811 t
1069 772 1096 819 ει
1112 766 1215 821 honore
1230 777 1401 834 coronatum,
1418 777 1447 823 ut
1462 771 1552 842 gratia
1573 771 1624 826 Dei
1639 787 1690 842 pro
1709 772 1838 827 omnibus

190 856 367 928 gloriosiores
383 856 479 922 factas,
496 864 524 910 et
546 857 573 910 in
587 857 742 928 cognitione
765 857 815 912 Dei
838 855 987 928 proficicn-
1040 861 1191 922 «gustaret
1217 863 1343 911 mortem.
1368 857 1489 913 Docebat
1517 858 1590 913 cuim
1617 875 1689 929 enm,
1721 867 1838 931 propter

190 952 241 1000 tes.
258 946 319 1015 lpse
333 945 461 1016 peribunt
476 953 502 999 et
516 952 693 1007 veterascent.
711 950 742 1000 ta
756 949 853 1000 autem
868 962 898 1001 es
912 945 986 1000 idem
1039 960 1050 990 t
1068 957 1150 1010 quem
1166 943 1266 1009 omnia,
1282 951 1309 998 et
1323 961 1375 1014 per
1390 947 1579 1016 quemomnia,
1591 947 1637 1019 qui
1651 947 1754 1004 multos
1766 947 1836 1004 filios

190 1034 258 1106 ipse,
275 1033 302 1087 id
318 1041 360 1088 est
374 1033 549 1087 immutabilis
574 1041 669 1088 contra
692 1034 744 1088 hoc
758 1033 830 1104 quod
846 1032 897 1103 ipsi
911 1042 985 1088 vete·
1038 1027 1221 1099 eingloriam
1234 1031 1392 1102 adduxerat,
1408 1041 1547 1090 auctorem
1563 1035 1656 1090 salutis
1674 1052 1772 1092 eorum
1786 1052 1836 1109 per

179 1125 345 1187 ¹rascuut,et
355 1124 427 1177 ahoi
437 1123 546 1178 tuioott
557 1122 698 1190 deficient.
709 1121 735 1176 id
745 1129 786 1176 εει
796 1122 985 1176 aeternitastuo
1036 1138 1047 1163 t
1065 1118 1222 1186 passionem
1250 1136 1450 1178 consummare.
1467 1122 1518 1191 Qui
1545 1124 1617 1179 enim
1641 1124 1796 1182 sanctificat
1810 1133 1835 1182 et

186 1225 348 1280 permanens
363 1218 414 1264 est.
427 1210 526 1264 Contra
536 1211 588 1266 hoc
603 1210 676 1281 quod
690 1209 730 1264 illi
745 1218 830 1265 morte
845 1210 982 1281 peribunt,
1036 1227 1047 1251 ιι
1065 1206 1112 1276 qui
1127 1205 1338 1275 sanctificantur,
1356 1225 1389 1265 ex
1411 1227 1464 1266 uno
1487 1228 1592 1268 omnes.
1615 1214 1729 1284 Propter
1750 1229 1832 1286 quam

183 1314 238 1353 non
253 1298 341 1354 solum
364 1315 413 1369 per
426 1298 570 1369 praemissa
594 1299 681 1365 major
699 1298 803 1370 angelis
816 1299 982 1369 comproba·
1035 1308 1175 1348 «oausam
1189 1311 1243 1351 non
1266 1296 1439 1352 confunditur
1460 1299 1557 1355 fratres
1580 1316 1627 1356 eoa
1650 1317 1762 1368 vocare,
1787 1302 1831 1358 di·

187 1395 240 1452 ur,
273 1387 321 1442 sen
346 1387 425 1442 ettam
453 1403 504 1457 per
529 1386 700 1442 nondictum
726 1387 794 1442 Filio
811 1402 817 1441 :
835 1408 846 1437 ‹
865 1387 936 1443 Sede
965 1402 983 1443 ι
1035 1396 1128 1436 «oens
1148 1383 1312 1440 :Nuntiato
1332 1401 1432 1441 nomen
1457 1395 1532 1442 tuum
1561 1388 1690 1444 tratribus
1705 1390 1787 1456 mets,
1803 1390 1832 1446 in

184 1475 296 1540 dextris,
317 1496 328 1525 ι
347 1475 419 1547 quod
443 1474 511 1529 nulli
538 1474 639 1529 dictum
659 1482 700 1529 est
723 1475 832 1546 angelo.
858 1474 926 1544 Quia
945 1476 980 1531 ad
1034 1489 1045 1514 t
1062 1469 1153 1524 medio
1180 1471 1305 1527 ecclesiae
1333 1473 1451 1530 laudabo
1465 1483 1500 1530 ιε.
1516 1478 1551 1531 Et
1565 1476 1664 1531 iterum
1679 1495 1686 1534 :
1701 1478 1765 1550 Ego
1782 1495 1829 1535 ero

185 1579 264 1633 quem
278 1563 438 1635 angelornm
453 1563 519 1617 dixit
542 1564 621 1617 Pater
643 1563 797 1634 aliqnando,
815 1564 883 1618 sicut
906 1564 979 1619 idem
992 1579 1043 1650 B·
1061 1555 1148 1612 fidens
1163 1558 1190 1613 iu
1206 1575 1278 1614 eum·
1303 1560 1339 1615 Et
1353 1561 1448 1617 iterum
1464 1581 1471 1617 :
1487 1565 1561 1620 Ecce
1575 1581 1627 1637 ego
1642 1573 1670 1621 et
1682 1567 1763 1638 pueri
1776 1568 1830 1624 mei

184 1652 296 1706 verbum
312 1667 395 1722 supra
419 1650 583 1706 notavimus.
609 1651 687 1717 Sede,
716 1652 742 1705 id
771 1660 810 1706 εει
838 1652 927 1720 judica
952 1660 979 1706 et
1033 1661 1131 1715 «quos
1146 1646 1220 1702 (ledit
1233 1647 1300 1702 mihi
1315 1650 1398 1704 Deus.
1415 1649 1483 1718 Quia
1497 1668 1566 1724 ergo
1581 1654 1657 1724 pueri
1672 1655 1829 1711 communi·

183 1740 293 1812 quiesce
321 1757 339 1794 a
358 1740 491 1807 dextris,
521 1740 549 1793 io
582 1747 623 1793 est
650 1739 677 1793 in
705 1740 856 1810 potioribus
897 1741 976 1808 meis,
1032 1742 1191 1789 «caverant
1202 1736 1279 1791 carni
1289 1743 1316 1791 et
1327 1738 1619 1810 sanguini,et362
1631 1743 1690 1813 ipse
1701 1743 1828 1799 similiter

181 1828 357 1900 quoadusque
371 1844 475 1898 ponam
485 1829 617 1883 inimicos
630 1832 690 1884 tuos
703 1830 856 1884 scabellum
872 1831 975 1900 pedum
1031 1821 1232 1893 “participavit
1263 1823 1377 1890 eisdem»
1400 1834 1429 1881 ul
1459 1843 1508 1897 pet
1531 1837 1646 1886 mortem
1670 1831 1827 1888 destrueret

182 1920 296 1971 tuorum
310 1917 397 1985 (Psoi.
414 1932 468 1983 ctx,
480 1919 505 1982 l,
515 1917 554 1985 Ξ),
566 1916 593 1970 id
608 1925 650 1970 est
661 1917 695 1972 ita
711 1917 829 1987 plenarie
839 1919 977 1986 subjectos
1030 1928 1041 1958 a
1059 1924 1130 1975 eum,
1147 1911 1192 1982 (lui
1206 1911 1325 1967 habebat
1338 1914 1436 1969 ffl0sll⁸
1459 1915 1612 1987 imperium.
1628 1917 1657 1974 ld
1671 1928 1712 1975 0⁸¹
1726 1921 1826 1978 diabo-

180 2004 236 2070 tibi,
260 2011 289 2058 ut
312 2004 462 2060 scabellum
492 2003 634 2071 subjicitur
656 2004 796 2074 pedibus?
811 2006 868 2073 Per¹
891 2007 976 2077 pedes
1029 2016 1040 2046 a
1057 1996 1122 2063 lum,
1138 1999 1309 2056 elllbeffll'el
1325 2003 1440 2074 eos‚qui
1456 2004 1726 2079 ¹5¹110f⁴³¹¹1⁰l²i⁸l¹⁴³r
1740 2017 1826 2068 mm

178 2099 266 2147 tamen
296 2092 448 2145 humanitas
477 2090 576 2146 Christi
595 2091 761 2164 intelligitur,
795 2109 856 2163 qum
882 2094 975 2148 ultima
1027 2084 1263 2143 “vilamobnoxii
1278 2098 1353 2144 erant
1375 2091 1507 2147 servituti.
1523 2093 1663 2166 Nusquam
1677 2097 1753 2153 enirn
1772 2115 1824 2154 an·

177 2197 241 2250 pars
256 2181 284 2235 in
298 2179 355 2235 illo.
385 2182 449 2236 llaec
472 2187 562 2235 autem
585 2180 665 2250 plena
687 2180 819 2249 subjectio
843 2197 973 2237 consum·
1027 2172 1133 2244 ⁸30¹oe
1147 2177 1335 2245 apprehendil·
1348 2179 1822 2255 sedsemenabrahaeapprehendjt,

177 2268 276 2323 manda
290 2277 331 2323 est
345 2268 372 2322 id
386 2268 480 2324 ultimo
493 2267 594 2337 judicio
614 2269 762 2323 secundum
778 2270 973 2326 humanitatem
1026 2261 1132 2317 “Unde
1161 2263 1254 2318 debuit
1275 2281 1324 2335 per
1345 2267 1438 2321 omnia
1461 2267 1588 2324 fratribus
1611 2272 1769 2341 assimilari,
1794 2282 1823 2330 ut

176 2355 246 2410 Filii.
264 2357 335 2412 Vere
350 2357 416 2410 nulli
441 2356 600 2428 angelorum
629 2356 695 2411 dixit
724 2358 777 2412 hoc
803 2359 877 2429 quod
905 2359 972 2415 dixit
1025 2349 1209 2406 ‘mlssel'ifflls
1225 2349 1303 2408 fieret
1325 2362 1353 2408 θῑ
1375 2353 1463 2410 fidelis
1478 2357 1600 2415 P⁰1¹fis⁹¹
1621 2360 1777 2430 etheum,
1792 2372 1822 2420 1¹²

177 2443 254 2510 Filio,
276 2444 501 2510 tedecdextris,
519 2444 582 2515 quia
596 2444 688 2517 angeli
703 2445 818 2499 ministri
834 2453 896 2500 sunt
910 2446 971 2502 Filii
1023 2437 1245 2508 «repropitiaret
1258 2440 1357 2497 delissffl
1372 2443 1475 2514 ΡΟΡΠῙῙ·
1500 2446 1532 2500 1¹¹
1546 2462 1579 2502 0⁰
1606 2448 1680 2504 enim
1708 2450 1739 2506 5¹¹
1767 2469 1821 2524 (1¹¹⁰

175 2532 226 2589 hoo
240 2540 329 2588 antem
340 2548 497 2604 repugnans
512 2541 553 2588 εει
567 2540 597 2587 ut
610 2532 725 2587 ministri
751 2533 804 2588 sint
818 2534 926 2600 Christi,
943 2543 970 2591 ει
1022 2545 1034 2572 ⁸
1053 2540 1151 2594 P³SS¹¹⁸
1166 2535 1208 2582 ³⁸2
1222 2527 1281 2598 ipse
1309 2538 1337 2584 θῑ
1361 2538 1486 2602 ‘eulaius’
1500 2541 1598 2605 P0¹011⁸
1619 2546 1662 2594 θδῑ
1675 2545 1703 2595 θί
1717 2539 1759 2596 eis
1773 2541 1819 2614 qui

174 2621 227 2676 hoc
241 2627 331 2675 autem
345 2635 504 2691 repugnans
520 2628 561 2674 εει
571 2628 600 2675 ut
610 2620 728 2675 ministri
742 2621 795 2676 sint
805 2622 906 2677 Christi
917 2624 969 2680 hoc
1021 2629 1032 2655 “
1050 2616 1188 2667 leniantur
1203 2612 1336 2670 auxiliari.
1357 2637 1368 2664 e

173 2707 296 2776 ejusdem
311 2707 457 2780 dignitatis.
481 2706 560 2775 Quod
580 2708 615 2762 ita
639 2709 675 2762 ait
691 2726 697 2762 :
713 2709 776 2764 idco
799 2718 902 2766 constat
916 2712 968 2768 hoc

170 2811 226 2850 non
241 2810 302 2850 esse
313 2794 414 2850 dictum
422 2794 680 2867 ahcuiangelomm,
691 2796 753 2868 quia
764 2814 859 2855 nonne
871 2814 967 2856 omnes

168 2882 283 2955 angelici
295 2885 551 2955 spiritruquctquot
559 2888 635 2948 tant,
644 2891 705 2938 sunt
713 2886 964 2956 administratorii,
1051 2897 1092 2952 Εχ
1120 2899 1246 2956 omnibus
1274 2905 1460 2975 superioribus
1479 2908 1572 2976 iugem
1601 2912 1636 2966 ad
1660 2913 1715 2972 hoo
1742 2917 1813 2976 enim

167 2970 195 3026 id
222 2978 264 3026 est
290 2970 413 3041 dispositi
442 2978 471 3025 nt
495 2971 683 3026 administrent
702 2973 879 3030 Christotllt
903 2975 964 3048 quia
1014 2987 1249 3056 oompmhandum
1273 2993 1365 3049 omni,
1388 2995 1509 3065 adduxi„
1529 2997 1623 3055 dicen,
1638 3018 1646 3054 :
1661 3000 1734 3071 Quin
1749 3006 1813 3063 siin

166 3059 276 3131 quidam
298 3059 413 3114 ministri
436 3059 574 3115 constituti
603 3068 673 3130 sunt,
704 3061 801 3133 quibus
828 3062 963 3134 imperare
1013 3074 1153 3144 prophetis
1165 3085 1195 3143 et
1218 3078 1246 3133 in
1274 3080 1343 3137 Filio
1367 3082 1473 3139 locutus
1496 3094 1536 3142 est
1559 3088 1643 3155 Deus,
1670 3093 1736 3163 quia
1763 3111 1812 3166 por

164 3164 220 3203 non
234 3146 334 3202 audent
349 3147 463 3213 domini,
479 3147 512 3201 ad
538 3147 591 3204 hoc
613 3149 809 3205 removendum
824 3150 907 3206 addit.
924 3153 963 3208 lta
1011 3161 1109 3216 Filium
1136 3164 1228 3221 omnia
1256 3166 1324 3223 lacta
1353 3178 1425 3237 sunt,
1455 3174 1518 3245 quia
1532 3176 1620 3245 maj0r
1631 3187 1675 3234 est
1689 3183 1808 3255 angelis,

163 3235 225 3291 dico
253 3234 485 3302 administratorii,
503 3237 577 3308 quod
602 3238 684 3294 missi
710 3239 742 3294 io
765 3239 962 3297 ministerium
1011 3249 1072 3320 qnia
1088 3250 1188 3307 dictum
1202 3262 1243 3309 est
1257 3256 1326 3312 Filio
1343 3272 1350 3311 :
1368 3281 1380 3306 ι
1402 3260 1500 3317 Sedea
1512 3262 1623 3332 dextris,
1636 3269 1810 3340 »quodnutti

161 3338 325 3396 quocunqne
350 3323 402 3378 sibi
416 3324 506 3395 placet
534 3326 614 3380 etiam
641 3331 760 3398 propter
786 3341 840 3394 eos,
865 3328 892 3383 id
919 3339 963 3385 est
1010 3336 1111 3393 dictum
1127 3348 1168 3395 est
1182 3343 1291 3413 angelo,
1308 3351 1642 3423 propterecoportetttos
1663 3356 1808 3417 ohservare

159 3419 270 3482 propter
284 3412 422 3468 homines.
455 3412 567 3468 Multum
598 3413 736 3482 subjectos
764 3423 870 3471 constat
898 3433 960 3474 esse
1010 3440 1043 3480 ea
1056 3427 1293 3498 quartodecimas
1307 3446 1324 3488 a
1339 3434 1406 3490 Filio
1420 3436 1808 3520 abundantiusquameaquae

158 3498 276 3565 Christo,
292 3499 406 3571 imperio
422 3501 498 3569 quus
519 3500 676 3556 deserviunt
694 3502 775 3556 etiam
791 3503 957 3572 hominibus,
1007 3512 1159 3570 audivimus
1173 3533 1188 3571 a
1202 3520 1352 3590 prophetis.
1370 3523 1519 3595 Prophetas
1535 3528 1646 3600 quidem
1659 3531 1805 3592 abundan-

156 3587 203 3660 qui
218 3588 339 3644 minores
354 3595 416 3643 sunt
431 3588 548 3661 angelis.
565 3590 678 3660 Propter
692 3605 739 3645 eos
755 3590 828 3660 dico,
844 3594 892 3663 ρει·
907 3610 955 3649 ca·
1007 3606 1059 3668 ter,
1076 3602 1126 3657 sed
1141 3603 1237 3660 Filium
1253 3607 1433 3666 abundantius
1447 3622 1555 3684 oportet
1568 3617 1672 3686 audire,
1687 3625 1805 3695 nesam

155 3677 237 3747 pient
266 3676 465 3732 haereditatem
479 3678 601 3741 solutis,
617 3677 646 3732 id
662 3685 703 3732 est
719 3678 764 3749 qui
778 3679 958 3749 possidebunt
1005 3690 1203 3748 nonandiendo
1213 3693 1319 3766 Fihum,
1329 3699 1541 3772 pereffluamus.
1552 3704 1610 3760 Nos
1619 3707 1714 3765 multis
1724 3712 1804 3770 mixo-

155 3770 286 3819 aeternam
301 3764 415 3820 salutem
431 3763 458 3819 in
471 3764 669 3832 haereditatem,
687 3765 715 3820 id
730 3774 771 3821 εει
785 3765 891 3823 tirmam
905 3769 957 3826 sibi
1005 3775 1053 3831 riis
1068 3785 1095 3833 et
1107 3782 1229 3850 pcccatis
1244 3783 1363 3854 quotidie
1377 3786 1520 3857 effluimus,
1533 3793 1627 3861 sed,si
1641 3811 1699 3852 non
1712 3800 1805 3858 ohser-

156 3851 370 3921 P⁰⁵⁵⁰S⁵i0¹1⁹¹¹h
1004 3880 1099 3920 vernus
1123 3869 1249 3926 mandata
1272 3873 1382 3945 Christi,
1406 3877 1600 3952 pereffluimus,
1630 3884 1694 3956 quia
1724 3904 1803 3947 omne

473 3975 586 4031 CAPUT
606 3976 642 4032 Η·
1004 3951 1105 4009 bonnm
1132 3956 1254 4013 elabetur
1274 3961 1393 4030 anobis,
1424 3974 1451 4021 et
1478 3983 1559 4038 poena
1587 3971 1669 4028 totius
1689 3975 1803 4044 iustitia

1003 4040 1082 4096 nobis
1097 4044 1203 4100 residua
1218 4047 1277 4102 erit.
1294 4049 1420 4107 Probavit
1434 4053 1532 4111 Filium
1546 4073 1608 4114 esse
1622 4061 1787 4122 audiendum

190 4133 201 4160 a
219 4112 369 4183 Propterea
392 4112 576 4169 abundantius
600 4122 708 4186 oportet
729 4116 880 4174 observare
902 4135 953 4176 nos
1003 4135 1059 4183 tum
1073 4131 1136 4202 quin
1150 4132 1180 4186 in
1193 4133 1260 4191 Filio
1275 4134 1381 4194 locutus
1397 4149 1438 4196 est
1453 4143 1537 4212 bens,
1553 4145 1623 4202 sicut
1636 4148 1664 4203 in
1680 4110 1799 4226 prophe:

153 4221 165 4247 υ
183 4215 213 4256 ca
229 4217 290 4272 quae
304 4199 467 4266 audirimus,
484 4217 518 4256 ne
532 4200 601 4258 lorte
615 4203 817 4275 pereffluamus.
835 4207 863 4263 Si
879 4208 951 4263 enim
1002 4216 1046 4284 tis,
1060 4226 1117 4273 tum
1131 4220 1196 4292 quia
1209 4222 1294 4279 Filius
1308 4227 1397 4295 major
1418 4238 1461 4285 est
1484 4233 1599 4306 angelis,
1616 4243 1644 4292 et
1669 4237 1725 4297 hoc
1751 4259 1799 4314 per

152 4309 163 4335 ι
182 4288 227 4360 qui
241 4305 291 4360 per
313 4288 428 4362 angelos
450 4290 538 4346 dictus
558 4299 600 4347 est
623 4308 725 4363 sermo,
742 4294 828 4351 lactus
843 4303 884 4352 est
899 4296 949 4352 lir-
964 4289 1177 4364 Dauotoritntee
1206 4313 1363 4369 eorumdem
1391 4317 1515 4388 probarit
1531 4339 1539 4387 ;
1554 4323 1637 4381 modo
1667 4331 1797 4387 mandata

152 4397 163 4423 ι
180 4391 252 4447 mus,
269 4384 296 4431 et
309 4377 398 4432 omnis
406 4377 595 4449 prevaricatio
609 4387 637 4436 et
650 4381 834 4439 inobedientia
844 4385 950 4456 accepit
998 4391 1058 4447 Filii
1073 4393 1244 4454 observanda
1257 4399 1321 4456 dicit
1336 4402 1398 4459 ideo
1409 4406 1473 4477 quia
1482 4423 1538 4465 non
1546 4408 1679 4483 effugient
1686 4432 1796 4488 poenam

151 4464 281 4533 «justam
311 4466 447 4521 mercedis
481 4466 699 4536 retributionem,
734 4473 870 4542 quomodo
897 4489 948 4528 nos
997 4479 1044 4550 qui
1071 4483 1239 4554 neglexerint
1265 4491 1432 4560 propositam
1459 4495 1512 4551 sibi
1538 4498 1638 4558 attho
1661 4504 1790 4564 uiuum,

151 4572 163 4603 ι
179 4551 351 4626 effugiemus,
368 4554 504 4610 sitantum
515 4555 718 4629 neglexerimus
729 4558 844 4615 salutem
855 4562 869 4616 ι
880 4560 948 4630 Qum
997 4565 1077 4635 Quod
1093 4570 1130 4626 ita
1145 4572 1242 4642 probat
1258 4592 1265 4630 :
1281 4576 1351 4634 Vere
1373 4596 1435 4651 quta
1459 4583 1642 4644 audirimusa
1658 4591 1729 4651 Filio
1742 4596 1793 4654 nisi

150 4661 162 4692 ι
178 4656 242 4697 cum
256 4640 362 4696 initium
376 4643 527 4714 accepisset
542 4645 666 4699 enarrari
680 4660 729 4715 per
743 4646 899 4715 Dominum,
911 4649 946 4703 ab
995 4656 1243 4732 observaverimus,
1258 4665 1457 4740 pereffluemus,
1472 4671 1500 4726 id
1514 4682 1556 4729 εει
1564 4676 1712 4747 puniemur
1730 4683 1794 4755 quia

149 4730 219 4785 «eis
244 4746 290 4801 qur
311 4729 463 4799 audiemnt,
489 4731 517 4784 in
541 4747 592 4787 nos
618 4731 777 4789 confirmata
799 4743 850 4801 est,
876 4751 945 4792 aon·
993 4743 1017 4799 ei
1032 4759 1123 4802 sermo
1147 4750 1305 4820 angelorum
1332 4770 1387 4810 nou
1411 4757 1539 4831 impletus
1565 4778 1675 4834 poenam
1703 4723 1793 4828 iheum

148 4839 159 4864 a
176 4824 292 4873 testante
306 4818 365 4873 Deo
379 4817 466 4889 signis
476 4827 504 4873 et
512 4819 646 4888 portentis
656 4827 683 4876 et
698 4822 780 4877 variis
789 4823 942 4896 virtutibus,
993 4847 1049 4888 non
1063 4834 1281 4910 observantibus,
1299 4849 1362 4900 tnnc
1390 4845 1463 4902 salus
1489 4848 1550 4905 Filii
1578 4854 1704 4926 neglect.
1744 4859 1791 4933 qui

146 4924 158 4955 ι
175 4913 203 4960 ει
218 4905 332 4976 Spiritus
346 4904 433 4961 sancti
455 4905 688 4963 distributionibus
702 4912 852 4967 secundum
866 4929 943 4969 suam
991 4921 1081 4989 major
1104 4932 1146 4979 cst
1172 4926 1289 5000 angelis,
1305 4945 1415 5002 poenam
1442 4935 1540 4994 inferet
1566 4901 1785 5017 negligentibus,

147 5013 158 5041 ι
175 4991 351 5047 uoluntatem.
373 4994 435 5049 Non
456 4993 529 5048 enim
549 4995 656 5067 angelis
671 4998 787 5067 subJecit
805 5001 880 5057 Dens
894 5018 942 5058 or·
991 5006 1069 5077 Quod
1083 5011 1143 5068 ita:
1162 5015 1192 5070 st
1203 5031 1305 5088 sermo,
1321 5018 1349 5073 id
1372 5030 1413 5077 est
1427 5026 1548 5083 ostensio
1563 5029 1713 5090 voluntatis
1727 5036 1777 5093 Dei

145 5078 514 5147 «bcmterraeiaturunt,de
527 5098 581 5154 quo
596 5083 741 5155 loquimur.
758 5087 884 5145 Testatus
899 5099 940 5147 est
990 5111 1038 5151 seu
1052 5097 1081 5151 in
1095 5099 1167 5173 lege,
1184 5119 1233 5158 sen
1247 5104 1276 5158 in
1293 5109 1442 5181 prophetis,
1457 5116 1506 5185 qut·
1529 5131 1622 5174 sermo
1636 5120 1733 5181 ιιιειω
1746 5080 1790 5183 a}

144 5189 156 5216 ι
173 5175 266 5223 autern
280 5167 309 5220 in
324 5169 442 5238 quodam
457 5168 518 5226 loco
534 5170 595 5241 quis
605 5171 709 5228 dicens.
725 5173 796 5242 Quid
808 5178 939 5236 esthemo
987 5200 1039 5256 per
1052 5189 1176 5260 angelos.
1192 5193 1290 5264 Angeli
1306 5195 1379 5251 enim
1393 5207 1420 5254 et
1435 5201 1621 5279 lloysilegem
1636 5216 1663 5264 et
1678 5214 1785 5270 cateth

143 5255 247 5328 «quod
260 5269 411 5310 memores
426 5257 512 5325 cujm,
529 5266 574 5312 cut
589 5257 661 5314 lilius
675 5261 793 5318 hominis
808 5266 937 5336 qnoniam
986 5275 1127 5346 prophetis
1149 5278 1347 5351 ministrabant,
1374 5302 1545 5363 quaeeunque
1572 5294 1612 5350 iffi
1636 5296 1783 5373 dmm

141 5365 154 5397 ι
170 5344 264 5401 visitas
279 5343 365 5400 euml
378 5342 499 5400 Minuisti
522 5361 584 5401 eum
597 5346 680 5418 paulo
694 5349 784 5405 minus
797 5351 833 5407 ab
847 5368 936 5426 ange·
986 5360 1019 5428 si,
1033 5361 1154 5436 inquam,
1170 5366 1216 5424 hic
1230 5384 1321 5428 sermo
1334 5375 1650 5452 retucuasach
1664 5395 1709 5444 ast
1718 5405 1784 5448 con·

1331 2779 1493 2824 EXPOSI'l'lO.

141 5431 212 5499 alis,
230 5431 319 5504 gloria
333 5438 360 5489 et
374 5431 478 5488 honore
491 5435 628 5491 coronasti
642 5453 714 5506 eum,
731 5445 758 5494 et
772 5441 935 5499 constituisti
984 5447 1106 5509 firmatus
1126 5461 1179 5522 est,
1212 5456 1282 5514 sicut
1309 5458 1353 5518 lex
1371 5463 1437 5522 data
1458 5467 1557 5541 Moysi,
1581 5487 1633 5544 per
1655 5478 1781 5549 quam
