3750 5984
102 180 157 240 aas
416 180 606 240 EXPOSITIO
624 183 662 239 ΙΝ
678 173 869 239 nslsr'otns'
887 173 999 239 PAULI.
1015 210 1050 222 -
1064 180 1102 237 IN
1120 180 1228 238 EPIST.
1249 182 1296 238 nb
1314 177 1438 240 nehus.
1697 171 1749 238 dil

106 294 234 374 fundum,
250 305 323 363 dicta
336 312 378 362 est
391 321 457 377 pars
471 305 517 362 illa
540 306 631 362 crucis
646 322 707 379 quae
722 306 838 360 interra
851 304 943 366 fixaA
959 324 971 356 ι
988 303 1063 360 omni
1075 304 1227 362 humilitate
1248 313 1275 362 et
1288 304 1515 372 mansuetudine,
1533 320 1595 361 cum
1615 304 1752 376 patientia,

108 391 170 464 init,
196 394 269 466 quod
289 392 452 465 profundum
480 394 607 465 designat
634 394 768 450 occultam
792 392 910 466 gratiam
963 400 1181 463 «supportantes
1204 394 1321 450 invicem
1349 393 1377 447 in
1397 393 1536 449 charitate.
1567 391 1678 448 Solliciti
1692 407 1753 449 ser·

111 478 176 552 Dei,
197 497 251 553 qua
266 482 326 538 sine
341 482 438 537 merito
465 482 539 539 bona
552 481 713 553 multiplicat
734 481 791 537 suis
805 480 909 536 eisdem
962 499 975 531 ι
990 495 1058 536 vare
1072 481 1202 536 unitatem
1217 481 1329 553 spiritus
1342 480 1371 537 in
1385 481 1496 538 vinculo
1511 480 1587 552 pacis
1602 481 1690 550 (Rom.
1703 495 1753 546 ιιιι,

111 568 298 625 nescientibus
311 585 395 642 quare
423 570 462 625 sic
477 569 566 625 iaciat.
596 570 660 625 llaec
689 577 777 625 tamen
796 568 825 623 in
843 569 910 639 ipsis
963 569 1046 638 «10).
1063 570 1152 624 Unum
1165 585 1280 640 corpus,
1296 577 1323 625 et
1336 586 1408 624 unus
1431 569 1551 640 spiritus,
1568 568 1638 624 sicut
1665 568 1754 625 vocati

110 655 301 728 intelligimus,
325 658 366 714 sic
393 657 554 729 exponendo
570 675 577 711 :
593 657 704 713 Possitis
731 657 910 728 comprehen-
962 679 973 703 ι
990 655 1056 711 estis
1069 655 1097 711 in
1112 672 1167 712 una
1181 673 1230 728 spe
1241 657 1392 715 vocationis
1402 665 1507 713 vestrae.
1520 658 1596 713 Unus
1611 656 1753 727 Dominus,

109 743 179 800 dere
194 761 254 817 quae
282 745 316 799 sit
343 744 467 812 latitudo,
496 746 525 801 id
539 752 580 800 εει
607 760 689 816 quarn
702 745 771 800 latos
785 751 931 815 oporteat=
961 758 1045 798 uuna
1059 742 1137 813 fides,
1160 761 1244 799 unum
1266 745 1411 816 baptisma.
1435 746 1511 801 Unus
1527 746 1600 800 Dens
1630 754 1656 799 et
1676 745 1756 800 Pater

110 847 163 890 vos
177 848 239 889 esse
255 833 282 887 in
297 833 439 900 charitate,
456 841 485 889 ut
498 833 579 889 etiam
601 832 792 889 benefaciatis
808 831 849 887 his
864 831 911 903 qui
962 851 974 880 ι
990 831 1121 898 omniurn,
1138 832 1184 903 qui
1208 848 1291 903 super
1317 847 1422 899 ornnes,
1439 842 1465 887 ει
1494 848 1544 903 ρει
1572 832 1671 900 omnia,
1687 833 1754 888 etin

109 920 295 977 resederint.
318 921 353 976 ltt
379 921 530 992 longitudo,
547 920 575 977 id
599 928 642 976 est
669 937 751 993 quam
770 919 868 992 longos
883 927 911 975 et
963 919 1117 974 comnibus
1145 920 1232 975 nobis.
1266 920 1417 992 Unicuique
1445 929 1535 976 autem
1554 929 1676 975 nostrum
1692 920 1756 975 data

107 1008 293 1080 perdurantes
307 1007 336 1063 in
351 1008 495 1066 dilectione
511 1016 634 1080 oporteat
643 1024 693 1065 vos
707 1025 779 1074 esse,
790 1016 819 1063 ut
828 1008 909 1064 etiam
963 1026 974 1056 ι
991 1013 1032 1062 εει
1046 1006 1136 1078 grana
1150 1007 1301 1062 secundum
1322 1023 1478 1063 mensuram
1506 1007 1661 1064 donationis
1675 1007 1757 1063 Chri·

109 1095 137 1151 si
152 1096 261 1168 expedit
275 1096 571 1152 nonforrnidetismori
584 1098 701 1168 probeo
716 1096 760 1153 vel
773 1096 908 1167 proximo.
963 1114 974 1140 u
992 1093 1037 1148 sti.
1052 1093 1166 1164 Propter
1181 1094 1254 1166 quod
1267 1094 1331 1150 dicit
1350 1111 1357 1149 t
1372 1095 1532 1151 Ascendens
1547 1095 1574 1150 in
1590 1095 1674 1150 altum
1688 1110 1755 1166 cap·

112 1183 223 1256 litque
237 1184 272 1238 sit
287 1183 447 1253 sublimitas,
465 1184 602 1256 quomodo
626 1200 743 1256 superno
772 1191 907 1254 respectu,
962 1201 974 1233 ι
991 1181 1072 1237 tinam
1092 1181 1169 1236 duxit
1192 1182 1384 1252 captivitatem,
1401 1183 1476 1238 dedit
1503 1182 1573 1238 dona
1600 1183 1757 1240 hominibus

109 1285 168 1328 non
182 1279 309 1344 respectu
323 1272 418 1327 mundi
433 1272 643 1344 quaelibethona
657 1272 772 1329 faciatis.
789 1273 821 1327 Et
836 1270 910 1342 quod
962 1290 974 1320 ι
991 1269 1079 1339 (Psoi.
1096 1283 1184 1335 uxvrr,
1201 1272 1256 1339 ts).
1272 1269 1352 1337 Quod
1366 1277 1457 1325 autern
1471 1271 1607 1338 ascendit,
1624 1272 1688 1343 quid
1704 1279 1755 1340 est,

111 1359 151 1414 sit
167 1359 352 1430 profundum,
369 1360 453 1416 idest
475 1360 580 1417 occulta
608 1361 696 1432 gratia
710 1360 761 1416 Dei
777 1358 908 1424 invehis,
962 1377 974 1406 ι
991 1356 1044 1411 nisi
1065 1357 1129 1427 quia
1148 1364 1176 1411 et
1203 1357 1344 1414 descendit
1372 1358 1463 1428 (loon.
1479 1374 1519 1426 ιιι,
1537 1362 1581 1431 15)
1595 1360 1713 1431 primum
1728 1360 1756 1414 in

112 1462 170 1520 qua
179 1462 229 1503 vos
244 1447 304 1503 sine
318 1447 416 1503 merito
431 1447 597 1518 iustihcavit,
609 1457 635 1503 et
648 1447 810 1520 provehitul
822 1447 910 1503 eliam
962 1466 974 1492 ι
992 1444 1137 1500 inferiores
1151 1452 1242 1515 partes
1257 1453 1350 1502 terrae.
1367 1445 1421 1515 Qui
1436 1446 1586 1514 descendit,
1601 1448 1660 1519 ipse
1675 1455 1717 1503 est
1730 1455 1757 1503 et

110 1534 227 1609 possitis
241 1536 315 1591 scire
335 1535 507 1592 charitalem
536 1536 651 1602 Christi,
667 1534 750 1591 idest
774 1534 910 1606 quomodo
963 1554 974 1579 ι
992 1532 1038 1603 qui
1062 1532 1185 1589 ascendit
1208 1549 1290 1604 super
1317 1548 1412 1590 omnes
1427 1534 1522 1602 eoelos,
1543 1542 1573 1590 ut
1596 1535 1757 1606 adimpleret

110 1623 238 1680 Chrisnrs
256 1638 306 1679 vos
320 1623 456 1679 dilexerit.
920 1652 947 1712 B
964 1642 975 1668 ι
992 1619 1092 1675 omnia.
1109 1622 1144 1676 Et
1158 1620 1218 1691 ipse
1231 1620 1307 1677 dedit
1321 1622 1453 1692 quosdam
1476 1621 1587 1693 quidem
1606 1623 1755 1694 apostolos,

150 1710 314 1767 Charitatem
330 1710 391 1767 dico
405 1712 663 1783 snpereminentem
682 1709 757 1766 omni
770 1712 909 1767 scientior.
964 1730 975 1757 ι
992 1708 1125 1779 quosdam
1144 1716 1234 1764 autern
1257 1709 1414 1780 prophetas.
1431 1709 1507 1766 Alios
1520 1725 1587 1767 uero
1601 1711 1757 1783 evangelis·

110 1798 194 1856 Nulla
208 1798 281 1854 enirn
295 1798 408 1855 scientia
430 1798 665 1870 comprehendere
688 1797 785 1854 sufficit
814 1805 912 1868 quanta
964 1803 1044 1863 etas,
1060 1795 1128 1851 alios
1152 1804 1243 1851 autem
1264 1805 1409 1866 pastores,
1426 1805 1452 1854 et
1473 1797 1600 1855 doctores
1615 1798 1688 1871 (Cor.
1704 1814 1756 1865 ιιι,

111 1885 149 1942 sit
162 1885 279 1942 charitas
293 1885 407 1943 Christi.
426 1887 476 1944 Vel
490 1886 527 1941 ita
544 1886 679 1942 :Possitis
707 1886 779 1941 scire
795 1884 912 1942 charita·
964 1902 976 1932 ι
993 1884 1050 1953 28),
1067 1882 1101 1937 ad
1116 1883 1380 1939 consummationem
1401 1893 1559 1941 sanctorum
1580 1885 1608 1941 in
1622 1901 1690 1956 opus
1703 1886 1757 1940 mi-

109 1981 168 2030 tem
182 1973 305 2030 scientiae
320 1974 429 2042 Christi,
444 1974 595 2030 secundum
609 1974 761 2030 scientiam.
779 1974 912 2044 lgnoran·
965 1991 976 2021 ‹
993 1970 1109 2040 nisterii,
1125 1971 1152 2025 in
1167 1969 1373 2027 aedificationem
1387 1971 1511 2042 corporis
1529 1972 1629 2028 Christi
1646 1987 1653 2027 τ
1669 1973 1758 2031 donec

110 2068 156 2117 tes
169 2061 243 2117 enim
256 2061 418 2134 plerumque
431 2052 580 2135 diligimus,
597 2063 656 2132 sed,
674 2062 697 2117 si
726 2061 912 2134 cognitionem
965 2080 976 2106 α
994 2073 1170 2115 occurremus
1183 2074 1280 2114 omues
1292 2059 1319 2113 in
1334 2058 1464 2114 unitatem
1479 2059 1553 2126 fidei,
1569 2068 1596 2115 et
1610 2059 1757 2132 agnitionis

112 2148 155 2206 rei
169 2164 252 2222 qoam
266 2148 407 2222 diligimus
415 2149 577 2218 habeamus,
589 2149 674 2205 multo
696 2149 785 2222 magis
801 2149 827 2203 in
840 2147 914 2204 honi-
965 2144 1041 2200 «tilii
1056 2146 1116 2209 Dei,
1130 2145 1157 2200 in
1171 2145 1261 2201 virum
1284 2145 1443 2217 perlectum,
1459 2146 1488 2201 in
1501 2161 1657 2203 mensuram
1672 2149 1759 2204 aetatis
1835 2173 1838 2179 ·

110 2242 170 2293 tete
188 2236 230 2293 rei
243 2237 362 2308 cognitae
371 2237 511 2311 diligenda
520 2237 704 2295 accendimur.
717 2236 782 2292 ldeo
796 2235 834 2290 ait
848 2235 913 2292 cha·
966 2232 1171 2304 «plenitudinis
1200 2232 1297 2289 Christi
1314 2251 1321 2288 ε
1336 2241 1364 2288 ut
1385 2235 1442 2303 jam
1465 2249 1521 2291 non
1545 2234 1632 2290 simus
1653 2235 1759 2307 parvuli
1828 2266 1831 2271 -

112 2324 224 2380 ritatem
238 2314 359 2381 scientie
376 2326 491 2392 Christi,
508 2325 537 2380 id
552 2332 593 2381 est
607 2323 756 2381 secundum
771 2323 912 2379 scientiam
965 2343 977 2369 ι
995 2320 1166 2388 fluctuantes,
1183 2328 1210 2377 et
1224 2321 1448 2378 circumferamur
1460 2323 1534 2378 omni
1560 2331 1642 2379 vento
1655 2324 1759 2380 doctri-

111 2411 149 2468 de
163 2411 270 2467 Christo
286 2412 415 2467 habitant.
431 2412 596 2468 charitatem
610 2411 732 2469 soientiae
742 2410 803 2466 dico
818 2425 914 2481 super·
967 2430 978 2456 ι
994 2424 1047 2474 nae,
1059 2408 1086 2462 in
1101 2408 1221 2481 nequitia
1245 2409 1395 2478 hominum,
1411 2409 1440 2465 in
1463 2411 1561 2466 astutia
1581 2411 1617 2466 ad
1639 2411 1759 2468 circum-

112 2498 280 2555 eminentem
294 2499 419 2556 charitati
433 2499 606 2570 ignorantiae.
627 2500 731 2555 Bonum
747 2497 821 2569 quod
835 2497 914 2570 igno-
966 2496 1149 2552 «ventionem
1163 2497 1278 2552 erroris.
1297 2497 1446 2553 Veritatem
1460 2506 1550 2554 autem
1578 2498 1709 2556 facientes
1733 2500 1761 2555 in

110 2595 189 2643 ratur
207 2587 298 2643 minus
326 2587 456 2660 diligitur.
486 2587 600 2643 Possitis
627 2585 861 2658 comprehendere
887 2594 913 2641 et
966 2604 978 2636 ι
997 2584 1135 2653 charitate,
1152 2599 1308 2641 crescamus
1322 2585 1350 2639 in
1365 2585 1413 2641 illo
1420 2601 1471 2656 per
1480 2586 1579 2652 omnia,
1596 2586 1643 2658 qui
1656 2594 1698 2642 est
1710 2602 1760 2643 ca-

111 2669 198 2738 soire,
214 2670 277 2725 ideo
292 2674 325 2726 ιιι
340 2671 521 2743 impleamini
535 2670 625 2726 eundo
639 2672 670 2726 in
685 2686 813 2738 omnem,
830 2668 857 2724 id
872 2675 914 2722 est
966 2693 977 2719 ι
995 2678 1043 2742 put
1059 2671 1193 2741 Christus,
1209 2686 1243 2728 ex
1258 2687 1312 2744 quo
1327 2680 1411 2729 totum
1427 2689 1528 2744 corpus
1542 2682 1723 2745 compactum,
1733 2683 1759 2731 et

111 2757 143 2814 in
158 2758 282 2814 omniurn
301 2758 436 2814 bonorum
458 2758 671 2831 plenitudinem
687 2758 747 2824 liei,
763 2757 792 2813 id
811 2763 853 2811 est
880 2772 914 2810 ex
967 2779 978 2809 ι
996 2773 1150 2815 connexum
1165 2775 1214 2830 per
1227 2775 1337 2816 omnam
1344 2761 1501 2830 juncturam
1529 2761 1759 2819 subministratio·

113 2847 177 2903 Deo
187 2845 319 2902 habitam.
335 2847 397 2919 Ego
411 2846 493 2915 ilecto
502 2861 594 2917 penno
608 2846 914 2916 ntrosporsitiscom-
966 2869 977 2894 u
995 2847 1048 2916 nis,
1064 2846 1216 2903 secundum
1230 2848 1415 2918 operationem
1429 2849 1457 2904 in
1481 2864 1639 2906 mensuram
1664 2851 1761 2906 unius-

114 2933 293 3008 pretendere
303 2940 330 2988 et
339 2933 420 2989 scire.
435 2934 497 3005 lpse
511 2936 609 2990 aulem
618 2935 691 2989 Deos
700 2936 802 3004 polens
812 2936 855 2990 cst
864 2934 912 3001 fa·
966 2956 978 2982 ι
995 2934 1127 3007 cujusque
1152 2935 1286 3001 membri,
1309 2943 1487 3008 augmentum
1517 2939 1642 3008 corporis
1655 2936 1721 2995 lacit
1735 2939 1762 2993 in

111 3038 178 3080 cere
188 3023 286 3078 mnnin
296 3037 469 3095 quaecamque
483 3029 634 3092 opportuna
645 3019 845 3077 242sont.
861 2994 949 3075 ιιι-0
966 3043 978 3069 ι
996 3020 1204 3077 aedificationem
1219 3023 1262 3078 sui
1276 3023 1304 3078 in
1319 3024 1463 3081 charitate.
1488 3025 1545 3080 lloc
1560 3025 1643 3096 igitur
1658 3026 1720 3081 dico
1735 3035 1762 3082 ει

111 3125 177 3167 cere
185 3109 248 3166 dico
255 3109 435 3169 abundanter
443 3125 620 3182 mproqnum
626 3109 760 3180 petimus,
769 3112 820 3164 uni
827 3124 914 3180 supro
965 3128 977 3160 ι
995 3107 1127 3165 testificor
1136 3109 1164 3164 in
1178 3111 1305 3178 Domino,
1321 3119 1351 3166 ιιι
1362 3112 1418 3181 jam
1432 3128 1489 3168 non
1517 3112 1670 3182 ambuletis,
1690 3113 1761 3170 sicut

112 3215 201 3272 pacm
208 3197 502 3270 inlelligimm.Nemo
510 3197 581 3253 enim
592 3197 732 3252 hominum
740 3196 851 3251 auderet
860 3197 913 3251 hoc
966 3219 976 3245 ι
995 3204 1021 3252 ει
1036 3204 1133 3269 gentes
1146 3198 1285 3253 ambulant
1295 3199 1322 3253 in
1333 3200 1451 3255 vanitate
1462 3216 1560 3256 sensus
1570 3200 1622 3267 sui,
1638 3202 1760 3257 tenebris

112 3286 298 3358 petereaDeo
307 3293 337 3341 ut
346 3285 442 3340 Filium
452 3301 531 3340 suurn
539 3284 783 3351 Deum‚hominem
794 3283 911 3349 laceret3
963 3307 974 3332 e
992 3285 1168 3340 obscuratum
1197 3286 1330 3342 habentes
1345 3287 1522 3357 intellectum,
1539 3288 1649 3344 alienati
1673 3305 1689 3344 a
1704 3290 1760 3347 vita

112 3373 190 3446 quod
208 3381 300 3429 tamen
326 3372 403 3430 lecit.
435 3373 523 3429 Nemo
546 3373 628 3429 etiam
642 3371 796 3442 intelligere
820 3379 913 3442 posset
965 3372 1043 3427 «Dei
1057 3372 1311 3443 perignorantiam,
1328 3391 1389 3445 quae
1403 3375 1486 3430 estin
1502 3375 1556 3430 illis
1574 3385 1687 3447 propter
1701 3392 1758 3433 ειε-

110 3477 167 3535 quo
181 3461 279 3518 ordine
297 3461 406 3533 pietatis
429 3460 566 3517 hominem
583 3459 720 3531 perditum
739 3459 910 3524 restauravit,
965 3481 977 3510 ι
994 3460 1103 3517 εἰιειειιι
1118 3460 1209 3516 cordis
1222 3460 1366 3531 ipsorum;
1382 3462 1428 3533 qui
1448 3462 1637 3533 desperantes,
1654 3472 1758 3520 semet-

111 3557 139 3606 et
153 3549 297 3604 innumera
307 3549 380 3604 bona
393 3565 453 3620 quae
467 3548 540 3613 lacit,
565 3556 591 3602 ει
604 3547 666 3602 ideo
681 3547 751 3602 bene
765 3546 811 3614 ait,
828 3560 912 3616 snpra
965 3569 976 3594 u
993 3547 1068 3618 ipsos
1082 3547 1250 3603 tradiderunt
1264 3548 1449 3621 impudicitiae,
1464 3550 1492 3604 in
1507 3551 1692 3620 operationem
1706 3552 1758 3606 im-

109 3653 199 3712 qttont
211 3639 347 3710 petimus,
358 3641 409 3692 ool
424 3638 624 3708 inlellipimns.
640 3636 675 3691 Et
690 3635 761 3708 quod
771 3642 845 3689 tanta
858 3650 911 3706 po·
964 3655 976 3685 ι
992 3635 1132 3690 munditiae
1146 3636 1245 3702 omnis,
1261 3637 1288 3690 iu
1303 3636 1445 3693 avaritiam
1456 3637 1688 3709 (Romuli-31).
1701 3641 1756 3696 Vos

109 3733 176 3782 tens
190 3725 225 3780 sit
236 3725 328 3781 facere
341 3725 460 3795 probare
473 3740 635 3796 possumus,
651 3722 741 3779 eundo
755 3721 911 3780 secundnm
964 3745 975 3770 ι
992 3729 1082 3779 autem
1097 3737 1151 3778 non
1166 3723 1204 3780 ita
1217 3723 1349 3779 didicistis
1364 3715 1509 3791 Christum,
1535 3725 1559 3780 si
1578 3733 1668 3782 tamen
1680 3726 1756 3782 illum

108 3816 334 3886 virtutemque
348 3812 434 3868 virtus
448 3813 692 3885 ejusoperolnrin
702 3813 790 3877 nobis,
803 3810 875 3882 quia,
887 3810 911 3864 si
964 3831 975 3858 ι
997 3810 1120 3880 audistis,
1137 3818 1163 3866 ει
1179 3810 1281 3883 inipso
1304 3812 1394 3869 edocti
1416 3812 1499 3878 estis,
1515 3812 1584 3868 sicut
1598 3821 1640 3869 est
1654 3814 1756 3870 veritas

108 3900 320 3959 considerantur
330 3917 362 3956 ea
376 3916 438 3974 que
447 3901 527 3956 nobis
540 3899 651 3956 contulit
658 3907 778 3971 potestas
790 3898 910 3955 miracu·
964 3920 975 3945 u
991 3897 1020 3954 in
1034 3899 1108 3954 Jesu.
1135 3899 1268 3970 Deponite
1287 3899 1348 3972 lai..
1365 3898 1513 3973 deponere]
1541 3915 1591 3957 ιοε
1606 3901 1755 3958 secundum

106 3988 211 4057 lerum,
228 3996 255 4045 et
269 3987 352 4044 multa
366 3987 427 4054 elia,
439 4003 490 4059 per
499 3988 559 4044 haec
572 3988 654 4058 plane
668 3986 822 4059 colligimus
837 3986 911 4058 quod
962 4006 974 4038 ι
991 3986 1134 4057 pristinam
1148 3987 1383 4043 conversationem
1407 3995 1529 4045 veterem
1555 3989 1694 4045 hominem
1709 3990 1757 4062 qui

110 4093 145 4133 ex
159 4076 300 4133 uoluntate
313 4085 411 4147 potens
421 4075 456 4130 sit
470 4075 505 4132 de
529 4083 630 4132 caetero
644 4089 833 4132 consummare
848 4088 909 4129 om·
963 4096 974 4120 u
991 4074 1179 4146 corrumpitur,
1197 4075 1346 4131 secundum
1367 4075 1504 4132 desideria
1514 4077 1616 4133 erroris
1631 4077 1700 4147 (dol.
1712 4093 1754 4145 ιιι,

108 4164 158 4221 nia
171 4165 200 4220 in
214 4163 305 4220 nobis.
320 4165 354 4220 tlt
373 4168 471 4221 antem
484 4165 534 4236 qni
557 4163 598 4220 sic
622 4167 723 4236 polens
742 4166 785 4219 est
803 4165 908 4234 (acore,
962 4184 973 4210 ι
996 4162 1034 4233 8).
1044 4161 1222 4218 lienovamini
1236 4170 1325 4218 eutem
1336 4163 1433 4235 spirito
1445 4164 1544 4220 mentis
1554 4172 1661 4236 vestrae,
1674 4173 1702 4220 ει
1708 4167 1755 4238 in·

108 4253 168 4325 ipei
178 4251 229 4308 soli
243 4267 299 4308 non
313 4253 441 4307 humanae
455 4250 559 4320 virtuti,
585 4250 619 4305 sit
632 4251 764 4323 plorioin
773 4249 908 4316 Ecclesia,
963 4269 974 4299 ι
990 4248 1063 4305 duite
1076 4264 1176 4305 nouum
1191 4250 1338 4320 hominem,
1353 4251 1398 4322 qui
1414 4252 1564 4308 secundum
1574 4253 1662 4309 Deum
1677 4268 1757 4310 crea·

107 4339 140 4395 id
150 4339 231 4397 estin
243 4339 462 4396 consideratione
473 4339 615 4406 bonorum,
624 4354 684 4411 quae
693 4337 799 4394 confert
810 4336 944 4401 Eccle-I)
962 4359 973 4385 ι
990 4344 1034 4392 tus
1044 4345 1084 4392 εει
1099 4337 1127 4391 in
1139 4338 1245 4407 justitia
1259 4347 1285 4394 et
1300 4339 1443 4395 sanctitate
1471 4340 1595 4396 veritatis
1609 4341 1697 4413 (Rom.
1715 4357 1755 4408 vr,

106 4427 169 4498 sie,
185 4427 308 4484 cleliam
329 4428 362 4484 in
382 4428 581 4493 christetem,
598 4426 659 4498 quia
672 4442 723 4481 nec
736 4424 788 4496 ipsi
803 4424 908 4480 Christo
962 4448 974 4474 ι
994 4424 1048 4495 ιιι).
1060 4426 1175 4496 Propter
1185 4426 1259 4497 quod
1272 4426 1442 4498 deponentes
1465 4428 1646 4496 mendacium,
1665 4429 1757 4500 loqui·

107 4515 263 4572 secundum
275 4514 414 4571 hominem
428 4515 464 4570 de
487 4515 567 4570 bonis
583 4531 643 4586 quae
658 4512 744 4585 gessit
759 4512 847 4586 gloria
861 4513 910 4568 de-
964 4534 976 4564 ι
992 4511 1597 4588 miniveritatemunusquisquacumproximo
1607 4517 1755 4588 suo(llebr.

106 4603 203 4673 betur,
218 4602 268 4659 sed
281 4603 350 4659 Deo.
368 4603 463 4660 Gloria
472 4602 707 4674 dieopermanens
720 4602 752 4656 in
761 4616 857 4659 omncs
867 4617 910 4672 pe·

105 4692 296 4759 sacrationem·
311 4691 347 4747 eb
356 4690 426 4747 Abel
440 4690 513 4746 enim
528 4690 618 4763 primo
629 4690 703 4760 justo
718 4689 793 4744 nulla
805 4696 904 4760 praete·

106 4778 155 4835 riit
162 4778 318 4850 generatio,
333 4794 395 4851 quae
411 4792 466 4834 non
494 4779 608 4834 haberet
635 4777 742 4850 aliquos
757 4777 786 4831 in
809 4775 906 4848 quibus

103 4865 275 4941 gloriaretur
283 4867 367 4922 Deos.
386 4866 586 4924 Generaliones
596 4865 657 4922 dico
668 4865 781 4930 secoli,
797 4878 814 4919 a
828 4863 907 4934 prin-

104 4953 180 5026 cipio
195 4970 283 5026 usque
298 4954 333 5009 ad
361 4951 454 5010 linem.
470 4953 568 5011 Saeculi
591 4953 653 5009 dico
676 4953 857 5016 seculorum,
879 4949 908 5004 in

103 5050 163 5115 qno
183 5040 270 5098 mults
285 5040 386 5098 secula
402 5041 586 5109 continentur,
614 5040 668 5112 ipsi
692 5039 791 5112 gloria.
808 5043 905 5104 lmen,

103 5143 160 5203 pro
174 5136 252 5186 certo
267 5129 304 5185 ita
320 5138 370 5186 est.

112 5206 115 5211 '
430 5199 544 5257 CAPUT
558 5199 603 5255 lV.

93 5303 102 5385 Ἰ
143 5303 299 5362 «Obsecro
312 5305 402 5377 itaque
426 5321 476 5362 vos
496 5321 549 5379 ego
565 5304 672 5362 vinctus
694 5303 722 5358 in
746 5301 862 5358 Domino
878 5309 908 5357 ut

90 5380 120 5450 'e
154 5393 161 5406 ‘
204 5409 221 5451 e
241 5392 385 5450 ambuletis
408 5393 552 5452 vocatione
565 5408 621 5466 quc
646 5390 735 5450 'vocati
749 5390 825 5461 estis,
845 5406 907 5448 cum

964 4622 975 4649 o
993 4604 1041 4668 123
1057 4602 1157 4657 lPelr.
1169 4616 1199 4668 ιι,
1216 4603 1255 4673 3),
1284 4603 1414 4676 quoniam
1428 4620 1522 4660 sumus
1536 4605 1652 4662 invicem
1666 4621 1756 4661 mem-

964 4708 976 4740 «
992 4688 1053 4744 bra.
1072 4710 1083 4740 ‹
1100 4689 1261 4757 Irascimini,
1272 4698 1299 4745 et
1312 4690 1396 4747 nolite
1409 4691 1624 4765 peccare(l>snl.
1637 4708 1675 4759 ιι,
1687 4695 1726 4764 5).
1740 4714 1752 4744 ι

964 4796 975 4823 ι
994 4775 1040 4831 Sol
1054 4792 1109 4832 non
1123 4777 1328 4848 occidatsuper
1346 4778 1515 4836 iracundiam
1525 4789 1651 4836 vestram.
1667 4780 1757 4836 Nolite

963 4863 1087 4920 «locum
1124 4864 1192 4922 dare
1218 4865 1339 4923 diabolo.
1382 4865 1434 4935 Qui
1460 4867 1599 4924 furabatur
1624 4869 1682 4938 jam
1701 4885 1756 4925 non

963 4949 1184 5024 ·ruretur(1ac.
1210 4968 1249 5020 ιι,
1266 4956 1305 5024 Ἷ);
1330 4954 1420 5026 magis
1446 4963 1535 5011 autem
1558 4955 1672 5023 laboret,
1688 4971 1756 5029 ope·

964 5039 1079 5094 «rende
1092 5040 1218 5096 manibus
1241 5040 1298 5096 suis
1312 5041 1386 5114 quod
1413 5042 1512 5098 bonurn
1535 5051 1586 5114 est,
1608 5051 1637 5099 ut
1659 5044 1756 5102 habent

964 5145 976 5177 ι
993 5127 1065 5182 ιιιιιιε
1075 5127 1176 5183 tribuat
1185 5128 1377 5186 necessitatem
1388 5129 1507 5187 243
1520 5131 1644 5202 patienti.
1659 5131 1756 5189 Omnis

963 5235 975 5261 ι
992 5229 1084 5272 sermo
1099 5215 1187 5272 malus
1203 5233 1236 5272 ex
1251 5230 1299 5273 ore
1320 5226 1412 5273 vestro
1436 5233 1491 5274 non
1505 5221 1656 5291 procedat;
1672 5221 1722 5277 sed
1736 5219 1760 5275 si

963 5301 1055 5374 equis
1084 5304 1173 5361 bonus
1201 5312 1243 5361 est
1271 5305 1307 5361 ad
1333 5303 1540 5365 edificationem
1565 5307 1639 5376 fidei,
1660 5316 1689 5363 ut
1711 5308 1758 5364 det

969 5391 1115 5473 aggratiam
1129 5393 1312 5451 audientibus.
1337 5392 1372 5448 Et
1394 5393 1478 5451 nolite
1492 5396 1651 5453 contristare
1675 5394 1763 5469 Spiri-
