3742 5986
104 168 159 222 tta
420 164 611 222 EXPOSITIO
627 165 665 221 IN
677 161 869 221 Eetsrotts
897 161 1010 218 PAULI.
1026 191 1061 203 -
1075 161 1113 218 IN
1128 161 1237 218 EPIST.
1259 161 1271 217 l
1289 161 1336 217 An
1356 159 1436 218 COR.
1706 157 1758 213 tet

105 306 176 347 cens
192 308 199 345 :
217 290 281 346 ldeo
308 289 402 362 utique
430 289 524 363 fugere
552 289 659 346 dehetis
686 288 944 348 fornicationem.A
958 285 1014 342 risa
1029 286 1159 358 patientia
1172 285 1262 356 huius,
1278 286 1417 360 gaudeant
1431 283 1619 341 contumeliam
1635 280 1692 353 pati
1708 296 1758 352 pro

106 379 182 434 Nam
190 395 271 435 omne
282 378 354 433 aliud
364 377 907 453 peccatumquodeooqoefecerithomo,
960 374 1069 430 nornine
1085 375 1184 431 Christi
1200 377 1273 447 (Act.
1292 391 1319 441 r,
1329 376 1385 446 lt).
1408 377 1523 431 Portote
1534 372 1595 428 dieo
1605 372 1693 426 Deum
1704 384 1759 424 non

109 472 352 541 cotrocorposert
360 467 422 524 :sed
432 467 532 542 illequi
541 468 714 540 fornicatur,
722 471 821 540 peccat
830 469 909 522 intro
959 464 1048 520 solum
1064 465 1091 519 in
1102 464 1202 534 anima,
1215 465 1263 519 sed
1275 464 1355 519 etiam
1366 467 1396 519 in
1408 479 1522 536 corpore
1532 465 1634 525 oestro,
1646 466 1675 514 ut
1683 475 1760 513 mun·

107 573 213 629 corpus
228 572 320 612 worn.
339 558 406 612 Sunt
416 556 508 629 utique
519 556 644 629 quaedam
654 564 773 628 peecata,
790 572 851 628 qua
861 572 909 626 pe·
959 552 1024 608 ditia
1038 553 1162 625 corporis
1175 553 1258 609 vestri
1273 553 1356 626 digua
1372 552 1406 608 sit
1420 560 1530 624 portare
1540 550 1636 623 jugum
1646 545 1757 604 Christi.

106 644 183 700 nitus
196 645 299 699 nullam
313 644 521 701 delectationem
536 643 652 701 afferunt
667 644 742 701 carni
759 663 765 698 :
782 652 810 699 ut
824 644 910 701 horni-

108 732 225 790 cidium.
241 735 337 789 llanus
352 733 425 788 enirn
439 733 463 788 si
475 733 582 801 occidit,
599 749 654 789 nou
671 733 699 788 in
728 749 761 789 eo
785 732 908 789 delecta-

106 821 211 877 tionem
228 822 317 877 sentit.
335 821 402 877 Sunt
426 830 515 878 tamen
538 822 661 895 quaedam
684 821 736 877 alia
759 822 788 876 in
811 821 909 894 quibus

103 910 256 967 delectatur
270 927 345 978 caro,
368 918 397 965 ut
424 911 532 983 quando
560 911 637 967 cibus
664 911 734 967 hene
761 911 909 982 respondet

105 999 200 1071 palato
218 1015 224 1053 :
242 999 284 1055 vel
299 999 408 1072 quaudo
423 1000 528 1056 videtur
543 1000 616 1072 quod
630 1000 724 1056 oculos
738 999 833 1072 pascit,
858 1015 908 1054 au·
996 1021 1007 1049 ι
1024 998 1065 1054 De
1087 997 1185 1070 quibus
1208 1005 1297 1053 autem
1320 997 1467 1069 scripsistis
1490 996 1579 1053 mihi:
1600 998 1704 1054 Bonum
1718 1004 1761 1053 est

106 1087 184 1142 ditur
212 1088 286 1161 quod
312 1088 464 1157 jucundum
479 1097 521 1144 est
547 1088 669 1156 auribus,
686 1097 712 1143 ει
741 1087 906 1158 hujusmodi.
960 1109 972 1139 ι
986 1086 1088 1143 homini
1103 1085 1243 1142 mulierem
1259 1102 1313 1142 nou
1328 1095 1461 1160 tangere,
1477 1095 1589 1158 propter
1603 1086 1761 1143 fornicatio-

107 1175 163 1232 Sed
180 1183 272 1232 tamen
286 1177 344 1232 haec
360 1177 451 1232 omnia
471 1176 597 1233 dicuntur
616 1193 677 1232 esse
699 1186 772 1232 extra
798 1193 905 1248 corpus,
960 1200 971 1225 ιι
989 1192 1052 1231 nem
1066 1183 1157 1231 autern
1173 1176 1361 1248 unusquisque
1376 1191 1454 1231 suam
1468 1192 1580 1232 uxorem
1599 1176 1708 1241 haheat,
1733 1183 1760 1230 et

104 1265 140 1319 ad
156 1265 391 1336 comparationem
406 1264 592 1322 fornicationis
609 1283 615 1320 :
637 1264 700 1339 quia
715 1266 760 1338 qni
789 1264 908 1321 fornica·
961 1287 972 1317 ι
989 1280 1158 1337 unaquaeque
1173 1281 1251 1319 suum
1267 1264 1355 1320 virum
1369 1264 1476 1320 habeat.
1488 1264 1571 1321 Uxori
1584 1264 1626 1319 vir
1637 1264 1759 1319 debitum

104 1360 161 1420 tur,
187 1362 284 1424 peccat
311 1353 381 1408 intra
408 1370 507 1425 corpus
536 1369 638 1409 suum:
663 1354 726 1426 quia
741 1354 800 1426 ipsa
815 1355 906 1409 anima
960 1354 1096 1420 «reddat,
1121 1353 1245 1409 similiter
1268 1362 1355 1408 autem
1378 1361 1404 1408 et
1427 1369 1497 1408 uxor
1517 1353 1586 1408 viro.
1606 1353 1702 1408 Mulier
1716 1352 1758 1407 sui

104 1443 205 1497 transit
221 1458 254 1498 eo
269 1451 331 1499 actu
346 1443 374 1498 in
394 1443 482 1515 ipsam
490 1443 677 1499 carnalitatem
694 1443 740 1497 :in
761 1444 813 1499 hoe
835 1444 906 1499 enirn
960 1464 971 1493 ι
989 1441 1112 1513 corporis
1134 1448 1296 1513 potestatem
1319 1441 1478 1509 nonhabet,
1496 1441 1545 1497 sed
1560 1441 1612 1495 vir.
1629 1441 1758 1496 Similiter

104 1531 197 1586 omnis
208 1529 510 1588 sensualitasconsentit
525 1539 551 1588 et
562 1539 734 1604 cooperatur,
746 1540 772 1588 ει
783 1533 809 1587 in
820 1532 908 1604 ipsam
960 1552 971 1582 ι
989 1539 1079 1587 autem
1090 1538 1116 1586 ει
1127 1530 1168 1586 vir
1182 1531 1224 1585 sui
1234 1530 1358 1601 corporis
1367 1538 1526 1601 potestatem
1537 1546 1592 1586 non
1605 1530 1696 1598 habet,
1709 1530 1759 1585 sed

104 1636 218 1675 carnem
233 1621 338 1675 transit.
364 1621 414 1676 Vel
427 1620 512 1690 aliter,
543 1621 692 1677 secundum
720 1621 905 1688 Ambrosium,
922 1645 948 1705 Β
962 1643 972 1671 ι
988 1619 1094 1676 mulier.
1111 1619 1203 1674 Nolite
1218 1617 1345 1674 fraudare
1360 1618 1485 1686 invicem,
1502 1618 1555 1674 nisi
1568 1618 1636 1674 forte
1647 1633 1757 1675 excon-

105 1717 135 1763 ut
150 1708 361 1764 fornicationem
375 1709 419 1765 hic
434 1709 468 1764 de
490 1708 623 1765 adulterio
654 1709 741 1766 solum
768 1710 907 1782 intelliga—
960 1725 1070 1764 «sensu
1094 1708 1129 1763 ad
1152 1715 1270 1779 tempus,
1295 1715 1323 1762 ut
1344 1707 1446 1765 vacetis
1470 1707 1603 1764 orationi:
1619 1707 1756 1763 etiterum

107 1813 170 1852 mus
187 1813 194 1850 z
212 1798 552 1868 l'aqitefornicotiooern,
563 1798 591 1852 id
604 1805 646 1853 est
658 1797 819 1854 adulterium
829 1815 836 1853 τ
846 1798 908 1870 quia
960 1821 971 1846 ιι
990 1796 1157 1853 revertimini
1171 1796 1198 1850 io
1214 1796 1342 1869 idipsum,
1358 1813 1392 1852 ne
1408 1805 1491 1853 tentet
1507 1813 1556 1852 ros
1564 1796 1680 1852 Satanas
1694 1812 1758 1867 pro·

106 1901 190 1942 omne
205 1885 279 1941 aliud
290 1895 433 1957 peccatum
447 1895 488 1942 est
503 1896 577 1942 extra
591 1903 699 1958 corpus,
716 1887 742 1941 id
771 1895 813 1943 est
834 1895 909 1943 extra
960 1910 971 1934 ι
989 1895 1049 1958 pter
1064 1885 1283 1941 incontinentiam
1309 1893 1438 1942 vestram.
1455 1887 1514 1941 Hoc
1527 1893 1617 1941 autern
1633 1884 1694 1941 dico
1709 1901 1755 1940 εε-

107 1989 226 2029 uxorem
243 1989 249 2027 :
267 1974 315 2029 sed
331 1975 376 2048 qui
392 1974 540 2030 fornicatur
552 1983 647 2046 peceat
662 1975 699 2042 in,
717 1975 743 2029 id
754 1984 906 2042 estcontra,
961 1997 972 2027 ι
990 1975 1107 2031 cundum
1131 1974 1338 2045 indulgentiam,
1364 1982 1391 2029 et
1414 1990 1468 2030 non
1493 1974 1642 2030 secundum
1667 1973 1757 2045 impc-

106 2079 210 2134 corpus
226 2079 314 2129 suum,
331 2064 359 2118 id
374 2071 415 2119 est
429 2071 525 2120 contra
539 2079 652 2119 uxorem
668 2079 745 2118 suam
762 2080 768 2118 τ
785 2065 908 2136 quiapro
961 2087 971 2112 ιι
990 2063 1068 2119 rium.
1085 2063 1153 2119 Volo
1176 2071 1265 2118 autem
1281 2079 1377 2119 omnes
1401 2080 1450 2119 vos
1464 2063 1589 2119 homiues
1604 2079 1675 2133 εεεε,
1687 2063 1757 2119 sicut

106 2160 224 2224 peccato
237 2151 426 2208 fornicationis
439 2169 508 2208 uxor
521 2160 611 2224 potest
627 2152 748 2224 separari
762 2153 795 2208 ah
809 2170 856 2221 eo,
882 2160 908 2208 ει
962 2175 972 2203 ι
990 2152 1134 2225 meipsum.
1161 2152 1216 2207 Sed
1230 2153 1416 2225 unusquisque
1431 2153 1573 2224 proprium
1589 2151 1690 2208 donum
1704 2153 1757 2207 hn-

104 2257 161 2296 uon
175 2249 291 2313 propter
314 2241 397 2296 aliud.
422 2243 526 2313 Corpus
540 2241 592 2299 viri
609 2241 706 2298 dicitur
728 2257 820 2297 uxor:
847 2242 909 2315 quia
960 2265 971 2289 ιι
989 2242 1034 2297 het
1049 2257 1082 2297 ex
1104 2240 1166 2314 [ot.,
1189 2240 1216 2314 a]
1231 2241 1289 2296 Deo
1307 2259 1313 2295 ι
1330 2241 1401 2296 alius
1416 2241 1525 2312 quidem
1541 2240 1590 2309 sic,
1606 2241 1675 2296 alius
1691 2256 1757 2298 vero

106 2348 170 2388 cum
185 2330 302 2386 maritus
318 2338 344 2385 et
364 2346 434 2385 uxor
455 2347 538 2385 unum
559 2346 658 2402 corpus
683 2330 841 2398 efficiantur,
868 2332 909 2387 vir
961 2352 972 2381 ι
990 2330 1042 2386 sic.
1062 2329 1129 2385 Dico
1144 2337 1232 2384 autem
1246 2344 1300 2384 non
1322 2329 1411 2401 nuptis
1426 2338 1453 2385 et
1467 2329 1576 2397 viduis;
1600 2329 1700 2384 bonum
1716 2336 1758 2385 cst

106 2420 220 2493 quidem
235 2427 316 2490 caput
328 2426 378 2486 est,
394 2418 492 2475 mulier
500 2427 588 2475 autem
605 2420 692 2491 portio
707 2420 755 2475 riri
769 2420 797 2474 in
812 2420 907 2476 eudem
961 2441 972 2471 ι
989 2419 1043 2474 illis
1058 2419 1081 2473 si
1096 2419 1135 2476 sic
1158 2419 1370 2490 permanserint,
1387 2419 1457 2474 sicut
1472 2426 1499 2473 et
1514 2434 1579 2492 ege.
1598 2417 1677 2487 Quod
1688 2419 1711 2473 si
1727 2434 1757 2474 εε

106 2524 236 2581 corpore.
253 2509 302 2563 Vel
317 2507 395 2564 aliter
424 2509 573 2564 secundum
601 2509 748 2565 novitatem
777 2525 908 2582 quorum·
960 2525 1039 2574 ¹rrrorr
1062 2508 1209 2575 continent,
1232 2509 1342 2563 nubant.
1368 2506 1463 2563 ltielius
1486 2515 1527 2563 est
1550 2507 1623 2563 enim
1644 2507 1756 2578 nubere,

106 2598 169 2654 dam
187 2613 194 2652 :
211 2605 238 2653 et
253 2597 387 2653 videbitur
401 2598 459 2654 haec
475 2597 608 2652 sententia
624 2597 773 2654 continuari
788 2598 821 2653 ad
831 2598 906 2665 illud,
961 2619 973 2649 ι
990 2614 1071 2670 quam
1095 2595 1146 2652 uri.
1164 2597 1212 2652 Uis
1227 2605 1318 2653 autem
1333 2596 1379 2669 qui
1393 2597 1565 2652 matrimomo
1578 2596 1664 2666 juncti
1683 2605 1754 2668 sunt,

106 2687 181 2759 quod
197 2685 275 2757 prius
289 2687 402 2752 dixerat,
435 2685 627 2742 iomicatorcm
653 2687 730 2741 illurn
744 2687 907 2756 ejiciendum
960 2709 971 2734 ι
989 2685 1116 2758 precipio
1131 2701 1186 2741 non
1200 2701 1262 2759 ego,
1275 2685 1474 2755 sedDominus,
1486 2685 1758 2742 uxoremavironon

106 2776 142 2831 ah
158 2775 295 2831 Ecclesia.
319 2772 406 2830 Omne
433 2783 575 2846 peccatum
604 2776 785 2848 quodcunque
813 2775 908 2832 feeerit
961 2775 1142 2832 «discedere.
1168 2773 1245 2844 Quod
1261 2774 1284 2830 si
1298 2774 1465 2842 discesserit,
1481 2788 1592 2830 manere
1606 2775 1756 2846 innuptam,

101 2865 201 2938 aliquis
217 2865 309 2930 humo,
327 2864 410 2919 idest
426 2873 503 2919 utens
527 2864 642 2933 ratione,
667 2864 734 2920 illud
762 2873 802 2920 est
830 2873 907 2920 extra
961 2872 1036 2919 «out
1050 2864 1108 2921 viro
1133 2879 1182 2919 suo
1206 2864 1385 2920 reconciliari.
1402 2865 1437 2919 Et
1458 2864 1500 2920 vir
1515 2880 1626 2920 uxorem
1642 2880 1697 2919 non
1713 2864 1757 2918 di·

105 2970 220 3026 corpus,
237 2953 264 3008 id
280 2960 323 3009 est
336 2960 409 3007 extra
424 2953 586 3020 Ecclesiam,
604 2970 664 3026 quae
688 2953 783 3025 eapitis
806 2953 907 3009 Christi
959 2976 970 2999 ι
988 2953 1084 3008 mittet.
1099 2954 1171 3008 Nam
1191 2954 1296 3008 catoris
1315 2953 1377 3009 olleo
1400 2968 1463 3025 ego,
1493 2969 1546 3010 non
1570 2953 1712 3009 Dominus.
1730 2952 1759 3008 Si

107 3058 210 3114 eorpus
225 3049 267 3097 est
284 3057 290 3096 :
307 3041 369 3114 qnia
384 3042 563 3115 quaeratione
586 3050 666 3097 utens
695 3042 764 3109 facit,
791 3043 908 3099 venialia
923 3006 969 3090 ⁰«
988 3042 1049 3114 quis
1064 3041 1149 3098 frater
1158 3058 1270 3098 uxorem
1284 3042 1365 3097 hahet
1375 3041 1523 3109 infidelem,
1540 3050 1566 3099 ει
1576 3043 1635 3099 hacc
1645 3057 1758 3098 consen·

106 3141 168 3189 sunt
188 3148 194 3186 :
212 3141 239 3188 ει
253 3139 365 3204 propter
379 3133 438 3187 lraec
453 3148 507 3187 non
522 3141 663 3203 separatur
671 3132 908 3189 abEcclesiatsed
959 3152 971 3182 ι
989 3131 1018 3185 tit
1032 3131 1153 3186 habitare
1168 3147 1228 3187 curn
1245 3130 1301 3200 illo,
1318 3146 1372 3187 non
1396 3130 1512 3186 dimittat
1527 3131 1611 3187 illam.
1628 3131 1693 3186 Etsi
1705 3146 1760 3202 qua

105 3222 151 3278 ille
166 3221 215 3293 qui
244 3220 399 3286 fornicatur,
417 3229 513 3292 peccat
540 3221 567 3275 in
583 3237 681 3293 eorpus
708 3238 796 3288 suum,
812 3221 839 3275 id
868 3229 908 3277 est
959 3244 969 3268 ιι
987 3220 1086 3276 mulier
1107 3218 1195 3276 fidelis
1219 3220 1300 3275 hahet
1314 3219 1404 3276 virum
1419 3219 1568 3288 infidelem,
1584 3229 1610 3275 et
1624 3220 1668 3276 hic
1688 3236 1756 3277 cou-

1259 801 1375 858 CAPUT
1397 801 1456 856 vlt.

106 3318 204 3369 contra
217 3309 380 3376 Ecclesiam,
397 3309 473 3380 cujus
483 3310 607 3381 corporis
622 3310 773 3365 membmm
788 3318 845 3365 est:
858 3327 908 3382 pro

107 3407 222 3473 peccato
245 3398 319 3454 enirn
339 3397 526 3454 fornicationis
547 3400 580 3453 ah
604 3399 726 3455 Ecclesia
755 3407 906 3471 separatur.

106 3491 209 3546 lterum
224 3503 309 3544 causa
324 3504 406 3559 quare
422 3487 524 3561 fugiant
535 3486 751 3555 fornicationem,
763 3496 908 3560 propterea

109 3577 258 3634 fornicatio
272 3575 402 3649 fugienda
417 3585 470 3631 est:
484 3577 547 3648 qum
562 3595 600 3632 on
612 3578 729 3652 nescitis
739 3578 810 3650 quod
820 3594 908 3634 room-

112 3666 232 3723 102
242 3667 290 3721 bro
300 3669 393 3722 oestro
404 3667 616 3739 temptomsont
631 3667 754 3737 Spiritus
769 3666 871 3734 saneti,
880 3665 907 3720 id

106 3764 147 3813 εει
159 3755 279 3826 Spiritus
294 3762 404 3809 sanctus
419 3754 548 3809 memhris
561 3754 659 3810 restris
674 3753 763 3825 utitur,
780 3754 844 3809 dum
860 3771 909 3825 per

106 3861 220 3900 manum
236 3852 357 3899 nostram
373 3842 575 3914 eleemosynam
590 3843 635 3898 dat
649 3843 771 3915 pauperi.
790 3843 907 3899 Pedibus

105 3934 160 3990 itur
174 3933 211 3988 ad
226 3932 407 3988 visitationem
423 3931 533 3986 infirmi.
545 3932 651 4004 thuia
663 3932 794 3987 membris
810 3932 907 3988 vestris

107 4023 147 4080 sic
163 4023 248 4077 utitur
262 4020 378 4092 Spiritus
392 4021 418 4074 in
435 4021 671 4076 administratione
700 4036 757 4087 sua,
773 4020 856 4077 nolite
871 4020 907 4075 il-

104 4113 161 4168 lum
178 4110 341 4166 fornicando
350 4111 489 4182 expellere
504 4126 521 4164 a
536 4110 623 4165 vohis.
641 4111 742 4165 lterum
757 4109 828 4177 ideo,
845 4109 908 4182 quia

959 3331 970 3360 ι
988 3310 1070 3365 sentit
1084 3309 1205 3364 hahitare
1220 3325 1281 3364 curn
1296 3308 1353 3376 illa,
1370 3325 1424 3364 non
1440 3309 1558 3366 dimittat
1572 3310 1671 3366 virum.
1687 3310 1757 3365 San-

960 3420 969 3450 ι
988 3396 1120 3454 ctificatus
1135 3406 1176 3453 ost
1190 3398 1263 3452 enim
1278 3397 1319 3452 vir
1333 3396 1450 3453 infidelis
1462 3415 1510 3468 per
1531 3398 1674 3455 mulierem
1688 3398 1758 3456 fide-

960 3509 971 3539 ι
988 3485 1760 3560 lem,etsanctificataestmulierinfidelispervirumfida-

959 3576 1052 3631 «lem.
1070 3575 1195 3646 Alioquin
1218 3574 1264 3629 filii
1287 3576 1370 3632 vestri
1394 3575 1526 3630 immundi
1550 3584 1650 3643 essent,
1685 3593 1758 3634 nunc

959 3688 970 3713 ιι
987 3672 1076 3720 autem
1094 3664 1181 3721 sancti
1196 3663 1310 3738 [mundi]
1326 3671 1397 3720 sunt.
1414 3663 1493 3733 Quod
1508 3664 1531 3719 si
1540 3663 1658 3721 infidelis
1668 3665 1758 3722 disee-

961 3774 972 3806 ι
986 3754 1035 3821 dit,
1052 3753 1183 3810 discedat.
1200 3755 1261 3809 Non
1277 3754 1349 3809 enirn
1365 3753 1488 3809 servituti
1502 3755 1640 3824 sthectus
1655 3755 1758 3811 estfra-

959 3867 970 3893 ι
988 3851 1030 3899 ter
1044 3843 1087 3898 rel
1103 3859 1181 3900 soror
1205 3843 1234 3897 in
1248 3843 1392 3914 ejusmodi.
1410 3845 1440 3899 ln
1454 3860 1523 3916 pace
1538 3853 1628 3901 autern
1651 3846 1758 3901 vocavit

959 3954 970 3980 ι
989 3948 1037 3988 ros
1053 3932 1135 3987 Deus.
1145 3932 1223 3988 Unde
1238 3933 1310 3986 enim
1326 3932 1389 3999 scis,
1401 3931 1509 4000 mulier,
1520 3933 1637 3991 sivirum
1652 3933 1759 3991 salvum

960 4042 970 4071 ι
988 4020 1095 4077 facies?
1121 4022 1174 4076 dut
1202 4021 1274 4076 unde
1302 4020 1367 4088 scis,
1385 4020 1434 4091 vir,
1459 4021 1481 4077 si
1496 4023 1641 4078 mulierem
1655 4023 1757 4079 salvam

960 4131 971 4161 ι
983 4108 1067 4165 facies
1078 4109 1160 4164 ‘lNisi
1172 4108 1315 4181 unicuique
1330 4109 1399 4166 sicut
1409 4110 1499 4166 divisit
1511 4112 1652 4180 Dominus,
1665 4129 1759 4169 uuum·

105 4201 150 4274 qui
167 4199 286 4271 Spiritus
300 4198 327 4253 in
343 4199 420 4255 vohis
434 4207 476 4254 est
488 4198 597 4253 assidua
612 4198 762 4264 mensione,
780 4214 831 4255 nec
846 4199 907 4254 ideo
960 4222 970 4246 ι
990 4215 1126 4270 quemque
1139 4199 1209 4254 sicut
1231 4199 1337 4254 vocavit
1351 4200 1435 4266 Deus,
1451 4200 1631 4268 deambulet,
1651 4211 1678 4257 et
1688 4202 1760 4258 sicut

105 4290 208 4346 iterum
224 4287 361 4359 repellatis
374 4304 446 4353 cum,
463 4287 526 4360 quia
542 4304 623 4360 quern
647 4287 776 4359 Spiritum
801 4288 907 4342 hahetis
960 4308 971 4338 ι
989 4287 1088 4359 ubique
1111 4287 1138 4341 in
1162 4287 1288 4342 omnihus
1303 4288 1436 4344 Ecclesiis
1464 4289 1560 4346 decen.
1576 4290 1760 4348 Circumcisus

104 4381 206 4444 alluo,
224 4378 283 4449 ipse
299 4376 371 4432 euim
391 4377 469 4432 dator
497 4377 562 4431 satis
586 4375 663 4432 robis
692 4369 971 4431 commendabileD«
989 4375 1085 4448 aliquis
1114 4384 1225 4432 vocatus
1249 4378 1387 4432 estlnon
1409 4378 1712 4451 adducotpraeputium.
1729 4382 1759 4435 ln

106 4470 170 4527 facit
186 4468 289 4523 donum
305 4483 391 4521 suurn.
410 4467 442 4520 lit
458 4482 507 4536 pro
522 4473 559 4521 tot
574 4465 663 4521 causis
678 4464 762 4520 nolite
786 4465 909 4521 membra

105 4567 199 4616 restra
214 4555 333 4611 subdere
348 4553 531 4611 fornicationi.
544 4556 585 4608 dn
601 4554 681 4609 etiarn
695 4554 907 4626 ignoratisquod

106 4662 222 4704 rosuon
233 4643 297 4699 estis
313 4644 395 4700 rastri
409 4643 486 4712 juris,
508 4643 636 4698 sedDei‘l
652 4642 704 4712 Qui
719 4643 789 4697 enim
800 4642 908 4698 alterius

105 4745 158 4806 εει,
175 4733 293 4805 imperio
307 4734 365 4803 ejus
375 4732 532 4803 mancipare
546 4749 576 4787 se
591 4731 681 4786 debet.
699 4733 769 4786 Vero
783 4732 908 4786 nonestis

107 4824 202 4890 rastri,
219 4824 288 4879 estis
303 4822 380 4877 enim
394 4821 492 4893 empti,
510 4821 606 4890 atejus
621 4819 694 4875 servi
710 4819 785 4887 estis,
803 4819 848 4892 qui
860 4836 908 4876 ros

105 4913 244 4971 emit.Nec
255 4909 396 4981 emptilevi
405 4911 497 4982 pr·etio
509 4910 558 4964 sod
569 4925 672 4981 moqao
683 4928 690 4976 ς
703 4908 766 4980 quia
774 4908 908 4982 sanguine

105 5002 219 5060 Christi.
232 4999 336 5055 Etideo
347 4997 429 5054 nolite
444 4996 571 5053 fornicari
585 4998 633 5052 sod
649 4997 804 5069 plorificote
820 4998 909 5053 Deum

106 5089 272 5150 Gloriticare
288 5090 372 5143 Deum
384 5095 424 5142 est
439 5086 568 5141 munditia
585 5086 648 5141 vitm
658 5086 829 5160 Deiglorianr
840 5102 909 5139 nun-

106 5183 186 5237 tiare.
198 5177 251 5248 Qui
267 5177 338 5233 enim
349 5175 562 5244 videtjustitiam
578 5175 654 5244 justi,
664 5173 798 5247 glorificat
810 5176 906 5242 Deum,

104 5286 187 5328 causa
210 5268 289 5337 cujus
313 5273 339 5321 et
365 5264 501 5334 adjutorio
511 5264 551 5320 sic
574 5263 648 5318 ririt.
665 5263 905 5333 GloriftcotcdicO,

105 5366 133 5418 et
148 5360 262 5433 portate
277 5356 375 5410 Deum.
397 5355 503 5409 Portare
521 5355 606 5408 Deum
635 5361 675 5409 est
688 5369 758 5407 onus
772 5353 853 5407 totius
863 5353 909 5407 ad·

105 5446 255 5511 versitatis,
272 5461 332 5516 quae
348 5458 429 5499 cansa
444 5441 495 5497 Dei
510 5441 633 5509 infertur,
651 5441 784 5497 sustinere
800 5442 908 5514 patien-

107 5547 165 5594 ter:
181 5534 341 5608 etexemplo
351 5531 490 5605 patientia
502 5532 589 5590 Deum
598 5531 633 5589 ad
642 5530 709 5588 alios
719 5538 837 5605 portare,
851 5530 907 5606 qni,

961 4488 972 4512 ι
989 4465 1120 4536 praeputio
1135 4464 1232 4536 aliquis
1247 4472 1359 4521 vocatus
1382 4466 1447 4522 cst?
1461 4483 1516 4522 non
1531 4468 1753 4526 circumcidatur.

963 4552 1163 4609 «circumcisio
1178 4553 1245 4607 nihil
1269 4561 1318 4620 est,
1335 4563 1361 4610 et
1385 4555 1546 4627 praeputium
1561 4556 1628 4612 nihil
1643 4566 1693 4626 εει,
1709 4560 1757 4614 sed

961 4664 972 4693 ι
989 4642 1143 4699 observatio
1170 4643 1362 4699 mandatorum
1377 4645 1436 4700 Dei.
1454 4645 1645 4718 Unusquisque
1662 4647 1689 4700 in
1704 4663 1758 4718 qua

960 4731 1131 4789 «vocatione
1160 4740 1272 4788 vocatus
1297 4740 1349 4798 est,
1375 4733 1402 4788 in
1426 4742 1640 4807 eapermaneat.
1657 4735 1759 4794 Servus

961 4842 972 4870 ι
990 4828 1102 4876 vocatus
1117 4820 1168 4876 es?
1183 4837 1238 4875 non
1253 4821 1287 4875 sit
1302 4821 1350 4876 tihi
1364 4838 1452 4878 curae:
1470 4824 1519 4879 sed
1534 4832 1561 4879 et
1576 4823 1600 4879 si
1611 4833 1689 4896 potes
1701 4825 1758 4882 heri

961 4908 1067 4975 «liber,
1092 4909 1180 4981 magis
1205 4918 1288 4965 utere.
1315 4908 1365 4979 Qui
1381 4911 1496 4967 enimin
1515 4913 1632 4969 Domino
1648 4923 1759 4971 vocatus

961 5019 972 5048 ι
990 5005 1031 5054 εει
1045 5014 1149 5064 servus,
1167 4997 1280 5053 libertus
1294 5006 1336 5054 est
1351 4999 1476 5055 Domini:
1492 5001 1617 5058 similiter
1631 5002 1677 5076 qui
1691 5004 1761 5061 liber

960 5111 971 5133 ιι
989 5093 1103 5142 vocatos
1117 5094 1167 5154 εει,
1185 5104 1282 5142 servus
1297 5096 1338 5143 est
1353 5088 1462 5144 Christi.
1480 5091 1570 5146 Pretio
1580 5093 1664 5164 empti
1672 5093 1756 5160 estis;

960 5198 971 5221 ι
990 5175 1073 5231 nolite
1095 5175 1153 5231 lieri
1178 5176 1249 5232 servi
1277 5176 1425 5233 hominum.
1443 5179 1635 5254 Unusquisque
1650 5196 1716 5253 ergo
1730 5182 1759 5237 in

961 5285 972 5315 ι
991 5281 1044 5338 quo
1074 5273 1185 5321 vocatus
1208 5273 1249 5321 est
1276 5265 1369 5337 frater,
1394 5267 1425 5322 in
1448 5268 1500 5325 hoc
1515 5271 1758 5341 permaneatapud

961 5375 972 5404 ι
990 5354 1089 5410 Deum.
1105 5355 1145 5410 De
1156 5355 1307 5429 virginibus
1315 5366 1405 5413 autem
1416 5366 1578 5429 praeceptum
1586 5356 1693 5411 [lomim
1705 5374 1760 5414 non

960 5465 971 5489 ιι
989 5443 1098 5499 haheo:
1116 5444 1260 5500 consilium
1281 5455 1372 5504 auitam
1386 5447 1431 5514 do,
1447 5454 1576 5518 tanquam
1598 5444 1759 5503 misericor-

961 5553 972 5584 ι
990 5532 1062 5589 diam
1082 5531 1200 5594 108
1216 5545 1382 5599 consecutus
1397 5534 1549 5608 altomino,
1560 5541 1590 5593 ut
1599 5533 1650 5591 sim
1659 5533 1760 5597 tidelis.
