3742 5986
119 206 171 262 tas
399 201 428 257 S.
448 198 625 257 BRUNONIS
644 196 969 257 cahfflusmhottuh
986 198 1227 258 INSTlTUTOIiIS
1245 198 1322 257 OPP.
1343 200 1431 256 PARS
1449 200 1483 255 11.
1716 206 1768 261 656

118 326 269 402 pugnantia
283 326 376 390 rerba,
392 324 501 379 utillud
518 342 525 379 ε
544 347 555 372 a
573 323 602 379 Si
616 340 666 380 vos
682 324 765 379 Pilius
778 323 915 379 liberare·
927 326 954 385 A
968 331 1042 380 ctare
1052 325 1131 380 etiem
1140 325 1354 399 patientiam,id
1363 333 1404 380 est
1414 323 1694 396 patientersustine,si
1705 330 1766 401 quis

120 420 165 484 rit,
183 433 246 472 vere
261 414 340 469 liberi
365 413 438 468 eritis
453 413 544 484 (locet.
568 428 628 481 vnt,
655 414 701 482 36)
717 429 723 466 :
742 434 753 464 ›
779 420 805 468 et
827 411 916 467 illud:
968 421 1014 467 tua
1038 414 1166 486 rapuerit.
1183 414 1293 470 Sectare
1309 413 1391 469 etiam
1407 415 1667 481 ntansuetudinem,
1683 417 1771 476 idest

124 530 135 554 a
153 505 267 562 Reddite
282 501 385 558 Caesari
398 516 458 573 quae
473 509 532 555 sunt
544 501 659 556 Caesaris
674 503 750 573 (tac.
767 516 818 569 xx,
832 501 915 571 25),·
967 501 1023 556 noli
1047 502 1155 574 litigare
1180 504 1250 558 sicut
1273 503 1407 573 cupiditas
1427 502 1499 558 lacit.
1525 503 1636 560 Sectare
1657 506 1727 572 haec,
1744 515 1772 563 et

120 612 181 668 quae
196 603 287 648 tamen
303 591 354 646 sibi
369 589 503 647 contraria
518 605 574 645 non
588 598 659 644 sunt.
968 594 1046 646 certo
1060 596 1205 647 certamen
1221 611 1230 647 :
1246 591 1425 662 frequentiam
1440 599 1524 646 notat.
1542 591 1687 649 Certamen
1701 594 1765 651 dico

155 680 314 755 dequibus
336 679 436 753 pugnis
459 679 607 733 uerborum
633 679 770 734 oriuntur
791 678 915 744 invidia,
967 679 1042 748 fidei,
1059 680 1133 750 quod
1148 680 1250 736 honum
1265 687 1291 735 et
1305 679 1370 735 utile
1383 689 1424 735 est
1438 695 1489 750 pro
1512 678 1566 735 fide
1581 681 1683 736 Christi
1703 697 1767 739 eer-

120 771 195 844 quod
208 768 311 826 damini
324 767 446 823 invident
460 766 680 838 superbientibus
699 766 797 823 servis.
814 764 917 822 Oriun-
967 772 1076 823 tare:ct
1086 768 1264 842 apprehende
1274 770 1363 824 vitam
1374 770 1558 835 aternamin
1569 786 1652 841 qaam
1661 771 1769 828 haben·

118 867 163 915 tur
177 859 258 915 etiam
271 857 478 921 contentiones,
492 855 556 927 quia
570 854 918 911 dominicontenduntcum
967 855 1028 910 dam
1048 861 1164 913 vocatas
1179 873 1207 913 es
1230 856 1264 912 de
1287 855 1445 913 infidelitate
1467 874 1517 928 per
1538 858 1665 931 gratiam.
1693 858 1765 917 Con-

118 949 205 1006 servis
219 947 321 1004 verbis.
335 944 467 1001 Oriuntur
478 944 557 999 etiam
571 943 763 1017 blasphemie,
776 944 838 1016 quia
848 943 918 1014 (sic-
966 946 1058 1016 sessus
1072 961 1102 1000 es
1117 944 1197 1000 etiam
1221 945 1297 1017 (dum
1320 945 1347 1000 in
1370 946 1529 1018 episcopum
1551 949 1765 1021 consecrareris)

118 1046 147 1092 ut
161 1037 261 1093 dictum
277 1035 330 1106 est)
343 1033 550 1104 blasphematur
564 1033 627 1088 inde
650 1033 734 1098 Deus,
751 1040 778 1087 et
792 1031 917 1087 doctrina
966 1049 1062 1089 coram
1076 1034 1177 1089 multis
1192 1034 1320 1100 testibus,
1333 1034 1378 1106 qui
1394 1042 1419 1089 te
1433 1050 1540 1090 mecum
1556 1037 1765 1105 consecrabant,

117 1127 186 1197 ejus.
204 1124 336 1181 Oriuntur
350 1122 431 1178 etiarn
444 1123 530 1178 meite
544 1122 727 1193 suspiciones,
745 1121 809 1191 quia
821 1127 916 1191 putant
966 1123 1179 1193 contessionem,
1191 1139 1206 1176 a
1217 1138 1272 1193 qua
1286 1124 1415 1178 recedere
1423 1139 1478 1179 noa
1492 1123 1576 1179 debes
1589 1139 1595 1178 :
1608 1125 1673 1197 quia
1683 1127 1765 1196 bona,

116 1214 220 1271 domini
234 1211 309 1284 quod
322 1210 518 1283 praedicatores
538 1210 671 1281 accipiant
693 1223 839 1263 munerea
854 1225 916 1263 ser·
966 1209 994 1265 id
1009 1218 1049 1266 est
1063 1210 1136 1265 utilis
1152 1219 1194 1265 est
1208 1211 1256 1265 tibi
1267 1219 1294 1267 et
1309 1211 1435 1278 subditis,
1448 1212 1507 1266 siin
1521 1228 1554 1267 ea
1564 1229 1765 1284 perseverave-

117 1302 169 1359 ris.
180 1300 404 1358 Oriunturetiam
419 1300 646 1367 conflictationes
660 1298 808 1353 hominum
818 1295 916 1367 predi·
966 1298 1014 1353 ris.
1031 1298 1122 1354 hlonui
1137 1299 1260 1370 superius
1275 1308 1303 1354 ut
1324 1300 1500 1371 cupiditatem
1514 1300 1636 1374 ingeres,
1653 1311 1681 1358 et
1695 1318 1763 1360 eon-

115 1391 234 1448 cantium
249 1391 311 1456 hoc,
328 1388 390 1460 quia
412 1387 494 1442 etiam
517 1393 640 1459 pugnant
662 1402 724 1442 curn
739 1385 782 1440 his
802 1384 848 1455 qui
862 1385 916 1440 boc
966 1387 1051 1441 traria
1073 1387 1213 1458 cupiditati
1240 1389 1392 1455 sectareris,
1409 1390 1483 1459 quod
1498 1398 1526 1444 ut
1542 1388 1625 1446 iacias
1646 1407 1702 1447 non
1716 1407 1764 1447 so·

114 1480 272 1551 pradicant.
289 1478 442 1533 Hominum
456 1475 528 1543 dico,
540 1475 568 1529 id
585 1483 627 1530 est
641 1474 915 1546 perditorummcnte
964 1474 1019 1530 lum
1035 1492 1143 1542 moneo,
1160 1476 1208 1532 sed
1232 1484 1259 1532 et
1278 1479 1412 1551 precipio
1436 1479 1495 1545 tibi,
1512 1476 1614 1534 iaciens
1636 1495 1700 1536 curn
1714 1481 1765 1535 ad·

114 1572 322 1639 corruptorum,
338 1565 367 1621 id
389 1572 431 1618 est
445 1565 492 1635 qui
513 1572 671 1634 corruptum
690 1563 791 1618 babent
804 1561 914 1617 intelle·
965 1564 1113 1619 monitione
1127 1565 1283 1620 mandatum
1294 1583 1301 1619 ι
1313 1573 1341 1620 ut
1355 1565 1378 1619 si
1393 1567 1445 1622 boc
1459 1567 1683 1640 transgrediaris,
1701 1585 1762 1624 reus

114 1651 950 1740 ctum,quietiemprioatisantomnioeritateverbomm.B
965 1652 1156 1709 inobedientiae
1182 1654 1364 1710 convincaris.
1393 1655 1534 1725 Praecipio,
1563 1654 1684 1728 inquam,
1715 1657 1762 1712 tibi

113 1746 266 1801 Hominum
273 1743 335 1799 dico
342 1742 430 1797 adbuc
440 1742 672 1798 existimantium
681 1739 862 1814 pietatem,id
872 1746 915 1794 εει
964 1742 1023 1798 haec
1037 1759 1132 1824 eoram
1148 1744 1201 1800 Deo
1216 1744 1306 1809 Patre,
1322 1751 1351 1796 ut
1366 1742 1431 1797 nihil
1447 1744 1520 1799 Deus
1534 1744 1652 1815 amplius
1667 1745 1762 1818 requi-

116 1833 294 1889 Christianam
309 1831 461 1887 doctrinam
476 1846 533 1886 esse
557 1834 707 1903 questam,
723 1829 750 1883 id
765 1836 806 1883 est
820 1828 867 1900 qui
881 1844 914 1883 ex
962 1838 1004 1884 rat
1018 1829 1053 1885 de
1066 1844 1149 1884 manu
1165 1846 1234 1898 mea,
1261 1833 1309 1905 qai
1323 1831 1397 1886 Deus
1418 1832 1543 1901 vivificat
1566 1834 1673 1889 omnia.
1696 1833 1763 1891 vide

112 1922 234 1979 doctrina
250 1934 301 1976 sua
314 1926 408 1991 putant
429 1919 513 1974 licere
528 1918 580 1973 sibi
601 1934 653 1989 per
667 1918 719 1973 boc
742 1931 914 1990 congregare
962 1933 1029 1991 ergo
1045 1926 1073 1973 ut
1087 1918 1237 1990 (implendo
1261 1936 1322 1990 quae
1344 1919 1484 1991 praccipio)
1509 1921 1586 1976 viras
1608 1921 1637 1976 in
1660 1937 1696 1978 eo
1719 1938 1766 1994 per

112 2010 232 2078 divitias,
248 2010 297 2065 sed
313 2008 383 2064 falso
397 2016 501 2079 putant,
518 2008 583 2079 quia
601 2007 692 2079 pietas
706 2022 760 2061 non
781 2013 823 2060 est
837 2021 913 2077 quae-
963 2023 1044 2078 quem
1059 2007 1152 2063 vivunt
1167 2007 1267 2063 omnia.
1284 2008 1417 2079 Praecipio
1431 2008 1513 2064 etiam
1536 2009 1584 2064 tibi
1603 2011 1657 2066 hoc
1671 2025 1764 2067 eoram

113 2107 171 2155 stus
187 2097 387 2169 temporalium,
406 2096 453 2151 sed
468 2100 511 2151 est
533 2099 659 2167 quaestus
682 2111 813 2165 magnas,
829 2094 914 2148 idest
964 2096 1074 2152 Christo
1090 2098 1165 2160 desa,
1181 2096 1227 2169 qui
1245 2097 1328 2165 judex
1343 2096 1466 2152 omniurn
1489 2098 1554 2153 nibil
1574 2099 1674 2154 borum
1689 2115 1706 2155 a
1720 2114 1763 2157 me

111 2203 219 2260 magnae
229 2194 256 2241 ει
265 2183 489 2256 incomparabilis
499 2183 540 2239 rei
550 2183 647 2254 pietas,
655 2200 721 2239 cam
729 2182 911 2254 sufficientia,
963 2184 1083 2256 requirat
1097 2184 1123 2238 in
1139 2185 1184 2240 die
1196 2184 1302 2254 judicii,
1318 2187 1367 2259 qui
1388 2185 1469 2241 lesus
1484 2187 1607 2244 reddidit
1633 2189 1763 2246 testimo·

112 2276 140 2332 id
155 2283 197 2330 est
212 2290 274 2331 cum
289 2274 361 2330 victu
371 2280 399 2327 ει
412 2272 604 2344 vestitu,quod
618 2271 716 2344 cuique
727 2270 850 2327 sufficere
865 2271 914 2326 de·
963 2276 1045 2330 nium
1060 2273 1110 2329 sab
1126 2275 1229 2330 Pontio
1243 2276 1347 2330 Pilato.
1360 2275 1427 2330 Cum
1438 2275 1509 2330 enirn
1521 2275 1763 2348 interrogaretara

112 2363 167 2420 bet.
179 2364 245 2419 ldeo
256 2362 320 2434 qaia
330 2376 381 2417 nos
390 2361 519 2417 audineti
532 2362 608 2416 nihil
623 2361 778 2416 intulimus
792 2361 823 2415 in
837 2360 912 2415 huna
962 2361 1048 2417 Pilato
1061 2380 1067 2416 ε
1080 2362 1163 2417 Pilius
1178 2362 1227 2417 Dei
1243 2379 1273 2417 es
1288 2370 1315 2417 tu
1325 2363 1339 2417 ‘l
1350 2363 1491 2434 respondit
1504 2382 1511 2418 :
1523 2364 1563 2419 Tu
1576 2365 1669 2420 dixisti
1683 2383 1689 2420 :
1702 2366 1762 2439 quia

111 2454 261 2519 mundum,
278 2456 307 2508 et
331 2450 407 2507 haud
431 2451 547 2506 dubium
572 2458 614 2504 est
635 2449 700 2521 quin
723 2456 854 2504 exeuntes
878 2449 913 2503 de
962 2466 1058 2506 revera
1073 2450 1158 2505 Filius
1172 2450 1222 2506 Dei
1237 2466 1290 2524 ego
1301 2467 1360 2506 sum
1377 2451 1487 2521 (ltatth.
1505 2454 1763 2526 xxv11,ll):sicet

110 2541 213 2598 mundo
227 2556 282 2596 non
296 2554 444 2613 possumus
460 2541 575 2610 auferre
590 2538 657 2610 quid
671 2538 745 2594 inde.
758 2537 799 2592 Ne
809 2544 910 2603 autem,
963 2547 1000 2608 tu,
1016 2539 1165 2605 Timothee,
1183 2537 1312 2595 confitere
1328 2540 1476 2607 Christum,
1491 2541 1573 2596 etiarn
1589 2542 1612 2597 si
1629 2549 1762 2599 tormenta

110 2631 175 2703 quia
196 2646 226 2685 εε
247 2629 335 2685 nudos
359 2628 465 2683 dixerat
485 2627 589 2683 intrare
612 2626 753 2692 mundum,
770 2625 912 2697 nudosque
964 2626 1097 2683 velmors
1113 2628 1262 2683 immineat.

110 2717 220 2787 reverti,
237 2725 345 2788 putaret
368 2717 396 2771 in
410 2716 531 2771 nuditate
556 2715 776 2771 conversandum
799 2730 861 2769 esse
883 2713 913 2768 in
998 2715 1135 2783 Reddidit,
1148 2715 1269 2788 inquam,
1282 2716 1477 2784 testimonium,
1489 2717 1593 2775 seilicet
1608 2720 1761 2792 confessio·

111 2807 223 2863 mundo.
245 2806 345 2861 Contra
366 2806 419 2861 boc
434 2805 471 2860 ait
488 2803 583 2860 :Licet
607 2804 673 2859 nihil
696 2802 869 2858 intulerimus
883 2802 912 2857 in
961 2820 1028 2860 nem
1042 2806 1153 2874 honam,
1169 2805 1197 2860 id
1212 2813 1254 2860 εει
1273 2805 1376 2872 utilem,
1393 2806 1457 2877 quid
1481 2807 1552 2862 enim
1571 2815 1624 2862 tam
1647 2808 1714 2864 utile
1727 2808 1762 2864 ad

110 2896 240 2953 mundum
259 2910 265 2949 :
282 2903 372 2950 tamen
386 2894 450 2949 dam
465 2893 494 2948 in
509 2908 542 2948 eo
550 2908 692 2948 manemus
708 2892 793 2946 simus
808 2890 912 2947 haten·
961 2892 1174 2964 redemptionem
1200 2909 1281 2965 quarn
1297 2902 1323 2949 et
1338 2895 1414 2966 quod
1432 2893 1491 2962 luit,
1507 2904 1534 2950 et
1556 2896 1701 2954 confessus
1720 2905 1760 2953 est

111 2989 153 3042 tes
168 2986 308 3042 alimenta
323 2987 351 3040 et
366 2982 524 3038 indumenta
538 2982 637 3054 quibus
653 2985 801 3053 tegamur:
814 2995 868 3035 non
882 2980 911 3034 in
962 2996 992 3036 εε
1007 2997 1069 3037 εεεε
1085 2981 1181 3037 Piliam
1195 2983 1246 3037 Dei
1257 2984 1271 3038 t
1281 2981 1404 3039 Proiecto
1415 2983 1437 3038 si
1448 2992 1586 3057 negasset,
1604 3001 1660 3041 aon
1675 2986 1762 3042 cnaei·

111 3073 209 3146 quibus
236 3073 412 3138 luxuriemus,
430 3079 456 3126 et
471 3071 515 3127 his
539 3069 674 3125 alimentis
696 3076 724 3124 et
747 3068 912 3142 tegumentis
924 3043 948 3106 0
960 3068 1101 3143 ligaretur,
1117 3086 1169 3125 nec
1180 3053 1279 3142 ¹gemas
1302 3072 1453 3127 humanum
1467 3072 1616 3129 redimeret
1631 3090 1638 3128 :
1654 3082 1681 3129 et
1696 3073 1758 3130 ideo

110 3164 199 3219 simas
214 3163 342 3219 contenti
353 3180 362 3216 :
372 3160 434 3215 ideo
449 3159 511 3230 quia
525 3158 648 3214 ridemus
665 3156 785 3214 332
802 3157 912 3229 eosqui
960 3159 1025 3214 utile
1041 3158 1090 3214 tuit
1113 3157 1237 3214 confiteri
1261 3160 1334 3231 quod
1356 3168 1430 3216 esset
1448 3161 1531 3216 Pilius
1553 3162 1614 3218 Dei.
1630 3162 1761 3218 Pilatasa

111 3245 913 3319 cotuntdioitesfieriquodinciduntintentationemani·
961 3249 1046 3303 Ponto
1060 3247 1147 3302 insula
1172 3248 1282 3303 Pontius
1305 3249 1462 3305 vocabatur.
1479 3248 1549 3319 Quia
1571 3267 1625 3308 nec
1638 3251 1759 3308 haretici

110 3338 366 3410 mi,etperbancin
376 3338 507 3409 laqueum
517 3335 910 3406 diaboleidestinopustenn-
959 3336 1094 3392 invertere
1107 3345 1220 3408 possent
1234 3337 1336 3393 dictum
1350 3354 1412 3394 esse
1428 3339 1462 3394 de
1476 3339 1529 3395 ulio
1552 3339 1627 3407 iesu,
1642 3340 1688 3396 vel
1707 3340 1760 3397 alio

109 3427 200 3483 tionis.
217 3428 363 3498 Postquam
387 3425 469 3481 etiam
493 3424 591 3481 divites
614 3423 678 3479 lacti
702 3431 774 3488 sunt,
790 3422 911 3479 incidunt
959 3424 1045 3481 Pilato
1062 3443 1068 3479 :
1084 3425 1161 3480 multi
1185 3426 1257 3481 enirn
1279 3434 1344 3483 tunc
1365 3427 1444 3482 lesus
1467 3427 1522 3484 dici
1543 3435 1683 3500 poterant,
1699 3428 1760 3485 ideo

110 3515 139 3571 ia
150 3518 244 3573 malta
258 3514 398 3572 desideria
408 3534 418 3571 .·
429 3515 540 3585 capiunt
554 3513 626 3569 enim
641 3512 738 3568 domos
753 3519 780 3567 ει
793 3510 908 3581 pradia.
958 3513 1060 3568 Paulus
1074 3512 1176 3568 addidit
1191 3513 1296 3569 Pontio.
1313 3513 1455 3585 Pracipio,
1479 3515 1601 3587 inquam,
1617 3520 1650 3572 ut
1666 3532 1757 3574 soram

107 3605 252 3662 Desideria
268 3604 331 3662 dico
344 3604 463 3660 inutilia
474 3622 484 3658 .·
494 3601 643 3658 necsolum
656 3600 715 3656 sine
724 3599 848 3666 utilitate,
860 3599 910 3654 sed
958 3602 1010 3658 hoo
1024 3601 1194 3657 mandatum
1209 3602 1282 3674 quod
1306 3602 1421 3673 amplias
1436 3603 1494 3659 sine
1514 3603 1595 3675 culpa
1618 3604 1757 3676 praeterire

109 3695 188 3751 etiam
198 3695 316 3750 nociva:
327 3692 391 3765 quia
399 3695 535 3761 mergunt
544 3691 672 3746 homines
682 3688 867 3744 desiderantes
877 3689 909 3743 in
957 3690 1064 3760 nequis.
1082 3690 1238 3745 Mandatum
1261 3690 1323 3747 dico
1336 3692 1398 3748 sine
1412 3693 1535 3759 macula,
1553 3693 1660 3765 quinia
1682 3692 1757 3749 nulla

109 3783 312 3848 interitam,ct
326 3779 693 3850 postmorteminaternam
706 3778 906 3850 perditionem.
957 3786 1032 3849 parte
1047 3778 1176 3834 doctrinm
1200 3795 1269 3835 mea
1293 3779 1435 3835 maculatio
1458 3780 1549 3852 aliqua
1571 3789 1663 3852 potest
1677 3781 1756 3839 inve-

107 3870 179 3926 Vere
193 3870 251 3926 haec
266 3867 403 3924 desideria
418 3868 457 3923 sic
473 3875 598 3938 mergant
614 3865 748 3921 homines.
771 3865 840 3920 Nam
855 3881 907 3922 cu·
956 3866 1007 3921 uiri
1022 3883 1028 3922 :
1046 3867 1136 3922 sedin
1151 3867 1276 3923 doctrina
1296 3868 1486 3925 hereticorum
1500 3869 1564 3926 licet
1577 3869 1691 3943 aliquod
1704 3870 1757 3926 bo·

107 3958 215 4031 piditas
227 3961 271 4013 est
283 3957 370 4012 radic
384 3957 512 4013 omnium
526 3956 668 4011 maloram
680 3974 689 4010 .-
700 3969 753 4010 noa
768 3953 841 4026 quod
851 3953 908 4008 sin·
956 3972 1021 4010 num
1035 3956 1224 4027 praemittatur,
1241 3965 1270 4011 ut
1284 3957 1323 4013 sic
1344 3957 1442 4013 melius
1464 3957 1567 4028 fallant,
1585 3959 1692 4015 macula
1712 3966 1757 4015 ta·

106 4047 171 4120 gula
184 4045 258 4101 mala
272 4044 337 4101 tiant
346 4060 397 4116 per
411 4043 586 4116 cupiditatem
599 4042 731 4115 pecunie,
744 4042 792 4098 sed
802 4042 907 4098 nullum
955 4061 1019 4099 men
1035 4046 1089 4100 cito
1103 4044 1239 4101 invenitur
1253 4046 1365 4101 inserta.
1383 4047 1537 4102 Mandatum
1557 4047 1620 4104 dieo
1639 4063 1696 4105 non
1710 4063 1756 4104 so-

107 4151 194 4206 genus
209 4141 251 4191 εει
260 4133 373 4201 mali,in
388 4149 441 4205 quo
451 4148 554 4204 genere
569 4148 624 4188 noa
639 4132 673 4186 sit
686 4131 787 4188 lactum
796 4131 906 4203 aliquod
955 4133 1010 4189 lum
1025 4133 1083 4189 sine
1097 4133 1214 4201 macula,
1230 4134 1375 4189 sedetiam
1402 4137 1650 4208 irreprehensibile
1666 4156 1676 4193 .·
1692 4136 1756 4210 quia

107 4224 207 4279 malum
222 4239 271 4297 per
285 4222 458 4295 cupiditatem
473 4221 640 4278 divitiarum.
659 4223 748 4291 Quom
769 4220 905 4292 cupidita·
955 4237 1007 4278 nec
1032 4222 1142 4278 occasio
1157 4223 1375 4294 reprehendendi
1389 4223 1452 4279 inde
1479 4232 1570 4296 potest
1583 4225 1700 4298 concipi,
1732 4224 1756 4280 si

106 4319 162 4368 tem
177 4314 291 4385 quidam
301 4315 478 4385 appetentes,
488 4311 744 4381 erraveruntofide
755 4315 905 4381 :negantes
956 4311 1017 4381 quis
1032 4326 1096 4366 sane
1110 4311 1241 4366 attendat.
1256 4312 1354 4368 Servos
1368 4312 1430 4368 dieo
1444 4328 1530 4386 usque
1554 4315 1586 4369 in
1599 4314 1754 4370 aduentum

104 4401 194 4457 Deum
208 4399 344 4456 desiderio
354 4400 519 4467 divitiarum,
531 4416 599 4473 quas
614 4407 642 4455 ut
652 4399 939 4472 cupideaagerent,1)
954 4399 1067 4455 Domini
1080 4401 1174 4456 nostri
1186 4401 1252 4457 lesa
1273 4398 1385 4467 Christi,
1402 4400 1430 4456 id
1453 4407 1495 4456 est
1514 4417 1602 4474 usque
1624 4402 1655 4456 in
1680 4401 1754 4459 mem

105 4490 290 4547 inseruerant
306 4505 336 4546 se
353 4491 455 4547 multis
480 4489 630 4559 dohribas,
647 4495 904 4558 vexantescorpora
952 4487 1048 4543 mortis
1071 4495 1142 4543 tuae:
1158 4488 1265 4559 quando
1288 4488 1360 4543 enim
1382 4489 1495 4545 moritur
1517 4489 1579 4562 quis
1603 4487 1702 4558 tidelis,
1720 4505 1755 4546 eo

104 4595 153 4634 aaa
164 4586 190 4635 et
200 4579 317 4649 animas,
328 4594 527 4651 permmeper
535 4586 631 4634 terras.
644 4574 844 4648 Quicupiditati
858 4590 904 4631 va·
952 4575 996 4632 die
1020 4575 1119 4632 dicitur
1145 4577 1220 4632 beas
1248 4577 1283 4632 ad
1312 4592 1375 4633 eum
1400 4578 1505 4648 venire,
1521 4579 1585 4650 quia
1611 4586 1679 4636 tunc
1705 4595 1752 4636 re·

103 4676 175 4737 cant,
192 4677 295 4725 errant.
951 4663 1017 4735 cipit
1031 4681 1092 4720 eum
1108 4665 1182 4720 Deus
1196 4665 1224 4720 in
1239 4665 1337 4737 gloria,
1350 4682 1441 4738 quern,
1458 4665 1536 4739 quasi
1551 4666 1673 4723 alhaum
1687 4683 1705 4724 a
1720 4684 1752 4725 εε

139 4757 193 4813 Sed
204 4762 272 4827 ta‚o
283 4758 366 4815 homo
375 4758 434 4827 Dei,
447 4755 598 4821 Timotheo,
609 4756 675 4826 sago
685 4754 744 4810 hoec
753 4751 899 4819 desideria,
951 4752 979 4807 ia
993 4752 1110 4809 miseriis
1120 4754 1215 4809 mundi
1224 4754 1289 4809 dum
1299 4754 1412 4823 viveret,
1421 4755 1603 4827 dereliquerat
1614 4771 1620 4811 :
1630 4758 1753 4829 quandia

101 4845 162 4902 hoee
176 4846 251 4920 iuge,
263 4851 372 4904 sectare
386 4861 450 4902 cero
460 4845 617 4915 justitiam,
629 4842 823 4916 erogandotua
832 4840 902 4896 indi·
954 4843 1073 4899 333
1085 4843 1158 4898 enim
1164 4843 1252 4913 iustus
1262 4843 1397 4900 detinetur
1404 4844 1432 4899 in
1441 4844 1551 4912 mundo,
1558 4844 1667 4901 videtur
1677 4847 1752 4903 Deus

103 4934 230 5006 gentibus
251 4935 392 5005 proximis,
413 4933 488 5005 quod
508 4931 642 5003 cupiditas
665 4947 804 5004 nunquam
826 4930 899 4986 lacit.
951 4946 1007 4987 non
1029 4933 1124 4989 venire
1147 4933 1183 4988 ad
1196 4949 1269 5000 eum,
1282 4932 1346 5005 quia
1359 4933 1397 4988 ibi
1418 4933 1551 5005 permittit
1568 4950 1632 4990 eam
1658 4934 1754 5010 affligi,

103 5021 213 5077 Sectere
227 5023 309 5078 etiam
329 5024 477 5096 pietatem,
494 5021 556 5092 quia
571 5021 595 5076 si
608 5028 663 5075 tam
686 5036 748 5076 rara
762 5019 857 5086 babes,
873 5026 913 5090 ut
951 5019 1002 5076 sed
1015 5036 1077 5076 cum
1089 5021 1179 5090 justus
1199 5037 1279 5077 carne
1294 5021 1417 5089 solvitur,
1435 5021 1527 5078 venire
1543 5024 1618 5079 Deus
1641 5024 1675 5080 ad
1691 5040 1756 5081 eura

102 5123 158 5165 non
172 5108 236 5164 inde
250 5111 341 5180 possis
365 5111 433 5166 dare
454 5109 581 5181 proximo
605 5110 663 5165 sine
687 5118 731 5165 tua
753 5107 903 5182 indigentie
951 5108 1057 5175 dicitur,
1084 5110 1161 5179 cajus
1188 5110 1306 5165 enimam
1330 5110 1443 5182 suscipit
1465 5110 1493 5166 in
1514 5111 1615 5184 requie.
1644 5113 1757 5170 Diceret

103 5197 188 5269 (quod
204 5197 308 5254 laceres
319 5197 424 5267 iustitia
437 5212 493 5252 non
505 5205 533 5252 te
553 5200 687 5270 cogeret),
703 5197 845 5269 impertire
860 5204 902 5251 ta-
951 5195 1075 5252 fortassis
1089 5198 1245 5254 Timotheus
1262 5215 1268 5254 :
1285 5199 1457 5255 sustinerem
1472 5200 1568 5267 Deum,
1586 5201 1609 5256 si
1624 5217 1679 5258 non
1695 5210 1755 5258 tar·

101 5302 166 5342 men
181 5286 205 5342 ei
220 5303 254 5343 ex
268 5287 378 5359 pietate.
394 5287 504 5343 Sectare
528 5286 609 5343 etiam
624 5289 718 5358 fidem,
734 5302 816 5360 quara
839 5283 902 5357 qui·
951 5286 1029 5342 daret
1043 5288 1102 5357 ejus
1124 5288 1268 5344 adventus.
1294 5288 1392 5344 Contra
1405 5291 1458 5345 hoc
1484 5289 1523 5344 ait
1537 5289 1638 5346 Paulus
1656 5307 1662 5346 :
1680 5292 1757 5348 Bone

102 5375 166 5431 dam
179 5385 351 5451 negaverunt
364 5384 476 5449 propter
490 5376 675 5448 cupiditatem.
694 5377 805 5433 Sectare
819 5373 902 5429 etiam
950 5374 1001 5441 tir,
1026 5375 1129 5432 sustine
1153 5394 1160 5431 ι
1183 5377 1247 5448 quia
1267 5393 1349 5449 quem
1367 5378 1517 5434 adventum
1537 5379 1757 5437 ostendebam

103 5463 285 5536 charitatem,
301 5466 330 5525 id
343 5474 387 5525 ast
399 5465 575 5524 dilectionem
590 5467 641 5524 Dei
665 5474 692 5523 et
705 5462 833 5538 proximi.
848 5462 901 5519 Se·
951 5464 1018 5536 sais,
1042 5464 1144 5536 idest,
1169 5466 1300 5541 congruis
1334 5466 1527 5540 temporibus:
1544 5468 1655 5541 quando
1678 5468 1753 5527 enim
