3742 5986
100 203 150 258 rar
773 205 1074 266 consimrumnas·
1696 217 1749 274 ree
1819 190 1820 195 ‘

135 327 164 380 2.
180 323 267 381 Simili
282 324 363 381 etiam
378 333 472 383 tenore
487 327 618 385 sancitum
634 338 685 396 est,
701 337 730 385 ut
748 329 884 386 neminem
908 347 1031 402 prorsus,
1056 334 1113 389 sive
1134 333 1214 403 intra,
1233 335 1291 391 sive
1307 345 1384 393 extra
1407 354 1528 395 eremum
1552 339 1630 395 istam
1644 339 1738 395 delun-

101 429 176 477 otum
192 437 240 476 suo
255 422 388 494 sepeliant
400 422 428 478 in
444 425 611 493 coemeterio,
628 427 679 482 nisi
694 426 762 483 lorte
775 427 894 499 aliquem
909 427 989 498 hujus
1004 430 1137 501 propositi
1152 431 1196 487 hic
1211 431 1286 488 obire
1301 434 1454 506 contigerit.

137 521 164 572 3.
181 517 236 573 Sed
250 526 276 574 et
290 527 451 574 ceterarum
465 520 637 594 religionum,
654 523 677 577 si
692 523 753 595 quis
767 521 811 579 bic
825 521 968 580 defunctus
983 521 1073 593 luerit,
1090 542 1170 598 quem
1192 542 1240 582 sua
1259 530 1436 602 congregatio
1459 528 1524 586 binc
1537 536 1687 601 asportare,
1704 536 1751 586 aut

101 613 265 686 nequiverit,
281 622 326 670 aut
340 616 501 689 neglexerit,
517 618 589 673 bunc
604 618 745 689 sepelient.

139 713 165 767 t.
180 712 287 768 Nomen
301 729 367 770 vero
383 715 541 787 cujusquam
557 716 584 771 in
599 733 649 773 suo
668 733 724 774 non
745 718 864 774 scribent
886 718 1092 793 Martyrologio,
1118 735 1169 777 nec
1192 722 1351 796 cujusquam
1377 725 1594 783 anniversarium
1618 743 1651 784 ex
1674 742 1751 784 more

101 802 213 863 faciant.
229 808 390 864 Audivimus
404 809 486 877 enim,
502 811 576 883 quod
588 824 645 867 non
658 814 814 884 probamus,
831 812 977 887 plerosque
993 816 1072 871 toties
1088 815 1230 886 splendide
1242 818 1390 887 convivari,
1401 820 1554 894 missasque
1569 821 1659 879 lacere
1672 837 1753 894 para·

102 911 155 968 tos,
172 903 278 975 quoties
292 904 373 977 aliqui
387 921 436 977 pro
452 906 507 961 suis
522 907 562 962 eis
577 908 712 964 voluerint
727 909 857 966 exhibere
871 909 1016 967 defunctis.
1034 911 1101 981 Quae
1117 915 1285 971 consuetudo
1296 923 1322 971 et
1337 916 1527 972 abstinentiam
1542 917 1610 973 tollit
1624 927 1652 974 et
1666 932 1752 974 vena-

102 992 144 1055 les
159 998 223 1056 lacit
238 1001 383 1069 orationes,
399 1002 464 1057 dum
479 1010 577 1076 quotus
590 1013 717 1074 pastuum
731 1021 858 1061 numems
873 1013 944 1061 totus
959 1014 1000 1062 est
1015 1015 1040 1062 et
1056 1007 1218 1076 missarum
1231 1025 1282 1067 nec
1290 1009 1419 1065 ullumibi
1433 1011 1476 1068 vel
1483 1012 1623 1081 Jejunandi
1637 1022 1752 1081 certum,

103 1097 147 1153 vel
162 1096 325 1153 obsecrandi
341 1107 447 1154 constat
460 1100 638 1171 propositum,
656 1101 701 1157 ubi
715 1118 770 1157 non
784 1101 930 1159 devotione
952 1101 1088 1171 facientis,
1114 1104 1212 1162 sedda
1237 1108 1372 1177 pascentis
1394 1107 1484 1180 potius
1504 1110 1606 1180 pendet
1629 1110 1751 1167 arbitrio.

102 1192 184 1248 Nulla
199 1193 298 1265 quippe
313 1194 356 1250 die
371 1195 527 1251 convivium
541 1196 585 1253 vel
599 1196 682 1252 missa
696 1198 793 1266 deerit,
810 1198 834 1254 si
851 1199 897 1271 qui
909 1206 1005 1271 pascat
1019 1216 1156 1272 nunquam
1171 1201 1296 1258 deluerit.
1313 1202 1393 1272 Quod
1408 1204 1431 1259 si
1455 1205 1516 1277 quis
1537 1204 1619 1262 talem
1633 1222 1752 1263 consue-

103 1290 225 1345 tudinem
239 1292 407 1348 contentiose
418 1293 491 1362 iurat
506 1294 679 1364 laudabilem,
696 1312 750 1352 non
765 1297 928 1364 resistimus,
943 1306 1007 1367 agat
1022 1298 1139 1366 utlibet,
1156 1300 1310 1355 redditurus
1333 1300 1372 1355 illi
1395 1302 1532 1368 rationem,
1560 1303 1605 1375 qui
1629 1312 1754 1361 scrutans

104 1388 188 1445 corda
204 1397 230 1446 et
244 1389 364 1461 probans
376 1406 457 1447 renes
473 1391 569 1448 reddet
583 1392 728 1465 unicuique
740 1394 816 1463 juxta
832 1394 902 1450 riam
918 1401 946 1452 et
956 1394 1033 1464 Juxta
1046 1395 1163 1453 fructum
1177 1397 1399 1454 adinventionum
1414 1415 1536 1454 suarum,

793 1542 1079 1622 commaneamus.

102 1667 210 1738 probari
223 1676 323 1739 potest,
338 1676 365 1724 et
381 1685 414 1725 ax
426 1668 493 1725 infra
507 1668 630 1726 dicendis
644 1667 759 1741 amplius
773 1668 940 1739 probabi-A
955 1677 1005 1738 est,
1023 1670 1112 1742 quoad
1129 1670 1197 1725 alias
1211 1670 1308 1727 domos
1327 1670 1439 1741 ordinis,
1463 1671 1516 1727 nisi
1531 1672 1596 1728 talia
1611 1673 1679 1728 intra
1695 1681 1755 1730 ter-

102 1763 167 1822 tur;
184 1773 216 1812 ex
229 1758 286 1826 jnm
300 1758 380 1814 dictis
394 1766 484 1813 autem
506 1764 613 1814 constat
629 1776 636 1811 :
955 1757 1044 1813 minos
1059 1759 1112 1813 sint
1129 1774 1136 1813 ε
1152 1774 1215 1813 narn
1234 1758 1268 1815 de
1292 1758 1447 1828 hujusmodl
1469 1760 1552 1815 rebus
1571 1768 1647 1817 entra
1660 1761 1756 1818 termi-

142 1845 242 1914 Primo,
268 1846 340 1917 quod
357 1846 436 1916 primi
460 1848 552 1902 Patres
577 1844 779 1901 renuntiassent
794 1844 905 1900 odibili·
956 1861 1006 1901 nos
1021 1863 1075 1901 non
1091 1847 1275 1917 possidendis,
1292 1847 1335 1901 hic
1350 1855 1453 1902 tantum
1468 1848 1567 1920 agitur.

102 1932 166 1999 buS,
191 1941 219 1988 ιιι
242 1933 326 2000 aiunt,
349 1934 467 2008 vagandi
492 1943 518 1990 et
540 1933 680 2006 quarendi
701 1933 845 2000 exercitiis
871 1934 905 1988 ad
992 1935 1754 2008 lbid.ll‘ibilomninopossidcunt,idcstnonnqros,etc.

103 2021 180 2093 quod
192 2035 306 2078 neccsse
322 2028 379 2077 eret
394 2029 423 2077 ιιι
441 2022 575 2077 baberent
596 2023 669 2076 unde
691 2020 720 2075 in
734 2035 784 2075 sua
808 2020 905 2076 solitu·
955 2038 1127 2097 quecunque
1138 2023 1310 2094 hujusmodi,
1326 2023 1398 2078 lnter
1411 2024 1462 2078 ista
1476 2023 1643 2095 specificata,
1656 2026 1755 2098 quibus

102 2109 178 2176 dine,
193 2109 296 2181 absque
310 2109 355 2165 illa
369 2109 566 2177 vicissitudine,
582 2107 695 2181 pacifice
708 2107 851 2175 virerent;
956 2107 1053 2162 domus
1082 2107 1232 2163 Carthasim
1254 2106 1357 2163 incolas
1380 2123 1431 2179 pro
1455 2123 1485 2163 se
1513 2115 1539 2163 et
1561 2108 1617 2163 suis
1639 2109 1756 2180 posteris

141 2197 277 2264 Secundo,
310 2198 382 2269 quod
406 2196 507 2254 vellent
527 2205 720 2269 procuratores
741 2196 846 2252 ordinis
870 2195 905 2251 ad
955 2196 1128 2252 renuntiasse
1143 2195 1240 2251 asserit
1254 2195 1298 2252 vir
1312 2203 1432 2265 sanctus,
1448 2211 1502 2251 non
1517 2197 1593 2267 ponit
1606 2211 1706 2267 pascua
1720 2195 1756 2253 ad

104 2284 183 2342 cellae
197 2286 314 2358 quietem
330 2293 356 2342 et
379 2294 514 2342 secretum
537 2300 646 2356 sempor
669 2284 792 2356 aspirare
806 2291 833 2340 et
858 2300 905 2340 re·
955 2283 1083 2340 animalia
1107 2283 1261 2351 nutrienda,
1286 2299 1337 2340 nec
1355 2285 1437 2340 etiarn
1462 2291 1553 2341 certos
1573 2284 1684 2349 reditus,
1710 2284 1756 2356 qui

104 2388 235 2440 currere3
251 2373 335 2429 veluti
350 2373 385 2429 ad
400 2373 493 2429 salutis
509 2390 565 2429 suae
579 2381 688 2444 parturn
705 2387 711 2426 :
956 2372 1059 2443 absque
1069 2371 1144 2427 lundi
1160 2373 1325 2443 proprietate
1339 2380 1386 2428 aut
1404 2372 1458 2427 ulla
1472 2373 1648 2443 possessione
1662 2372 1757 2428 baberi

138 2461 241 2527 Tertio,
256 2461 329 2533 quod
343 2461 478 2517 haberent
488 2458 679 2516 sufficientiam
689 2475 781 2516 rerum
797 2468 905 2530 tempo·
954 2468 1078 2531 possunt,
1110 2469 1192 2532 prout
1215 2468 1255 2516 est
1276 2460 1424 2533 assignatio
1454 2460 1520 2517 certi
1543 2461 1625 2515 annui
1656 2476 1757 2516 census

104 2547 213 2618 raliurn,
229 2565 260 2605 ea
275 2548 370 2604 morali
393 2548 533 2605 latitudine
552 2557 698 2621 sumptam,
718 2564 800 2620 quam
823 2563 905 2620 supra
950 2563 1039 2622 ‚super
1063 2548 1188 2620 rpuaedam
1216 2548 1276 2605 loca
1291 2557 1337 2604 aut
1360 2548 1462 2618 praedia
1485 2548 1645 2619 recipiendi,
1671 2557 1758 2605 anta

104 2637 295 2709 explicuimus.
305 2639 375 2694 Nern
384 2637 513 2694 habuisse
533 2637 595 2693 illos
614 2636 867 2694 constatundesibi
879 2645 905 2692 et
956 2635 1074 2707 quadarn
1089 2636 1239 2692 cathedrali
1254 2645 1301 2692 aut
1315 2636 1460 2708 collegiata
1483 2637 1597 2692 ecelesia
1620 2635 1754 2692 solvendi.

104 2725 259 2798 hospitibus
273 2734 299 2782 et
316 2724 424 2783 familiae
447 2725 631 2798 providerent,
643 2734 725 2798 atque
740 2725 821 2781 etiarn
836 2725 906 2781 elee-
956 2722 1024 2792 Quae
1052 2732 1116 2780 tune
1140 2724 1310 2780 Carthasinm
1334 2725 1500 2795 possedisse,
1521 2740 1577 2780 non
1591 2731 1694 2780 tanturn
1709 2740 1756 2780 ra·

105 2828 236 2886 mosynas
250 2814 417 2886 pauperibus
427 2820 583 2887 erogarent.
954 2813 1028 2868 tione
1042 2813 1090 2868 sed
1105 2813 1272 2884 experientia
1287 2812 1429 2884 probatur,
1446 2828 1509 2868 nam
1524 2813 1564 2885 (ut
1587 2828 1670 2884 supra
1683 2812 1756 2867 dixi-

140 2902 221 2958 Num.
238 2906 264 2957 ι.
282 2887 907 2976 Cupiditatisoecnsiones,etc.lucibujnsha·
954 2917 1015 2956 mtrs
1043 2917 1103 2971 cap.
1130 2902 1174 2971 19)
1199 2910 1320 2973 ternpore
1341 2903 1373 2958 ιι.
1412 2902 1441 2956 P.
1466 2901 1609 2972 Guigonis,
1643 2901 1756 2956 domum

104 2991 248 3056 bitctores,
282 2999 334 3047 etc.
355 2990 404 3047 llic
429 3006 480 3063 pro
502 2990 584 3046 domo
606 2989 755 3045 Carthasiae
778 2988 942 3080 specificeB
956 2990 1105 3045 Carthasim
1120 2990 1247 3046 habuisse
1268 2997 1372 3046 certum
1397 2999 1438 3046 est
1461 3005 1563 3062 pascua
1586 2996 1612 3043 et
1632 2989 1695 3059 jura
1709 3005 1756 3060 pa-
1814 3065 1818 3071 Ι

103 3078 242 3151 loquitur,
267 3095 329 3134 nam
362 3077 420 3134 lere
453 3077 512 3134 sola
535 3084 578 3134 est
599 3077 670 3133 inter
692 3092 788 3132 omnes
810 3076 906 3131 domos
956 3092 1083 3133 sonorum
1098 3078 1134 3132 nd
1155 3079 1240 3150 pedes
1263 3078 1382 3149 rupium,
1398 3086 1425 3134 et
1447 3085 1521 3132 extra
1547 3075 1679 3132 terminos
1694 3076 1754 3140 sita,

104 3167 211 3223 ordinis
225 3167 253 3222 in
268 3166 596 3223 vastaeremoconstitnta
610 3183 618 3232 3
634 3172 659 3221 et
670 3181 729 3237 quac
744 3164 806 3220 ideo
821 3164 908 3236 possit
956 3173 1038 3236 atque
1052 3166 1182 3238 grangias
1206 3173 1385 3231 constmetas,
1411 3166 1445 3221 ad
1469 3181 1536 3237 quas
1560 3180 1674 3220 necesse
1698 3170 1757 3219 erat

104 3254 213 3326 amplos
228 3254 328 3310 habere
351 3254 492 3321 terminos,
513 3253 583 3309 intra
606 3268 676 3325 quos
701 3251 766 3307 nulli
780 3267 906 3322 compos·
956 3252 1094 3309 deducere
1108 3252 1235 3309 animalia
1250 3254 1284 3309 ad
1308 3254 1491 3318 hiemandum,
1516 3268 1577 3310 cum
1600 3252 1628 3308 in
1642 3251 1757 3323 rupibus

105 3358 232 3399 sessores
246 3342 428 3414 reperiantur,
444 3342 516 3414 quod
531 3347 606 3397 certe
620 3340 746 3396 domibus
760 3340 822 3395 aliis
837 3353 906 3395 con·
955 3341 1106 3397 Carthasiae
1115 3342 1150 3397 ab
1160 3341 1236 3398 initio
1250 3343 1353 3397 mensis
1363 3341 1526 3399 Novembris
1536 3356 1622 3413 usque
1631 3341 1666 3395 ad
1675 3339 1757 3396 linem

104 3429 199 3488 venire
229 3445 286 3487 non
316 3429 412 3502 potuit.
437 3428 636 3486 Fundatoribus
668 3429 741 3484 enim
764 3427 906 3483 domomm
955 3430 1057 3486 mensis
1072 3430 1134 3485 hlaii
1148 3446 1202 3487 non
1216 3429 1391 3501 reperiantur
1414 3429 1514 3496 herbae,
1539 3429 1636 3503 quibus
1650 3428 1756 3484 anima-

103 3518 224 3576 liberum
237 3533 292 3575 non
308 3526 377 3588 erat,
391 3517 431 3575 sic
449 3518 477 3573 in
491 3534 572 3573 unum
596 3517 681 3573 veluti
703 3516 825 3589 globum,
841 3530 905 3587 pos·
955 3518 990 3573 lia
1003 3517 1099 3573 nutriri
1112 3519 1227 3589 possint,
1252 3517 1324 3575 unde
1339 3533 1454 3573 neeesse
1478 3524 1518 3573 est
1532 3516 1605 3573 foras
1620 3532 1755 3588 querere,

105 3607 245 3664 sessiones
259 3606 427 3664 necessarias
442 3606 477 3662 ad
487 3606 586 3662 <lomus
599 3604 820 3661 sustentationem
836 3620 905 3660 con·
954 3615 984 3662 ut
1002 3607 1068 3661 satis
1082 3606 1199 3677 explicat
1216 3606 1275 3678 ipsa
1289 3606 1322 3662 R.
1339 3607 1369 3660 P.
1388 3605 1489 3677 Guigo.

104 3711 241 3769 gregare;
257 3695 328 3751 unde
339 3694 373 3751 ad
388 3693 560 3750 laudationes
575 3694 720 3749 domorum
734 3691 904 3749 constituen-
989 3694 1085 3764 Quoad
1099 3694 1203 3750 reditus
1217 3694 1289 3762 illos,
1314 3693 1417 3766 absque
1441 3692 1518 3749 fundi
1538 3691 1705 3763 proprietate
1729 3699 1757 3748 et

104 3785 156 3840 das
170 3783 235 3839 dare
248 3784 334 3840 coacti
350 3782 459 3839 luerunt
472 3781 573 3838 reditus
588 3782 640 3837 buc
654 3781 772 3852 illucque
795 3779 904 3851 disper·
952 3782 1137 3854 possessione,
1154 3782 1182 3837 id
1196 3783 1277 3838 etiem
1304 3783 1491 3853 experimento
1516 3788 1622 3837 constat
1644 3796 1693 3852 per
1707 3796 1757 3836 eos

105 3887 162 3929 soe.
186 3872 220 3927 ιιι
242 3871 301 3928 heac
324 3880 365 3927 est
388 3871 477 3943 prima
499 3886 581 3927 causa
595 3884 652 3935 cur,
677 3868 773 3940 primis
796 3868 904 3924 suculis
954 3871 1051 3943 quibus
1065 3870 1152 3926 adhuc
1175 3871 1233 3927 haec
1247 3870 1343 3925 domus
1364 3868 1512 3925 Carthasim
1535 3867 1647 3940 gaudet,
1668 3867 1757 3940 etqui

104 3960 220 4025 ordinis,
236 3959 353 4017 licentiae
373 3958 506 4031 speciales
527 3957 597 4017 datae
619 3956 718 4013 luerint
739 3956 903 4029 quibusdam
951 3959 1105 4030 ecapitulis
1118 3967 1175 4014 tum
1189 3957 1355 4014 cathedralis
1370 3956 1503 4022 ecclesiae,
1520 3963 1578 4011 tum
1592 3956 1621 4012 S.
1637 3955 1756 4011 Andreae

104 4048 231 4106 domibus
245 4047 348 4105 ordinis
361 4047 464 4118 aliquid
479 4055 556 4102 extra
579 4045 709 4100 terminos
733 4043 901 4116 possidendi,
952 4046 1207 4118 Gratianopolitanis
1228 4045 1255 4102 ei
1275 4046 1365 4101 adhuc
1387 4044 1532 4117 quotannis
1556 4044 1707 4100 solvuntur.
1723 4044 1759 4098 Et

105 4153 168 4210 quae
183 4145 273 4192 tamen
292 4135 388 4190 similia
403 4135 475 4190 bona
497 4134 525 4189 in
549 4131 756 4205 emphyteusim,
774 4140 902 4204 qnantum
953 4142 1028 4191 certe
1043 4135 1088 4206 qui
1103 4142 1202 4189 statum
1216 4134 1301 4190 eremi
1325 4133 1477 4188 Carthasiae
1500 4137 1642 4194 noverunt,
1659 4146 1710 4202 pro
1724 4146 1755 4186 re

105 4232 240 4298 poterant,
255 4224 319 4279 dere
334 4222 468 4290 solebant,
484 4229 513 4276 ut
527 4222 567 4278 sic
590 4221 662 4277 curis
677 4236 706 4275 se
728 4219 900 4275 extricarunt.
952 4222 1106 4278 indubitata
1119 4220 1199 4278 lacile
1214 4221 1354 4276 habebunt
1379 4220 1489 4275 domum
1514 4217 1662 4274 carthusie
1682 4233 1756 4273 nan-

105 4312 215 4369 Certum
229 4320 320 4367 tamen
335 4311 418 4367 estin
433 4309 528 4366 ordine
552 4308 637 4365 luisse
658 4306 786 4380 religiose
805 4323 901 4363 serva·
954 4326 1036 4383 qaam
1051 4309 1172 4381 potuisse
1186 4323 1248 4363 cum
1270 4309 1330 4362 istis
1351 4307 1480 4363 oneribus
1497 4306 1632 4377 hospitum
1647 4313 1674 4361 et
1688 4321 1757 4377 pau-

106 4408 173 4467 turn,
189 4409 218 4456 ut
231 4399 298 4457 certi
320 4398 427 4454 termini
449 4397 654 4471 assignarentur
677 4395 792 4469 singulis
815 4369 939 4450 dorni·G
956 4415 1053 4471 perum
1068 4397 1227 4461 subsistere,
1249 4396 1302 4450 nisi
1321 4396 1374 4450 ista
1397 4394 1518 4450 subsidia
1533 4401 1609 4449 extra
1633 4409 1756 4450 eremum

106 4490 169 4555 bus,
184 4495 258 4544 extra
284 4503 353 4559 quos
376 4485 566 4557 possessiones
589 4498 719 4557 agrorum
742 4482 836 4537 baberi
851 4497 906 4537 non
956 4486 1105 4554 habuisset,
1122 4484 1195 4557 quod
1210 4484 1273 4540 ideo
1287 4484 1314 4538 in
1329 4483 1435 4539 statutis
1458 4482 1576 4555 antiquis
1591 4482 1692 4539 clarius
1706 4498 1756 4539 ax·

105 4583 228 4650 possent,
246 4576 342 4647 utiam
357 4589 416 4644 cap.
434 4577 477 4640 lb,
493 4589 568 4628 num.
586 4573 612 4639 t,
628 4573 759 4627 diximus,
956 4591 1081 4647 pressum
1098 4573 1156 4629 tuit.

141 4665 213 4720 Dum
226 4663 285 4719 hee
299 4662 431 4719 scriberet
445 4662 477 4719 ιι.
494 4661 524 4716 Ρ.
549 4660 650 4734 (luigo,
676 4661 748 4716 bona
762 4659 815 4717 lide
829 4660 906 4715 illum
991 4664 1072 4719 Num.
1089 4668 1116 4720 2.
1130 4663 1277 4720 Neminem
1286 4677 1411 4734 prorsus,
1429 4667 1481 4716 etc.
1499 4659 1630 4732 Loquitur
1644 4658 1758 4715 relative

103 4759 218 4825 putasse
232 4751 408 4806 indubitatum
424 4756 475 4810 est.
492 4748 565 4821 quod
577 4764 610 4804 es
625 4765 686 4821 quae
700 4756 765 4805 tunc
779 4747 901 4820 posside·
958 4752 992 4808 ad
1008 4767 1086 4807 usum
1102 4749 1233 4822 temporis
1242 4750 1323 4814 illius,
1337 4764 1400 4821 quo,
1414 4763 1465 4819 pro
1475 4746 1690 4818 sepulturisjura
1706 4745 1758 4800 sibi

106 4841 171 4896 bant
181 4840 274 4895 Patres
285 4838 371 4894 nostri
381 4838 448 4892 intra
463 4852 583 4893 eremum
595 4837 756 4903 Carthasiae,
772 4836 907 4906 achunetis
958 4840 1113 4912 specialiter
1128 4839 1255 4893 attributa
1269 4836 1363 4893 stricte
1378 4835 1492 4896 serrari.
1508 4850 1560 4890 nee
1572 4835 1599 4888 in
1614 4834 1670 4888 ulla
1683 4841 1758 4904 parte

105 4927 168 4985 aliis
182 4928 217 4983 de
232 4927 330 4999 quibus
346 4925 435 4981 statim
459 4925 572 4994 dicetur,
590 4923 713 4981 sulficere
733 4941 841 4996 semper
855 4924 906 4980 de·
958 4928 1018 4984 laedi
1034 4927 1162 4983 volebant
1176 4925 1269 4981 clerici
1284 4934 1311 4981 et
1325 4924 1446 4996 parochi,
1458 4939 1509 4995 qua
1523 4923 1558 4978 de
1572 4936 1655 4977 causa
1665 4919 1759 4994 jurgia

106 5016 232 5072 buissent
245 5016 280 5070 ad
293 5015 385 5087 quiete
401 5013 545 5069 vivendum
564 5021 592 5070 et
614 5028 699 5069 onera
720 5013 817 5070 domus
839 5027 907 5084 por·
958 5024 983 5071 et
998 5016 1059 5071 lites
1073 5022 1135 5069 tunc
1150 5013 1230 5069 facile
1239 5013 1419 5069 movebantur
1435 5029 1442 5065 :
1459 5018 1541 5083 atqua
1552 5010 1633 5065 etiam
1644 5009 1758 5066 relative

106 5104 190 5161 tanda
211 5104 238 5159 in
259 5119 290 5159 ea
321 5101 518 5168 mediocritate,
544 5118 624 5173 quam
646 5101 759 5158 inlerius
782 5101 909 5172 exprimit
958 5104 993 5159 nd
1008 5110 1107 5158 nostrae
1120 5102 1182 5159 vitae
1197 5101 1323 5157 solitarie
1338 5107 1445 5163 statum,
1470 5113 1550 5170 quem
1566 5096 1696 5153 nolebant
1709 5113 1760 5168 per

106 5192 588 5264 dicendo:Nostramqaeleeunque
606 5192 907 5263 uiteproposttampe·
958 5191 1112 5263 sepulturas
1141 5189 1311 5247 secularium
1334 5185 1515 5242 interturbari.
1541 5186 1569 5241 ld
1593 5185 1634 5242 sic
1656 5185 1758 5240 intelli-

107 5284 235 5348 nariom,
245 5281 300 5336 Deo
309 5280 430 5350 gratias,
441 5295 508 5336 raro
517 5279 617 5348 sentit,
630 5278 905 5335 nutabunduntium.
958 5280 1079 5354 gendum
1093 5294 1155 5335 esse
1169 5278 1235 5333 satis
1248 5277 1368 5332 innuitur
1386 5291 1437 5346 per
1458 5275 1611 5329 libertatem
1633 5273 1679 5329 hic
1693 5272 1759 5327 reli-

107 5371 142 5427 ιιι
155 5368 304 5425 notandum
319 5375 361 5423 est
376 5368 449 5440 quod
463 5367 514 5422 ista
528 5367 693 5423 renuntiatio
707 5374 834 5421 versetur
848 5374 908 5420 tan·
959 5376 1029 5424 atam
1044 5366 1194 5439 sepeliendi
1212 5381 1268 5421 non
1291 5373 1394 5420 tantum
1409 5362 1527 5435 aliquem
1550 5361 1682 5432 propositi
1706 5375 1760 5414 no-

107 5467 164 5514 tum
179 5457 251 5513 cirea
265 5470 299 5511 ea
314 5472 374 5527 quae
387 5463 449 5511 sunt
469 5463 546 5529 extra
567 5455 696 5511 terminos
712 5470 718 5509 :
735 5453 806 5510 unde
821 5453 848 5507 in
862 5469 908 5509 re·
959 5457 1018 5524 stri,
1034 5455 1062 5510 id
1079 5464 1121 5511 est
1131 5469 1321 5527 quamcunque
1339 5466 1484 5523 personam
1507 5449 1609 5505 ordinis
1624 5448 1697 5503 diem
1709 5463 1759 5503 ex-

107 5546 159 5609 bus
178 5560 247 5621 quas
269 5543 360 5604 statim
378 5542 535 5604 nominatim
555 5542 670 5621 explicet
693 5540 909 5603 subaudiendum
959 5552 1076 5603 tremam
1088 5540 1329 5608 habundantem,
1352 5539 1402 5600 sed
1423 5537 1505 5599 etiam
1523 5534 1669 5607 religiosos
1692 5551 1761 5611 que·
