3742 5986
105 154 156 208 sos
531 149 703 209 caicoais
726 152 750 206 11
772 145 977 207 cauaaasm
1000 114 1148 209 aaronis
1169 150 1319 208 usiosis.
1716 153 1773 208 sos

139 270 210 327 VIII.
226 271 264 326 lie
278 268 443 343 quibusdam
465 271 534 327 uiris
550 273 657 328 sanetis
672 273 720 344 qui
734 273 855 342 suerunt
868 271 902 326 ab
911 271 940 331 A
954 275 986 329 in
995 280 1091 333 mente
1098 276 1265 334 meditantis
1275 289 1394 332 eausam
1399 268 1492 345 qiqnii
1498 277 1528 331 et
1535 273 1768 333 admirationis.-

106 359 182 414 Isaia
195 357 329 431 usquead
341 357 485 415 Christum
500 363 549 415 :et
561 361 595 415 dc
611 359 775 431 quibusdam
790 359 905 430 quisue·
955 366 983 417 et
996 363 1030 420 de
1043 381 1074 421 eo
1083 365 1156 437 quod
1162 381 1216 437 per
1225 381 1259 422 ea
1268 379 1329 435 quoe
1338 366 1419 435 tacta
1435 362 1696 434 sunteanspiciiur
1705 363 1769 435 ipse

105 450 176 502 ruat
184 449 250 518 post
269 447 426 502 aduentum
440 445 555 515 Christi,
575 448 698 519 qualiter
714 462 820 518 percos
830 446 904 515 fiqu-
955 453 1003 522 qai
1016 454 1094 522 secte,

105 538 173 589 rata
185 535 224 589 sit
238 535 317 590 celloe
331 534 418 604 quies.
989 538 1106 595 XXVII.
1125 542 1164 595 lie
1188 541 1299 597 cosmus
1313 543 1343 596 et
1366 537 1554 595 locutionibus
1576 552 1650 609 quas
1663 537 1769 594 anima

140 622 190 676 IX.
202 623 240 677 De
251 622 448 694 quietecelloe;
465 621 762 693 etquodnoneupedit
777 621 804 675 ei
817 621 905 689 quiin
955 626 1146 698 spiritualiter
1160 628 1242 684 audit
1257 647 1266 683 .·
1282 630 1311 683 et
1319 627 1443 699 qualiter
1452 627 1552 681 anima
1559 623 1597 680 ad
1605 626 1767 697 insaqinea

108 725 142 765 ca
153 708 273 776 babitat,
284 709 488 766 utcuriositate
497 710 651 766 temeraria
658 711 746 765 nimis
756 708 806 764 diu
819 710 905 763 ectru
956 713 1005 770 liei
1014 716 1094 784 saeta
1102 716 1151 780 sit,
1162 718 1191 770 et
1202 719 1399 786 quemamtum
1406 713 1556 785 suscipiat,
1565 715 1594 769 et
1608 713 1697 784 cujus
1706 729 1769 771 mc·

103 811 166 859 eam
185 801 321 854 moretur.
956 803 1003 857 tus
1017 802 1207 873 susceptibilis
1219 818 1277 858 non
1291 804 1339 858 sit.

137 885 175 941 X.
192 885 230 941 Ile
240 900 271 941 eo
281 884 352 957 quod
362 885 447 952 cella,
457 883 490 939 ab
500 899 530 940 eo
540 886 658 956 quieam
669 885 820 956 inhabitat,
827 888 905 958 juqi·
990 889 1117 946 XXVIII.
1134 891 1172 946 lie
1184 890 1245 945 illis
1260 890 1350 946 beatis
1373 887 1532 960 spiristum,
1549 902 1613 959 quoe
1627 887 1768 945 uidelicet

105 978 148 1032 ter
164 974 285 1030 tenenda
299 976 360 1040 est,·
375 976 404 1028 et
427 972 501 1043 quod
520 972 547 1028 ei
571 973 733 1043 periculum
756 974 907 1029 euenictsi
954 975 1679 1050 illasintquceadeosperiinent;etquiddeillisin
1688 991 1769 1046 pura

104 1062 255 1119 temerarie
267 1061 301 1116 ab
316 1076 349 1116 ea
364 1059 454 1130 tuerit
475 1073 611 1131 eqressus.
954 1065 1139 1123 nuditatione
1154 1081 1216 1134 sua,
1236 1066 1317 1121 cellae
1338 1063 1437 1121 debeat
1452 1065 1534 1119 intro
1560 1076 1590 1118 se
1618 1061 1770 1122 babitator

139 1150 189 1206 XI.
200 1149 238 1205 De
248 1149 359 1220 maqnis
367 1148 523 1220 multisque
533 1149 670 1219 periculis
682 1150 799 1220 quoeille
810 1150 906 1207 incur·
955 1153 1106 1210 revolvere.

104 1239 144 1295 rit
158 1237 360 1310 quibabitator
378 1239 420 1292 est
434 1236 523 1301 celloe,
541 1239 569 1291 et
582 1236 616 1292 de
629 1237 682 1292 illo
696 1238 772 1292 male
786 1238 865 1305 eeit;
876 1241 905 1293 et
991 1240 1096 1296 XXIX.
1112 1239 1151 1297 lie
1170 1240 1221 1296 illo
1237 1239 1437 1296 meditationis
1458 1255 1561 1311 qenere
1584 1239 1661 1312 quod
1685 1240 1770 1297 intra

91 1325 136 1383 dc
150 1341 181 1382 eo
196 1324 268 1397 quod
280 1323 771 1395 maqnamanimoesoncloeconsert
784 1326 906 1397 quietem
955 1344 1006 1385 uos
1016 1330 1047 1385 in
1058 1330 1127 1400 ipsis
1137 1328 1250 1385 intimis
1262 1326 1353 1384 cordis
1369 1326 1476 1384 nostris
1494 1327 1629 1384 debemus
1649 1326 1767 1396 babere,

99 1413 186 1486 plena
200 1417 229 1469 et
240 1415 369 1484 perfeeto
391 1410 510 1480 abiectio
529 1411 712 1466 secularium
727 1428 832 1468 rerum.
956 1432 1021 1472 eum
1038 1416 1070 1471 de
1086 1418 1140 1473 oro
1154 1415 1302 1473 studemus
1315 1416 1438 1486 copitare
1452 1433 1462 1471 .·
1477 1417 1507 1471 et
1520 1416 1650 1487 qualiter
1663 1415 1701 1472 de
1715 1416 1768 1474 illo

136 1501 199 1557 XII.
217 1503 255 1555 Ile
264 1499 449 1556 saecularium
459 1497 519 1568 (cui
525 1500 660 1569 precipue
670 1499 828 1557 intendunt
840 1499 907 1556 Car·
955 1519 1006 1561 nos
1023 1504 1122 1561 doceat
1135 1506 1164 1559 et
1180 1503 1267 1559 liceat
1285 1503 1404 1560 sentire.

101 1588 455 1657 tlrusienses)aeqoticrum
469 1589 497 1641 et
515 1586 753 1643 sollicitudinum
763 1604 797 1644 ac
808 1603 943 1672 posse-B
991 1591 1087 1646 XXX.
1107 1593 1146 1648 Ile
1161 1591 1295 1647 trinitate
1302 1589 1548 1663 personarum-de
1559 1592 1683 1648 unitate
1697 1591 1766 1649 sub-

100 1677 227 1735 ssioaum
240 1675 408 1748 abjectione.
956 1681 1073 1735 stantia
1084 1694 1146 1751 qua·
1156 1679 1230 1735 Deus
1244 1680 1296 1745 est,
1309 1681 1337 1734 et
1348 1677 1420 1751 quod
1431 1678 1635 1750 prejudicium
1647 1678 1768 1751 aliquod

136 1765 214 1819 XIII.
228 1765 266 1820 lie
283 1764 341 1819 icco
354 1765 463 1819 sanctae
476 1761 640 1833 uoluptatis,
664 1765 693 1818 et
710 1764 745 1819 de
759 1763 907 1835 spirituali
954 1783 1007 1824 nec
1025 1767 1150 1822 Trinitas
1165 1766 1287 1832 unitati,
1304 1781 1358 1821 nec
1371 1767 1472 1822 unitas
1486 1767 1560 1837 tacit
1577 1767 1732 1823 trinitat.

101 1855 170 1926 suqa
185 1853 279 1908 saneti
293 1852 354 1907 lob.
989 1854 1095 1909 XXXI.
1106 1853 1145 1910 De
1155 1853 1289 1924 diliqenti
1299 1853 1504 1921 sollieitudine,
1516 1856 1545 1910 et
1558 1853 1691 1910 sollicita
1700 1853 1767 1910 dili·

136 1940 211 1996 XIII.
228 1938 366 2007 Quomodo
383 1939 575 2011 spiritualiter
593 1939 788 2011 eqrediebatur
802 1940 906 2008 fluuius
955 1942 1146 2014 qentiaquarn
1156 1938 1766 2013 orationiuosiroequandoeiiucumbimus,

102 2029 135 2086 de
145 2030 201 2086 loeo
212 2028 365 2100 uoluptatis
375 2027 604 2097 adirriqandum
615 2027 794 2098 paradisum:
807 2028 907 2100 etquis
956 2029 1086 2086 debenms
1096 2029 1259 2101 impendere
1270 2048 1279 2084 :
1290 2032 1318 2086 et
1334 2028 1369 2084 de
1381 2043 1488 2100 maqna
1497 2028 1698 2086 instabilitate
1713 2044 1768 2102 qua

101 2117 153 2175 ille
167 2117 271 2186 aurius
284 2117 332 2171 sit.
955 2120 988 2174 ia
1003 2116 1096 2184 corde,
1111 2117 1249 2174 orationis
1275 2120 1410 2187 tempore,
1432 2130 1485 2186 per
1500 2117 1592 2192 otiosa
1608 2119 1639 2172 et
1652 2117 1765 2187 nociua,

138 2205 200 2260 xv.
218 2203 294 2272 Quod
303 2204 350 2275 qui
365 2201 543 2259 adannuum
558 2202 732 2258 conueniunt
745 2203 906 2274 capitulum
956 2204 1425 2277 dispersiscoqitationibusnostris
1433 2203 1537 2260 misere
1547 2204 1767 2263 acmiimbili·

102 2293 222 2366 priores,
231 2289 447 2348 ordinisdebeat
462 2291 615 2361 diliqenter
625 2290 774 2346 intendere
788 2305 907 2346 renova·
957 2297 1002 2350 ter
1015 2294 1199 2362 tiuctuamus,
1216 2297 1245 2348 et
1257 2308 1310 2364 per
1323 2293 1480 2348 innumera
1495 2306 1665 2362 euaqamur.

104 2381 178 2438 tioni
193 2397 200 2434 z
217 2383 246 2450 et
258 2379 421 2451 dequatuor
429 2379 577 2434 exercitiis
588 2379 705 2444 sanetis,
715 2378 814 2449 quibus
824 2379 905 2434 solli·
991 2381 1108 2436 XXXII.
1120 2381 1159 2437 De
1169 2382 1275 2436 mentis
1284 2379 1456 2450 evaqatione,
1467 2394 1552 2451 quam
1561 2379 1644 2436 nobis
1658 2379 1766 2438 oratio·

104 2470 159 2527 cite
169 2468 283 2525 studere
291 2467 371 2539 debet
385 2468 478 2523 omnis
494 2467 589 2539 quiin
604 2467 678 2523 cella
688 2466 750 2522 oult
759 2468 907 2536 fructuose
956 2471 1003 2526 nis
1018 2472 1142 2541 tempore
1156 2469 1248 2525 inesse
1263 2468 1403 2524 sentimus
1420 2480 1428 2521 ι
1444 2470 1473 2522 et
1488 2467 1616 2539 qualiter
1630 2470 1663 2523 et
1677 2481 1765 2540 quare

102 2558 282 2615 commorari.
954 2573 1007 2631 per
1015 2559 1134 2613 tertium
1144 2556 1298 2628 quideloco
1307 2555 1619 2627 uoluptatiseqreditur
1626 2555 1760 2624 tluuium,

137 2645 214 2700 XVI.
233 2647 272 2701 lie
285 2643 528 2700 commendatione
537 2643 627 2708 cella,
640 2646 669 2698 et
679 2641 712 2698 de
726 2644 847 2714 quatuor
858 2658 906 2697 ca·
956 2647 1005 2718 qui
1019 2649 1047 2701 et
1070 2647 1159 2716 Tiqris
1185 2647 1313 2711 uocatur,
1339 2643 1479 2699 orationis
1492 2642 1666 2714 accipienda
1680 2643 1765 2700 deuo·

103 2734 210 2807 pitibus
223 2733 390 2802 illisinquoe
404 2732 508 2800 navias
518 2729 656 2786 dividitur
667 2732 715 2802 qui
725 2730 762 2784 ad
776 2731 905 2801 irriqan·
959 2734 996 2789 tio
1012 2735 1061 2788 sit.

105 2822 173 2879 dum
184 2819 350 2891 paradisum
364 2819 398 2874 dc
414 2820 471 2876 loco
486 2818 640 2890 voluptatis
652 2817 805 2890 eqreditur.
973 2820 1103 2874 XXXIII.
1116 2819 1217 2887 Quales
1226 2833 1277 2874 nos
1288 2815 1422 2874 eubibere
1431 2814 1583 2873 debeamus
1590 2817 1761 2890 priusquam

139 2909 229 2964 XVII.
247 2906 322 2976 Quod
330 2907 378 2978 qui
386 2906 671 2971 habitatorestcellm‚
685 2920 796 2961 omnem
806 2904 905 2961 debeat
957 2905 1762 2972 adorationemcceedamus,utcumadecmuenerimus,

102 2997 239 3054 illicitam
246 2995 370 3052 deuitare
381 2995 552 3050 locutionem
563 3013 573 3048 .·
584 2997 613 3049 et
625 3008 685 3066 quae
696 2994 749 3048 illa
763 2993 823 3048 siai
833 2955 938 3049 bernaG
954 2997 994 3052 sie
1010 3009 1074 3052 eam
1088 2995 1143 3051 Deo
1158 2993 1321 3065 offeramus,
1331 2996 1365 3049 ut
1381 2993 1441 3065 ipse
1455 3008 1519 3049 eam
1534 2992 1589 3049 sibi
1602 2996 1763 3065 acceptam,

103 3086 140 3143 ad
154 3101 216 3159 quae
228 3100 280 3142 nos
295 3099 378 3139 saera
394 3083 477 3138 lectio
496 3083 634 3153 provebit.
956 3088 985 3141 et
998 3084 1076 3139 nobis
1090 3082 1313 3138 misericorditer
1327 3081 1433 3152 efficiat
1448 3082 1640 3151 inactuosum.

138 3173 240 3229 XVIII.
259 3173 297 3228 lie
310 3171 458 3243 qeneribus
481 3173 648 3226 sanctarum
673 3170 902 3239 meditationum,
991 3171 1117 3227 XXXIV.
1130 3169 1287 3243 beecquod
1301 3168 1412 3226 eumad
1427 3170 1587 3226 oratiorum
1601 3169 1764 3226 accedimus

103 3263 202 3336 quibus
211 3261 361 3317 intendere
371 3258 450 3314 debet
464 3259 551 3330 quiin
561 3259 634 3315 cella
643 3260 791 3315 solitarius
805 3257 903 3314 sedet:
956 3259 1105 3331 etillisqui
1114 3260 1204 3314 ianoe
1213 3257 1447 3329 diliquerunt,en
1455 3255 1619 3329 purocorde
1628 3257 1761 3314 dimitte·

104 3355 133 3408 et
147 3351 180 3406 de
195 3349 320 3406 studiosa
334 3363 424 3404 sacra
437 3348 592 3419 Scriptura
607 3346 811 3403 recordatione.
955 3362 996 3414 re,
1008 3347 1145 3403 etsisuat
1154 3346 1203 3416 qui
1216 3344 1437 3417 babentaliquid
1449 3340 1764 3418 adversariumque«

140 3438 216 3493 XIX.
226 3438 265 3492 Dc
277 3436 327 3492 iilo
338 3433 536 3492 meditationis
547 3434 628 3491 modo
639 3436 687 3506 qui
697 3436 728 3489 in
739 3436 834 3490 areima
842 3449 904 3490 me·
956 3435 997 3492 eis
1011 3451 1045 3490 ac
1058 3436 1185 3506 perfecte
1199 3432 1382 3489 reconciliari
1396 3431 1536 3488 debemus.

104 3526 237 3594 ditantis,
264 3526 374 3580 timoris
394 3524 486 3595 qiqnit
500 3538 616 3579 causam
630 3527 658 3578 el
673 3523 786 3589 doloris,
803 3524 850 3594 qui
872 3523 905 3578 ia
991 3522 1107 3577 XXXII.
1123 3521 1508 3593 Dequatuoreoqitatioaum
1523 3518 1688 3590 perscribas,
1704 3534 1764 3593 qua

104 3614 274 3672 octomodos
289 3612 435 3668 dividitur.
956 3611 1033 3668 nobis
1043 3609 1421 3667 necessariumestinmente
1437 3606 1672 3679 balme,ripure,
1684 3612 1714 3664 et
1723 3607 1768 3664 de·

139 3703 203 3758 XX.
220 3703 258 3757 lie
283 3702 412 3772 qenerali
432 3699 641 3756 resurrectione
664 3702 842 3756 mortuorum
853 3737 861 3766 ,
877 3701 906 3753 et
956 3702 1027 3767 octe,
1044 3708 1128 3771 atque
1142 3700 1289 3769 fructuose
1304 3696 1454 3753 Dominum
1469 3695 1601 3753 uolumus
1614 3709 1710 3753 crare.

102 3791 193 3863 penis
207 3788 418 3857 damnatorum,
434 3791 464 3842 ei
477 3787 600 3858 qualiter
623 3787 713 3857 repeti
727 3786 845 3841 debeant
860 3785 907 3840 illi
992 3787 1121 3842 XXXIII.
1137 3786 1175 3841 De
1190 3799 1431 3856 operemanuum,
1441 3781 1671 3840 cuidcbetcelloe
1679 3783 1765 3840 inba-

104 3876 259 3941 commodi,
271 3875 411 3947 inquibus
422 3875 532 3930 timoris
544 3875 647 3929 existit
655 3889 743 3929 causa
753 3877 782 3928 et
791 3873 905 3930 doloris.
957 3874 1266 3940 ditatorintendere,et
1276 3874 1375 3946 quibus
1385 3872 1462 3929 boris
1468 3870 1673 3943 spiritualibus
1684 3887 1765 3929 euer-

140 3965 218 4021 XXI.
229 3963 395 4031 Qualiterin
402 3961 777 4027 animemeditantis‚timor
785 3961 907 4033 expellit
957 3963 1046 4030 ciliis,
1061 3967 1090 4019 ei
1105 3964 1204 4036 quibus
1218 3964 1353 4018 insistere
1363 3961 1462 4018 debeat
1471 3959 1763 4031 munuumoperibus,

104 4054 259 4111 elationem
269 4070 278 4118 ;
289 4054 317 4106 ei
327 4050 360 4106 de
372 4050 455 4106 tertio
462 4048 754 4116 meditationismodo,
766 4050 814 4121 qui
824 4064 906 4105 occa·
957 4055 987 4107 et
1002 4052 1035 4106 de
1048 4052 1178 4122 pluribus
1188 4051 1255 4108 aliis
1269 4066 1331 4122 quae
1345 4049 1381 4106 ad
1404 4047 1533 4106 mandem
1542 4047 1623 4104 cella
1638 4047 1765 4106 incolum

105 4143 213 4200 sionem
227 4139 413 4196 administrat
423 4139 529 4193 amoris
546 4141 574 4193 et
589 4136 803 4193 consolationis.
957 4135 1117 4206 pertineat.

50 4271 53 4275 .
140 4230 230 4285 XXII.
245 4229 284 4285 De
298 4230 398 4300 quarto
408 4225 605 4281 meditationis
623 4225 714 4292 modo,
729 4226 778 4297 qui
791 4238 909 4281 caussam

104 4315 517 4393 qiqnitinanimomeditantis,
531 4314 906 4386 pietatisetcompassionis:
919 4302 946 4364 D
1174 4348 1372 4408 CAPITULUM
1386 4348 1521 4407 PRIMUM

105 4411 135 4464 et
148 4406 221 4479 quod
235 4404 362 4476 quadarn
376 4419 436 4476 quae
453 4402 580 4458 videmus
604 4402 638 4458 ab
660 4403 727 4458 aliis
741 4403 819 4457 malo
832 4401 907 4470 fieri,
1524 4390 1531 4404 '

105 4495 197 4565 maqis
207 4492 353 4549 debeamus
360 4492 497 4548 intranos
501 4491 668 4564 plerumque
675 4504 813 4546 eacusare
823 4505 909 4561 quum
959 4494 997 4550 De
1007 4492 1087 4549 modo
1096 4496 1125 4548 et
1134 4506 1221 4547 eausa
1231 4490 1368 4547 adventus
1377 4491 1505 4562 priorum
1520 4489 1631 4572 ordinis
1643 4487 1766 4574 (laribu-

108 4587 212 4640 temere
219 4580 360 4652 judicare.
994 4562 1450 4691 meffiffggmfflpmm’
1459 4564 1488 4618 et
1499 4560 1533 4618 de
1543 4560 1657 4632 triplice
1665 4563 1767 4632 fructu

141 4670 244 4726 XXIII.
257 4668 386 4736 Qualiter
395 4668 526 4739 quintum
537 4666 731 4723 meditationis
739 4665 854 4721 modum
861 4680 908 4736 op·

105 4775 210 4833 ponere
224 4757 372 4814 debeamus
382 4757 414 4811 in
424 4759 521 4812 mente
532 4759 640 4820 nostra,
652 4758 752 4809 contra
761 4754 844 4809 illam
853 4768 909 4824 qua
996 4749 1037 4805 De
1050 4747 1169 4804 adventu
1182 4744 1382 4803 uenerabilium
1400 4746 1513 4802 Petrum
1526 4750 1697 4811 nostrorum,
1713 4757 1763 4800 or-

101 4848 211 4919 jupiter
222 4846 374 4919 pulsamur
390 4845 580 4900 tentationem
595 4844 701 4911 earnis,
714 4846 741 4899 et
755 4840 909 4907 diabolici
960 4837 1032 4893 dinis
1046 4835 1248 4893 carthusiensis
1267 4834 1390 4906 pilorum
1409 4834 1444 4890 ad
1458 4848 1578 4890 annuum
1591 4831 1764 4904 capitulum,

105 4935 216 4991 mundi.
959 4941 1077 4999 magnus
1096 4923 1200 4980 ordinis
1222 4924 1344 4993 ejusdem
1365 4921 1534 4978 universitati
1554 4919 1685 4992 provenit
1706 4919 1767 4976 Ira·

140 5021 245 5079 XXIV.
265 5021 302 5078 De
318 5019 399 5078 tudio
414 5020 487 5094 quod
510 5020 615 5092 aliquis
639 5019 751 5092 patitur
767 5020 815 5091 qui
829 5017 910 5075 cellae
960 5024 1028 5072 clus.
1045 5015 1117 5071 Sane
1140 5012 1306 5070 conveniunt
1328 5012 1356 5067 in
1379 5026 1473 5068 eremo
1492 5007 1681 5066 carthusiensi
1697 5008 1768 5066 siem

98 5108 252 5166 'badimor
265 5113 329 5165 est:
340 5113 369 5167 et
380 5108 514 5182 quomodo
527 5108 603 5165 illud
612 5108 815 5180 aserepellere,
827 5121 910 5179 teque
960 5118 1057 5160 omnes
1069 5118 1101 5158 cx
1117 5101 1185 5158 locis
1200 5100 1326 5167 diversis,
1342 5099 1383 5155 sia
1404 5098 1521 5154 etmulti
1544 5112 1641 5154 eorum
1656 5112 1692 5153 ex
1704 5096 1768 5153 Ion·

106 5213 242 5255 renouare
256 5202 285 5254 et
297 5213 432 5270 reparare
445 5197 547 5268 possit.
961 5191 1081 5266 ginquis.
1106 5191 1140 5246 Et
1170 5197 1199 5246 ui
1219 5204 1275 5246 non
1309 5186 1474 5245 diffiteamur
1496 5185 1570 5258 quod
1592 5199 1691 5241 rurum
1709 5192 1767 5250 esi,

140 5285 229 5341 XXV.
246 5285 284 5342 lie
298 5286 409 5356 bisque
419 5287 451 5342 in
461 5301 548 5341 carne
557 5287 689 5356 operatus
701 5287 743 5339 est
759 5283 905 5350 Christum
961 5279 1126 5337 conueniunt
1157 5293 1212 5334 non
1241 5277 1300 5334 sine
1327 5291 1430 5349 magno
1455 5274 1533 5348 [Cod.
1559 5271 1640 5329 Pacci
1662 5269 1767 5344 multo]

106 5377 137 5430 et
151 5372 185 5429 de
200 5373 340 5430 laboribus
353 5377 519 5429 sanctorum
535 5387 661 5429 suorum.
961 5370 1065 5437 Iabere,
1088 5383 1150 5424 cum
1169 5365 1274 5440 Ingenti
1296 5365 1452 5434 devotione,
1475 5363 1524 5419 sed
1546 5360 1695 5429 incaute,
1720 5359 1770 5417 sed

123 5459 225 5516 xxvl.
236 5462 403 5534 beseptimo
414 5458 613 5518 meditationis
621 5459 905 5533 modoqaieaporis
961 5453 1112 5526 ducatus}
1124 5455 1174 5513 sed
1186 5453 1348 5522 humilitate,
1372 5452 1423 5510 sed
1441 5447 1627 5524 simplabile,
1651 5448 1704 5507 aad
1717 5448 1770 5507 be·
