3742 5986
62 174 117 232 atr
368 169 557 230 nxeostrto
572 171 610 229 IN
626 170 817 228 nrtsr0tts
840 170 953 228 esunt.
971 198 1005 213 -
1018 170 1056 227 IN
1078 167 1188 226 EPIST.
1212 169 1302 225 utu
1329 167 1409 226 COR.
1659 169 1713 227 tlt

65 297 125 364 thii,
142 312 239 354 macc
250 297 393 354 recussa
413 297 687 354 Sclatactmultam
701 297 733 352 in
746 296 863 354 Domina
875 297 900 358 A
914 311 969 351 non
983 294 1086 362 salulo;
1103 294 1152 351 sed
1175 297 1214 351 stt
1237 295 1405 364 anathema,
1429 293 1458 349 id
1480 300 1522 349 cst
1543 300 1714 364 separatusa

65 386 170 460 Aquila
179 390 207 442 ct
215 387 324 453 Prisca,
333 402 399 442 cam
410 385 563 443 domestica
577 403 630 442 sua
639 387 775 453 Ecclesia,
787 384 867 441 idest
917 385 976 440 Deo
988 384 1141 440 anathema
1152 382 1214 439 dico
1224 382 1401 439 baranello.
1413 382 1471 438 Hoc
1481 381 1594 437 verbum
1604 398 1637 437 ex
1646 381 1716 452 Syro

65 481 204 530 eteorum
227 473 331 530 familia
354 489 403 530 vos
427 473 533 529 salutm.
560 475 695 532 Salataat
708 489 754 530 aas
769 490 866 529 omncs
918 483 1043 523 sermone
1071 466 1213 524 conficilur
1236 475 1261 522 el
1285 466 1410 533 Hebraeh
1433 474 1460 522 el
1483 474 1561 521 sonat
1581 465 1717 521 Domini&

64 564 185 633 fratres.
197 561 329 618 Salutate
342 562 517 619 vcsinaiccm
527 562 661 619 inoscala
670 561 813 628 sanatam
825 569 867 616 est
916 559 995 613 venit
1009 555 1093 626 Quasi
1107 555 1210 612 diceret
1227 572 1234 611 ε
1251 554 1304 624 Qut
1322 570 1376 610 non
1391 564 1464 610 amat
1478 554 1624 621 Christum,
1641 569 1718 625 sepa·

64 648 229 705 osculamini
264 664 314 706 vos
352 650 520 717 alterutrum,
555 657 757 706 evacuantesa
788 648 866 705 vobis
916 653 990 700 retur
1003 644 1037 699 ab
1052 659 1086 700 co
1101 644 1166 699 dum
1180 644 1239 716 ipse
1254 643 1386 699 Dominus
1396 644 1429 698 ad
1440 643 1617 712 iudicandum
1631 642 1713 698 venit.

63 738 221 793 schismata.
237 737 379 795 Salutatia
394 754 456 810 que
479 738 601 810 sequitur
616 738 687 794 lacta
701 746 743 794 est
757 737 866 810 propria
916 734 966 791 Vcl
981 733 1015 788 sit
1030 734 1184 803 anathema,
1200 741 1227 789 et
1242 733 1315 788 malo
1329 748 1398 803 suo;
1415 733 1480 804 quia
1494 732 1626 788 Dominus
1641 730 1714 787 venit

62 844 166 895 mana,
181 826 315 882 mendino
340 826 443 883 scilicet
464 828 559 895 Pauli,
575 827 644 894 hec,
661 826 764 883 scilicet
778 825 865 898 gratia
916 821 1037 879 fortassis
1051 821 1133 878 hodic
1153 820 1197 877 vel
1220 838 1289 888 eras,
1314 829 1343 876 ut
1366 820 1512 877 ulciscatur
1538 820 1572 875 dc
1588 835 1633 875 co.
1653 821 1716 893 Haec

62 913 176 970 Domini
199 914 296 985 nostri,
313 922 365 971 etc.
915 919 1005 965 autem
1020 917 1060 965 est
1075 925 1135 965 mea
1150 909 1287 976 salutatio,
1304 925 1320 963 a
1335 924 1388 981 qua
1402 909 1501 980 impios
1517 923 1622 980 separo.
1642 908 1712 965 Cra-

97 1003 159 1058 IIos
175 1010 231 1058 erat
244 1002 330 1070 Pauli,
344 1010 374 1057 ut
397 1002 456 1074 ipsc
480 1002 551 1059 idem
567 1019 650 1059 manu
672 1002 782 1074 propria
795 1002 863 1074 Epi·
917 999 956 1054 tia
970 999 1083 1054 Domini
1098 999 1190 1054 nostri
1200 999 1266 1053 lesa
1283 996 1386 1053 Christi
1397 999 1437 1053 sit
1450 998 1593 1054 vobiscum
1608 997 1712 1053 elcha-

63 1090 165 1146 stclam
180 1090 327 1160 clauderet,
339 1106 373 1147 ne
381 1091 549 1146 dubitaretur
559 1091 623 1164 quin
637 1106 653 1146 a
669 1106 699 1148 se
713 1090 863 1147 mitteretur
914 1087 986 1142 ritas
1001 1102 1064 1143 mea
1076 1087 1115 1142 sil
1128 1102 1193 1142 cam
1203 1086 1329 1143 ota-aibas
1344 1086 1427 1152 vobis,
1444 1085 1471 1141 id
1486 1093 1527 1140 est
1543 1101 1637 1141 omnes
1662 1099 1712 1140 vos

62 1178 212 1250 Epistola:
231 1178 322 1235 clhoc
346 1187 456 1251 propter
479 1179 594 1251 pseudo,
620 1179 666 1251 qui
691 1179 741 1234 sub
754 1179 865 1235 nomine
908 1174 1035 1247 >abigatis
1049 1191 1103 1242 me,
1132 1175 1195 1231 licet
1209 1174 1405 1247 aliquantulum
1428 1173 1552 1245 asperius
1578 1189 1628 1230 vos
1651 1188 1713 1229 cor-

62 1266 138 1322 Pauli
162 1264 277 1323 tumeas
300 1265 441 1323 mittebant
471 1267 611 1339 epistolas.
635 1267 677 1323 Ab
700 1268 750 1323 hac
773 1275 865 1323 aulem
914 1263 1039 1329 rexerim,
1065 1271 1092 1319 ct
1112 1264 1165 1321 hoc
1186 1263 1220 1318 sil
1234 1264 1266 1319 la
1292 1264 1399 1319 Christo
1413 1264 1488 1331 lesa,
1504 1262 1532 1317 id
1547 1269 1588 1318 cst
1601 1269 1714 1335 propter

62 1352 227 1410 mundone
239 1369 289 1409 sua
303 1354 421 1410 excludit
449 1353 586 1421 infideles,
610 1355 706 1411 dicens
722 1373 728 1409 :
747 1343 777 1412 Si
802 1355 864 1427 auis
914 1367 1036 1408 amorem
1050 1352 1151 1408 Christi
1163 1353 1237 1408 lesu.
1253 1355 1349 1419 Amen,
1366 1351 1394 1409 id
1409 1360 1451 1408 est
1462 1351 1498 1406 ita
1514 1349 1569 1406 fiat.

62 1458 117 1499 noa
125 1446 209 1499 amat
218 1445 371 1499 Dominum
382 1447 512 1499 nostram
519 1445 616 1501 lasum
626 1444 781 1510 Christum,
790 1443 863 1499 hunc

258 1677 361 1732 188
385 1672 608 1736 PROLOGUS
628 1673 669 1734 IN
691 1672 914 1736 SECUNDAM
935 1670 1167 1733 EPISTOLAM
1188 1670 1243 1731 AD
1266 1670 1524 1734 CORINTHIOS.

94 1778 124 1832 In
141 1775 264 1834 secunde
279 1778 314 1833 ad
328 1777 484 1834 Corinthios
498 1778 629 1851 Epistola,
651 1779 730 1851 quasi
743 1779 771 1833 in
785 1780 900 1849 parteB
919 1776 989 1832 viler
1010 1775 1038 1830 in
1061 1775 1150 1847 prIma
1173 1777 1325 1850 contigerat
1342 1795 1349 1842 ;
1365 1783 1393 1831 ut
1416 1782 1541 1847 prompto
1564 1790 1596 1832 oc
1619 1775 1714 1832 libenti

60 1864 207 1937 superiori,
238 1873 300 1938 post
331 1865 533 1922 tribulationum
564 1882 673 1922 suarum
704 1866 861 1935 relationes,
916 1865 1007 1921 animo
1022 1865 1178 1921 necessaria
1204 1865 1348 1936 praesentis
1369 1865 1431 1921 vitre
1453 1880 1508 1921 non
1530 1864 1710 1932 habentibus,

61 1953 153 2011 reddit
167 1968 266 2011 causas
281 1969 367 2027 quare
383 1955 417 2010 ad
433 1970 481 2011 eos
496 1955 617 2011 secundo
632 1971 686 2011 non
701 1954 763 2011 ierit
774 1973 781 2021 ;
794 1971 861 2026 quo·
915 1953 1078 2027 largiantur,
1105 1961 1131 2010 ct
1154 1953 1265 2009 utilitate
1288 1953 1436 2024 spiritualis
1464 1952 1620 2010 commercii
1635 1968 1713 2009 com-

59 2042 133 2098 niam
147 2057 206 2099 non
222 2041 275 2099 levi
288 2042 435 2099 mutatione
460 2043 567 2100 consilii
581 2043 678 2099 iecisse
699 2060 729 2099 se
751 2043 859 2112 asserit,
916 2049 1020 2097 mutent
1044 2042 1185 2113 prasentia
1219 2058 1280 2098 cum
1311 2040 1417 2110 fotuns,
1445 2050 1525 2114 atque
1548 2041 1713 2097 abundantia

61 2130 107 2186 sed
121 2146 161 2186 ne
184 2131 302 2188 adventu
330 2147 380 2187 suo
403 2132 536 2188 tristitiam
563 2132 724 2203 incurreret,
749 2147 812 2189 curn
832 2131 861 2186 in
916 2144 966 2185 sua
981 2138 1139 2186 sanctorum
1161 2129 1281 2202 inopiam
1305 2131 1466 2202 suppleant;
1483 2137 1512 2186 ut
1527 2130 1647 2186 vicissim
1661 2146 1711 2186 eo-

59 2227 174 2290 pcceata
196 2235 367 2290 premanere
398 2220 546 2293 disprulos
569 2221 726 2293 reperisset.
755 2220 860 2277 Deinde
915 2235 975 2274 rum
997 2218 1090 2290 inopia
1122 2226 1277 2274 sanctorum
1300 2219 1464 2275 abundantia
1490 2218 1655 2291 suppleatur.
1682 2220 1712 2273 ln

59 2316 119 2378 post
145 2307 257 2381 agnitos
280 2308 382 2365 fructus
413 2309 587 2381 poenitcntiae,
616 2309 773 2366 reconciliat
797 2325 860 2365 eum
914 2307 968 2362 line
983 2307 1081 2379 repetit
1105 2308 1178 2379 quod
1203 2307 1327 2378 superius
1351 2315 1445 2363 contra
1467 2306 1712 2379 pseudoapostolos

59 2395 205 2464 Ecclesiae,
221 2413 301 2468 quern
315 2397 344 2452 in
367 2397 456 2468 prima
478 2406 590 2469 propter
613 2397 827 2465 fornicationem,
844 2414 860 2452 a
914 2396 1245 2469 egerat,ct1'actationem
1270 2411 1376 2466 eorum,
1398 2396 1661 2468 praedicationesque
1677 2396 1711 2452 de

60 2484 201 2541 consortio
216 2491 369 2541 sauctorum
391 2487 510 2555 jusserat
534 2485 665 2543 amoveri.
685 2485 776 2540 Tertio
791 2501 859 2541 con·
913 2501 943 2539 se
957 2484 1099 2556 gloriosas,
1116 2484 1160 2540 rel
1174 2485 1273 2541 collata
1286 2485 1441 2557 antiquitate
1468 2484 1588 2558 generis,
1604 2484 1648 2540 rel
1663 2499 1712 2540 ca·

58 2579 98 2627 tra
113 2573 362 2645 pseudoapostolos
376 2573 457 2631 officii
482 2575 523 2630 sui
537 2575 697 2648 dignitatem
716 2581 816 2639 tuctur,
833 2582 860 2630 et
913 2572 1006 2646 talogo
1020 2572 1175 2643 injuriarum
1192 2589 1225 2630 ac
1243 2573 1425 2644 periculorum
1449 2589 1560 2629 suorum
1576 2580 1708 2639 cracuat3

59 2660 130 2716 Nori
170 2660 337 2717 Testamenti
364 2662 503 2718 ministros
529 2670 603 2718 tanto
639 2662 741 2717 antcire
769 2662 859 2734 gratia
913 2660 1032 2733 dicitque
1048 2676 1095 2717 eos
1110 2661 1252 2733 operari0s
1266 2661 1407 2728 subdolos,
1425 2661 1469 2734 qui
1484 2661 1519 2716 ad
1532 2661 1710 2716 imitationem

58 2747 189 2819 ostendit,
213 2756 314 2822 quanto
338 2750 518 2823 Evangelium
538 2759 578 2807 est
592 2751 654 2823 Iege
667 2750 854 2823 prestantius.
914 2748 1020 2804 Satanae
1031 2749 1254 2822 transfigurentur
1266 2751 1294 2805 in
1304 2750 1441 2822 apostolos
1462 2749 1571 2818 Christi,
1583 2748 1712 2821 subprae-

58 2836 225 2893 Imrnoratur
237 2837 355 2894 etiamin
368 2839 507 2896 causailla
521 2840 678 2912 plurimum,
694 2854 777 2912 quam
791 2838 858 2895 bre·
913 2837 1057 2894 dicationis
1071 2855 1119 2910 spe
1133 2839 1208 2895 lucra
1222 2839 1378 2912 pecuniaria
1393 2855 1508 2911 quaeque
1523 2846 1668 2895 sectantes.

606 3032 904 3096 ARGUMENTUM'
916 3033 957 3093 IN
978 3032 1163 3098 EAMDEM.

94 3136 162 3191 Post
173 3142 261 3191 actam
276 3151 293 3191 a
307 3135 454 3193 Corinthiis
467 3139 665 3209 poenitentiam,
681 3138 888 3196 consolatoriam
905 3138 998 3194 scribit
1012 3139 1053 3195 eis
1067 3141 1218 3211 Epistulam
1240 3141 1388 3212 Apostolus
1402 3158 1418 3196 a
1430 3141 1533 3198 Troade
1547 3156 1596 3213 per
1608 3141 1707 3212 Titum,

58 3213 85 3261 et
98 3206 261 3262 collaudans
275 3223 324 3262 cos
338 3210 462 3264 hortatur
475 3210 511 3265 ad
525 3211 655 3277 meliora3
672 3210 847 3266 contristatos
864 3209 974 3280 quidem
989 3225 1046 3277 eos,
1063 3211 1113 3266 scd
1127 3212 1285 3268 emendatos
1299 3212 1456 3268 ostendens.

449 3387 742 3451 ARGUMENTUM
763 3388 802 3447 Β.
826 3385 1038 3448 BRUNONIS
1059 3387 1101 3449 IN
1122 3388 1306 3449 EAMDEM.

91 3490 194 3548 Paulus
218 3493 289 3549 hanc
310 3493 409 3549 iterum
433 3493 581 3565 Epistulam
596 3493 690 3549 scribit
713 3493 748 3548 ad
764 3490 1019 3562 corin-caeptum
1034 3493 1068 3547 de
1083 3494 1217 3564 soponit,
1235 3501 1262 3549 ut
1272 3495 1461 3551 restitueretur
1471 3497 1611 3564 Ecclesiae,
1628 3513 1710 3571 aqua

59 3580 142 3647 Ibitis,
157 3595 273 3652 quorum
288 3580 356 3637 alios
371 3581 535 3639 sufficienter
550 3598 600 3653 per
615 3582 736 3652 priorem
751 3581 860 3652 Episto-
910 3597 962 3652 pro
985 3589 1096 3652 peccato
1119 3598 1149 3638 se
1173 3582 1320 3638 alienatum
1348 3584 1485 3639 humiliter
1509 3586 1642 3641 toleravit.
1666 3589 1707 3644 De

58 3666 114 3723 Iam
129 3676 307 3736 correxerat;
324 3670 372 3727 sed
386 3670 601 3742 quidameorum
616 3685 648 3726 eo
664 3670 753 3724 adhuc
768 3684 860 3725 errore
911 3669 1032 3726 collectis
1056 3671 1146 3737 ctiam,
1170 3671 1205 3726 dc
1228 3671 1327 3743 quibus
1351 3673 1379 3726 iu
1400 3673 1490 3744 prima
1510 3675 1632 3744 Epistola
1654 3675 1708 3730 illis

59 3755 248 3830 gravabantur
275 3765 304 3812 ut
326 3758 560 3828 pseudodoctores
583 3757 664 3813 Paulo
686 3757 858 3829 praelcrrent,
911 3759 1064 3829 scripserat,
1081 3760 1109 3814 in
1125 3761 1176 3816 hac
1190 3758 1314 3815 diffusius
1328 3760 1394 3833 agit,
1420 3769 1450 3816 ul
1465 3763 1512 3834 qui
1525 3763 1600 3818 brevi
1614 3764 1710 3820 admo·

59 3851 224 3900 accusantes
239 3844 349 3900 Paulum
364 3846 399 3901 de
419 3846 591 3917 simplicitate
614 3846 760 3912 sermonis,
775 3845 860 3900 extol·
910 3847 1012 3902 uitione
1026 3848 1104 3902 abusi
1120 3847 1234 3916 lucrant,
1250 3849 1345 3904 iterata
1358 3857 1385 3904 el
1404 3851 1494 3923 magis
1515 3851 1647 3922 producta
1662 3853 1709 3907 ad·

59 3932 149 3988 lentes
164 3932 270 4003 pseudo
283 3934 310 3988 in
334 3934 467 4004 sapientia
492 3933 604 3990 carnali.
620 3933 710 4002 Quare
725 3940 751 3989 et
766 3934 793 3988 in
809 3933 861 3989 hac
910 3936 1058 3992 monitione
1080 3938 1115 3992 dc
1140 3938 1237 3994 eodem
1258 3947 1431 3994 contemnere
1455 3954 1510 3994 non
1533 3940 1660 3996 audeant.
1678 3942 1707 3996 Iu

57 4020 185 4092 Epistola
215 4021 282 4076 satis
313 4021 471 4078 Immoratur
494 4023 522 4077 in
543 4023 719 4093 depressione
742 4021 861 4093 pseudo·
910 4025 960 4079 hac
974 4033 1064 4080 aulem
1078 4026 1202 4097 Epistola
1223 4027 1337 4082 materia
1359 4035 1421 4082 sunt
1435 4025 1487 4098 ipsi
1510 4028 1591 4084 iidem
1614 4029 1710 4084 Corin·

57 4109 213 4174 doctorum,
239 4117 266 4164 et
294 4108 323 4163 in
345 4110 580 4167 commendatione
608 4110 650 4165 sui
680 4110 858 4181 apostolatus.
910 4113 958 4166 thii
973 4115 1088 4169 correcti
1102 4130 1150 4169 seu
1165 4115 1322 4170 incorrecti.
1339 4117 1379 4170 De
1401 4115 1444 4169 his
1467 4124 1557 4171 autem
1572 4117 1629 4189 agit
1644 4133 1710 4173 con-

56 4197 86 4251 In
100 4196 202 4267 priscis
223 4197 304 4252 etium
329 4199 437 4270 eosqui
457 4199 522 4268 justi
548 4205 627 4254 erant
650 4199 677 4253 iu
702 4199 858 4267 CorInthiis,
910 4200 1023 4256 solando
1047 4201 1142 4269 bonos,
1168 4219 1203 4257 ne
1226 4201 1353 4258 deficiant
1376 4203 1404 4257 in
1427 4204 1570 4270 adversis;
1586 4204 1636 4260 sed
1661 4194 1729 4276 per¹

57 4301 105 4340 seu
121 4285 169 4356 qui
187 4285 269 4340 modo
282 4302 334 4356 per
343 4285 493 4357 Epistolam
507 4287 583 4343 Pauli
599 4287 669 4342 bene
681 4286 787 4342 luerent
801 4303 860 4343 cor-
909 4289 1066 4360 patientiam
1082 4290 1284 4346 tribulationum
1299 4291 1423 4346 certatim
1445 4290 1587 4362 proficiant
1610 4292 1639 4346 in
1657 4309 1709 4348 au-

57 4373 137 4436 recti,
153 4388 206 4427 scu
220 4372 282 4428 illos
296 4374 341 4444 qui
356 4389 372 4428 a
387 4375 520 4446 principio
544 4383 663 4445 acceptae
677 4374 741 4430 fidei
755 4376 859 4445 perdu-
910 4386 1049 4451 gmcntum
1063 4379 1202 4433 virtutum.
1228 4380 1390 4434 Incorrectis
1413 4396 1478 4436 vero
1493 4396 1615 4436 errorem
1630 4398 1709 4437 suum

57 4468 200 4530 raserunt,
216 4460 245 4514 in
268 4461 340 4517 hono
364 4463 544 4519 consulendo.
565 4463 598 4518 tti
621 4463 694 4519 enim
709 4464 793 4518 multa
807 4479 859 4534 pa·
910 4474 937 4522 et
965 4474 1107 4537 peccalum
1135 4467 1312 4538 improperat,
1344 4483 1377 4523 ea
1404 4469 1496 4540 utiquc
1510 4469 1659 4526 intentione
1674 4471 1709 4528 de

57 4549 199 4605 lichantur
223 4566 238 4603 a
270 4546 399 4605 tratribus
421 4552 569 4622 perversis,
598 4567 667 4623 quos
693 4551 732 4606 illi
755 4553 858 4622 pseudo
910 4555 1031 4626 utrisque
1046 4555 1146 4623 habita,
1177 4563 1205 4610 ut
1231 4556 1418 4612 diversitatem
1441 4572 1536 4612 eorum
1559 4558 1585 4613 in
1610 4575 1708 4630 quam-

56 4637 234 4694 concitabanl
248 4637 276 4691 in
290 4645 409 4694 sanctos.
426 4639 549 4710 Cumque
563 4656 659 4696 omnes
672 4640 759 4695 bonos
774 4641 858 4696 indii-
910 4643 972 4698 dam
988 4643 1095 4715 redigat
1117 4644 1255 4711 unitatem,
1282 4645 1385 4700 scilicet
1399 4653 1428 4700 ut
1442 4653 1469 4700 et
1490 4646 1554 4701 honi
1567 4647 1594 4701 in
1610 4647 1709 4702 melius

57 4727 179 4781 lercntcr
190 4725 356 4791 consoletur,
383 4742 445 4781 eum
469 4743 550 4799 quem
574 4745 607 4784 ex
631 4729 740 4784 nomine
765 4746 858 4800 repre·
910 4731 1070 4802 proficiant,
1087 4740 1113 4786 ct
1127 4732 1191 4792 mali
1207 4732 1370 4788 declinando
1385 4748 1507 4789 errorem
1523 4750 1611 4801 suum,
1631 4734 1708 4790 salu-

57 4813 203 4881 hcndcrat,
226 4813 290 4884 quia
310 4830 422 4870 uxorem
443 4816 530 4885 patris
551 4816 653 4872 ducere
676 4833 896 4897 praesumpsc-I)
911 4819 952 4874 bri
967 4819 1117 4875 imitatione
1132 4821 1217 4875 bonos
1232 4820 1421 4891 insequantur.

57 4909 119 4967 rat,
134 4901 201 4973 quia
214 4901 285 4957 bene
310 4910 463 4958 correctum
486 4904 598 4970 audivit,
624 4905 762 4976 singulare
785 4921 859 4976 prae-

406 5098 718 5185 EPISTOLA
752 5101 797 5184 II
831 5102 909 5187 AI)
946 5103 1351 5189 CORINTHIOS.

255 5256 367 5313 159
384 5257 497 5314 CAPUT
519 5258 662 5314 PRIMUM.
910 5277 1021 5317 «versa
1044 5261 1155 5317 Achaia.
1182 5261 1275 5316 Gratia
1298 5262 1376 5318 robis
1397 5271 1424 5317 et
1451 5279 1503 5335 pax
1519 5281 1533 5319 a
1548 5266 1606 5320 Dco
1629 5275 1707 5336 patre

88 5344 225 5401 tranas
248 5345 387 5415 apostolus
410 5345 510 5402 Christi
525 5346 599 5413 lesu,
626 5362 674 5416 per
691 5347 858 5402 uoluntatem
910 5371 922 5399 ι
948 5359 1052 5415 nostro,
1078 5357 1104 5404 ct
1127 5350 1243 5405 Domino
1267 5351 1331 5409 lesu
1366 5351 1513 5407 Christo«
1545 5354 1707 5411 Benedictus

55 5433 148 5499 «Dei,
165 5439 193 5488 et
208 5432 364 5489 Timotheus
392 5432 485 5499 frater,
517 5433 647 5490 Ecclesiae
669 5434 718 5490 Dei
742 5444 859 5507 quaeest
911 5441 1014 5493 «Deus
1030 5439 1145 5494 etI'ater
1160 5438 1268 5494 Dourini
1293 5441 1377 5497 nostri
1390 5441 1456 5496 Jcsu
1471 5441 1571 5496 Christi
1593 5441 1705 5514 (Epicu.

54 5519 220 5587 ·CorInlhi‚
245 5535 308 5577 cum
330 5521 457 5577 omnibus
481 5522 584 5580 sanctis
607 5522 653 5595 qui
669 5529 731 5578 sunt
752 5523 779 5578 in
794 5524 857 5578 uni·
910 5537 959 5592 «r,
975 5523 1043 5590 a;r
1064 5525 1138 5579 Patr.
1163 5539 1182 5591 t,
1205 5523 1274 5594 2).»
1300 5525 1379 5581 Pater
1411 5524 1659 5584 misericordiarum
1682 5544 1697 5587 e
