3742 5986
111 181 147 236 27
388 186 416 243 S.
436 185 615 245 chunonis
633 184 953 270 caaruusmrturtutt
973 185 1216 245 INSTITUTORIS
1236 187 1316 244 OPP.
1339 188 1428 246 Patts
1447 189 1480 244 ll.
1720 187 1755 247 28

109 307 172 379 quia
186 317 325 382 nequeunt
339 326 369 367 se
384 311 522 368 continere
535 313 569 368 ab
582 311 691 370 illicitis.
704 312 757 382 Qui
771 320 861 369 autem
876 326 906 367 se
915 311 944 370 A
960 331 971 356 t
990 307 1058 366 facis
1074 326 1116 381 ea,
1133 312 1197 383 qnia
1212 319 1239 367 tu
1253 310 1368 386 effugies
1385 312 1518 381 judicium
1541 312 1615 369 Dei?
1629 314 1670 369 An
1686 313 1759 371 divi-

108 395 248 453 continere
266 399 369 471 nequit,
385 416 440 456 nou
459 409 501 457 εει
522 400 653 457 dicendus
677 401 784 474 aliquis.
809 401 906 457 Plenus

105 484 186 540 etlam
209 487 337 555 iccidic,·
362 489 435 561 quia,
459 489 522 545 licet
545 506 599 544 non
623 490 675 545 sibi
706 490 815 561 cupiant
837 490 908 545 bona

108 571 235 642 aliorum,
253 582 343 631 tamen
357 592 404 633 eos
423 593 477 633 non
499 578 600 633 babere
623 578 723 634 vellent
746 580 805 635 baec
818 578 903 633 bona.

107 660 206 717 Plenas
221 662 301 718 etiam
318 664 487 731 homicidiis,
511 682 571 738 quae
593 682 648 722 non
662 667 748 723 solum
772 667 907 737 manibus,

108 749 155 804 sed
167 751 326 808 tractatione
337 760 363 808 ει
374 769 510 810 consensu
519 753 594 809 liunt.
603 755 700 811 Plenas
710 757 908 822 contentivam

108 837 170 907 quia
198 837 268 895 inter
295 857 325 896 se
362 841 529 898 clamoribus
559 850 586 899 ct
609 844 764 915 opprobriis
791 843 907 916 litigant.

107 923 206 980 Plenus
229 928 290 983 dolo
307 949 316 996 ‚·
333 930 403 1002 'quia
427 930 501 985 alind
525 939 608 1004 agnat
627 939 653 986 ct
677 930 751 987 aliud
775 931 907 1003 cogitant.

107 1011 206 1069 Plenas
220 1018 401 1088 malignitate
415 1039 424 1087 ,·
440 1019 503 1091 quia
513 1019 648 1075 contraria
666 1020 827 1094 benignitati
842 1037 911 1075 sem·

109 1115 158 1171 per
172 1101 199 1157 in
212 1105 395 1162 amaritudine
409 1107 491 1161 animi
505 1115 576 1163 sunt.
588 1106 640 1176 Qui
650 1109 733 1165 etiam
748 1116 911 1164 suntsusur·

107 1203 200 1256 rones,
217 1192 286 1246 mala
300 1193 335 1249 de
348 1195 472 1265 proximo
488 1195 522 1250 ad
540 1196 691 1266 proximum
717 1196 909 1253 transferentes

106 1277 226 1346 occulte3
238 1281 406 1338 detractores
415 1284 506 1351 etiam,
519 1285 591 1340 bona
602 1293 734 1357 quaesunt
743 1285 907 1352 auferentes

105 1366 178 1422 mala
188 1385 248 1440 qnae
256 1386 310 1425 non
320 1379 382 1426 sunt
392 1371 576 1443 imponentes.
588 1374 628 1429 Ne
638 1375 697 1430 haec
710 1373 862 1430 duciacilia
873 1375 910 1430 vi·

104 1452 250 1525 dereutur;
267 1458 329 1529 quia
344 1475 394 1530 pro
413 1461 505 1517 verbis
531 1469 634 1518 tantum
649 1479 703 1518 non
719 1479 748 1518 se
764 1464 910 1519 crederent

104 1541 238 1610 damnari,
260 1545 334 1602 13
351 1557 484 1621 aggravat
506 1551 566 1607 haec
593 1550 658 1617 duo,
674 1552 766 1607 dicens
784 1553 909 1608 :Sasur-

960 416 971 448 ι
988 397 1039 452 ιίεε
1054 399 1182 455 bonitatis
1198 401 1266 470 ejus,
1293 410 1319 456 ει
1339 401 1485 472 patientia,
1506 410 1532 457 et
1546 402 1758 475 longanimitatis

962 507 972 537 ι
989 487 1163 542 contemnis?
1175 489 1286 561 lguaras
1297 489 1424 560 quoniam
1435 490 1586 562 benignitas
1597 490 1647 546 Dei
1655 491 1689 546 ad
1699 507 1758 562 poe-

959 597 970 623 ιι
989 575 1128 631 nitentium
1143 585 1169 632 te
1184 577 1317 633 adducit?
1341 578 1495 635 Secundum
1518 587 1608 634 autem
1630 580 1758 634 duritiam

960 672 1100 720 «tuamet
1120 664 1292 737 impaenitens
1315 683 1372 734 cor,
1399 668 1563 722 thesaurizas
1586 667 1633 722 tibi
1646 668 1717 722 iram
1731 668 1758 722 in

961 775 972 800 u
990 752 1033 808 die
1046 753 1101 818 irae,
1118 762 1144 809 ει
1159 754 1332 810 revelationis
1352 755 1417 824 justi
1428 755 1523 824 judicii
1547 756 1615 824 Dei3
1632 756 1677 829 qui
1692 758 1757 812 red-

962 860 973 892 «
991 840 1037 896 det
1050 842 1194 914 unicuique
1209 844 1360 899 secundum
1384 858 1466 915 opera
1481 846 1549 915 ejus.
1575 845 1622 900 His
1645 845 1756 916 quidem

962 950 973 982 ι
990 930 1036 1002 qui
1050 930 1200 987 secundum
1223 932 1381 1002 patientiam
1404 932 1468 988 boni
1483 933 1574 1004 operis
1600 932 1717 1007 gloriam
1732 942 1759 989 et

961 1041 972 1066 α
990 1018 1122 1074 honorem
1135 1027 1161 1074 et
1175 1019 1406 1091 incorruptionem
1420 1029 1552 1094 quaerunt,
1576 1021 1657 1076 vitam
1673 1030 1756 1078 aeter·

962 1128 974 1158 r
992 1122 1067 1162 nam.
1084 1107 1132 1162 llis
1147 1116 1238 1163 autem
1258 1109 1303 1182 qui
1327 1117 1388 1164 sunt
1411 1126 1444 1165 cx
1472 1110 1652 1179 contentione,
1669 1111 1757 1183 etqui

961 1217 973 1242 α
991 1210 1047 1250 non
1059 1196 1235 1268 acquiescunt
1249 1197 1363 1264 veritati,
1381 1198 1494 1253 credunt
1508 1206 1598 1253 autern
1614 1198 1756 1269 iniquitati,

962 1303 973 1334 ι
991 1282 1032 1338 ira
1047 1291 1073 1339 et
1087 1283 1248 1356 indignatio.
1265 1285 1414 1340 Tribulatio
1429 1293 1454 1341 ct
1469 1286 1596 1358 angustia
1610 1286 1636 1341 in
1647 1302 1757 1342 omnem

963 1390 974 1422 ι
992 1372 1109 1427 animam
1124 1373 1241 1427 hominis
1254 1373 1394 1444 operantis
1408 1374 1506 1428 malum
1519 1417 1526 1441 ‚
1541 1373 1625 1429 ludaei
1640 1375 1757 1445 primum

963 1480 974 1512 ι
990 1469 1017 1516 ει
1032 1459 1136 1526 Graeci3
1153 1461 1239 1533 gloria
1250 1470 1339 1516 autem
1355 1469 1383 1517 et
1403 1462 1491 1517 honor
1501 1469 1527 1517 et
1536 1479 1588 1532 pan
1599 1463 1673 1518 omni
1696 1478 1760 1535 opc·

963 1570 975 1599 «
993 1548 1065 1604 ranti
1079 1549 1191 1617 bonurn,
1207 1549 1429 1620 ludaeoprimum
1445 1558 1471 1606 et
1483 1550 1590 1606 Graeco.
1608 1551 1669 1606 Non
1685 1552 1758 1606 enirn

104 1646 185 1687 runca
196 1634 415 1703 ctdctructorcc,
428 1639 614 1696 odttitcsttea.
624 1640 944 1721 Eosetiamdicocou·13
964 1660 975 1685 a
994 1645 1034 1692 cst
1049 1638 1173 1708 acceptia
1188 1653 1368 1707 personarum
1383 1638 1453 1709 apud
1475 1639 1572 1694 Deum.
1598 1638 1759 1712 Quicunque

108 1721 279 1789 lamellosos,
296 1722 324 1777 id
339 1732 380 1779 εει
399 1726 579 1782 contumelias
600 1727 771 1798 turpitudinis
785 1728 907 1784 inferen-

960 1748 971 1773 α
989 1724 1061 1780 enirn
1077 1725 1135 1781 sine
1151 1725 1213 1798 lege
1228 1733 1419 1797 peccavemnt,
1433 1725 1491 1783 siue
1504 1726 1567 1798 lege
1582 1727 1719 1797 peribunt,
1732 1735 1759 1782 et

106 1813 147 1863 les
161 1808 213 1864 sibi
227 1810 347 1867 vicissim
359 1831 367 1879 ς
383 1816 524 1887 superbos,
540 1815 568 1870 id
591 1825 633 1871 est
647 1833 677 1873 se
691 1825 907 1889 superponentes
959 1835 970 1861 r
989 1812 1143 1885 quicunque
1158 1813 1186 1867 in
1200 1812 1261 1886 lege
1275 1822 1467 1884 peccaverunt,
1484 1830 1534 1885 per
1548 1814 1638 1885 legem
1650 1815 1759 1884 Judica·

105 1894 175 1963 aliis,
188 1898 421 1971 velsnpcrponcre
432 1904 569 1970 cupientes
581 1923 588 1970 3
602 1906 700 1970 elutos,
713 1906 815 1978 qninec
825 1921 906 1976 pares
958 1923 969 1949 ιι
988 1902 1096 1955 buntur.
1115 1902 1175 1956 Non
1190 1902 1263 1957 enim
1278 1903 1417 1957 auditores
1441 1902 1511 1975 legis
1528 1903 1593 1972 justi
1609 1911 1670 1957 sunt
1684 1904 1757 1974 apud

106 1983 168 2055 sibi,
183 2000 236 2042 nec
250 2003 279 2043 se
301 1989 420 2058 majores
447 1992 503 2061 pari
530 2000 662 2063 possunt;
684 2001 713 2048 ut
736 1994 836 2064 cassas,
861 1995 907 2066 qui
956 2011 969 2038 α
982 1989 1079 2057 Deum,
1092 1989 1140 2044 sed
1154 1989 1273 2045 factores
1283 1989 1353 2062 legis
1359 1989 1587 2059 justificabuntur.
1603 1991 1670 2046 Cum
1685 1992 1757 2047 enim

105 2070 257 2144 noluitpati
272 2076 403 2145 maiorem
424 2078 592 2150 Pompeium,
616 2097 668 2137 nec
695 2082 840 2152 Pompeius
854 2098 906 2153 pa·
958 2097 969 2128 ι
985 2085 1080 2148 gentes
1094 2094 1155 2148 qnae
1169 2077 1259 2150 legem
1274 2093 1328 2133 non
1342 2079 1451 2141 babent,
1467 2078 1628 2134 naturaliter
1651 2094 1683 2134 ea
1698 2095 1759 2151 quae

106 2173 165 2214 rem
180 2161 232 2216 sibi
246 2163 401 2232 Caesarem,
421 2169 583 2225 inventores
607 2169 686 2225 eriam
701 2171 842 2228 matorum
857 2187 906 2227 seu
958 2185 969 2217 ι
986 2165 1057 2239 legis
1071 2174 1133 2221 suut
1144 2164 1255 2233 faciunt,
1279 2166 1411 2235 ejusmodi
1434 2166 1524 2239 legem
1539 2182 1592 2222 non
1614 2167 1756 2234 habentes,

104 2247 239 2305 mfllffl‘um
262 2254 488 2309 consuetudinum
524 2272 572 2311 seu
605 2265 819 2326 tormentorum
849 2276 906 2316 nara
957 2254 1039 2325 «ipsi
1054 2253 1105 2309 sibi
1119 2262 1182 2309 sunt
1196 2253 1238 2309 les
1258 2268 1264 2307 :
1281 2254 1326 2326 qui
1349 2254 1495 2310 ostendunt
1515 2270 1583 2325 opus
1602 2253 1671 2326 legis
1686 2256 1758 2311 scri-

104 2336 187 2393 etiam
202 2340 360 2398 obedientes
372 2343 528 2399 carnalibus
535 2345 710 2417 parentibus,
723 2347 795 2418 quod
809 2357 906 2403 narum
957 2364 969 2391 «
987 2350 1062 2413 ptum
1077 2342 1104 2396 in
1119 2342 1248 2397 cordibus
1262 2342 1328 2410 suis,
1355 2342 1538 2398 testimonium
1558 2343 1690 2399 reddente
1704 2343 1759 2398 illis

104 2425 232 2482 admonet
247 2429 329 2484 elium
343 2431 370 2485 in
393 2431 475 2502 pullis
497 2433 606 2501 avium;
630 2436 807 2507 incipientes,
823 2436 907 2498 idest
958 2449 968 2482 ι
986 2430 1150 2486 canscientia
1165 2429 1296 2501 ipsorum,
1313 2439 1339 2487 et
1362 2431 1431 2486 inter
1446 2447 1475 2487 sc
1503 2430 1621 2487 invicem
1649 2431 1758 2504 cogita-

104 2510 245 2571 indiscreti
260 2517 294 2571 ad
306 2519 407 2573 bonurn
422 2527 448 2575 et
471 2520 506 2575 ad
529 2520 649 2588 malum;
666 2525 865 2596 incompositos
876 2534 902 2580 et
958 2541 969 2568 ¹
988 2518 1091 2573 tionum
1106 2519 1300 2586 ιθθῦὅθῐιῑίΰῐῃ,
1327 2526 1373 2573 ³⁰¹
1396 2519 1477 2574 etiam
1500 2519 1714 2588 defendentium,
1731 2519 1759 2574 iss

104 2602 283 2673 vestimentis,
298 2612 325 2661 et
339 2623 389 2677 per
403 2607 667 2666 immodificationem
690 2613 875 2668 membrorum
894 2631 900 2667 :
957 2628 968 2653 r
985 2607 1029 2661 die
1043 2621 1105 2661 cum
1116 2605 1249 2674 judicabit
1265 2608 1338 2662 Deus
1361 2606 1466 2662 occulta
1489 2607 1639 2677 hominum,
1656 2622 1758 2663 secun·

104 2705 154 2760 per
168 2692 226 2748 hec
240 2693 312 2748 enim
328 2712 388 2766 quae
402 2705 479 2752 extra
499 2698 633 2765 videmus,
660 2699 699 2756 sic
713 2700 747 2755 de
771 2700 907 2756 interiori·
958 2695 1050 2750 «dum
1065 2695 1241 2767 Evungelium
1256 2711 1355 2761 meum,
1372 2710 1423 2763 per
1442 2694 1544 2764 lesum,
1565 2695 1713 2750 christun.
1730 2695 1760 2751 si

102 2778 155 2832 bns
170 2795 335 2850 pensamus;
351 2786 413 2840 aiae
428 2785 586 2856 affectione,
612 2787 639 2841 id
655 2794 695 2843 εει
709 2788 768 2842 sine
782 2789 905 2860 applica.
958 2802 969 2834 ι
987 2790 1078 2838 autem
1093 2790 1122 2836 tu
1147 2782 1257 2838 Judaeus
1284 2783 1495 2855 cognominaris,
1513 2790 1539 2838 et
1566 2783 1716 2854 requiescis
1731 2783 1759 2838 in

102 2865 176 2923 lione
190 2869 274 2924 animi
288 2871 323 2927 ad
344 2872 454 2944 aliquod
471 2874 603 2947 dignum;
626 2877 726 2949 absquo
749 2877 863 2948 soedcrc,
879 2878 906 2933 id
956 2870 1056 2943 «lege,
1074 2878 1100 2926 et
1126 2870 1254 2943 gloriaris
1282 2871 1310 2926 iu
1336 2871 1412 2936 Deo,
1444 2878 1471 2926 ει
1494 2871 1565 2926 nosti
1593 2871 1758 2926 voluntatem

105 2962 146 3010 est
162 2956 221 3012 sine
234 2958 406 3031 colligatione
422 2961 504 3016 animi
522 2978 528 3016 τ
546 2963 608 3034 qnia
635 2964 707 3019 caim
723 2963 827 3020 foedcra
855 2982 903 3021 va·
960 2959 1054 3027 «eJus,
1071 2966 1097 3014 θῑ
1118 2958 1221 3029 Pf0b³⁸
1248 2958 1365 3024 uliliffl'b
1395 2960 1544 3015 instructus
1567 2974 1618 3038 ff?
1647 2959 1757 3038 Ῑθιζθῐῃς

102 3041 158 3098 lent
182 3045 216 3100 ad
237 3048 429 3104 nutrimentum
455 3048 528 3117 fidei,
558 3058 587 3105 nt
608 3068 716 3124 semper
741 3052 904 3124 multiplica·
961 3045 1648 3117 ¹0011s1‘l18[elisumssffiedssoeffl14⁰ff00r1¹mr
1665 3048 1759 3104 lumen

103 3140 207 3202 rentur,
224 3134 359 3204 prohibita
370 3145 433 3191 sunt
446 3138 576 3209 conjugia
585 3139 613 3194 in
624 3140 719 3195 eadem
730 3141 903 3212 cognatione,

102 3235 163 3292 qaae
178 3221 233 3290 jam
247 3223 313 3279 satis
327 3224 434 3280 vinculo
456 3227 663 3298 propinquitatis
686 3227 819 3284 foedcrata
842 3237 903 3297 est3

102 3308 148 3378 qni
162 3309 243 3365 etiarn
257 3321 319 3366 sunt
332 3315 394 3368 sinc
418 3315 630 3372 misericordia:
647 3316 709 3388 quia
738 3316 761 3370 si
776 3333 845 3388 quas
861 3317 901 3373 vi·

101 3397 193 3453 derint
207 3398 330 3468 miseros,
345 3416 399 3457 non
413 3402 512 3457 habent
536 3403 571 3458 ad
600 3419 647 3459 eas
675 3404 780 3460 viscera
795 3405 903 3460 miseri-

102 3486 212 3543 cordiae.
228 3489 258 3543 ln
273 3487 315 3543 his
327 3490 455 3545 omnibus
470 3491 586 3562 gentiles
600 3507 651 3562 pro
675 3492 824 3563 praemissis
839 3510 903 3564 pec·

104 3574 171 3630 catis
185 3576 271 3646 puniti
287 3578 429 3634 suntsed
445 3579 508 3651 quia
523 3580 639 3635 necdum
668 3596 717 3650 per
737 3581 796 3637 haec
814 3582 904 3652 poeni·

103 3669 222 3734 inerunt,
238 3665 398 3737 praecipitati
414 3667 518 3723 suntin
533 3667 607 3723 aliud
634 3667 747 3734 malum,
774 3676 802 3723 nl
817 3686 902 3726 excae·

101 3751 155 3808 cati
186 3753 375 3822 promitterent
402 3755 454 3810 sibi
491 3755 677 3826 impunitatem
713 3764 900 3828 peccatorum.

103 3839 182 3896 Unde
196 3840 235 3895 sic
248 3841 285 3895 ait
301 3856 307 3895 :
324 3841 378 3911 Qui
394 3842 510 3914 gentiles
523 3845 650 3900 excaecati
664 3841 727 3900 sunt
741 3862 799 3902 aaa
815 3847 904 3902 intel·

105 3928 253 3996 lcccrunl,·
269 3931 402 4002 qrtoniom
418 3930 456 3986 illi
470 3934 520 4004 qai
531 3933 602 3988 tolia
616 3938 715 4003 agunt,
732 3940 762 3988 nt
776 3933 905 4003 praedicta

104 4025 175 4082 sunt,
192 4017 270 4089 digni
283 4022 352 4074 sunt
365 4023 457 4077 marte
471 4028 584 4076 aeterna.
595 4021 742 4077 llacmodo
757 4037 811 4077 uon
826 4021 904 4077 intel-

959 3158 970 3187 «
988 3152 1080 3191 corum
1099 3135 1182 3207 quiin
1197 3134 1315 3192 tenebris
1331 3144 1402 3205 sunt,
1432 3136 1597 3192 eruditorem
1626 3136 1758 3207 insipien·

958 3224 1062 3290 «tium,
1094 3224 1252 3297 magistrum
1280 3223 1440 3290 infantium
1471 3225 1616 3279 habentem
1644 3223 1759 3279 formam

958 3313 1104 3369 ‹scicntiae
1118 3321 1144 3368 et
1158 3313 1278 3369 veritatis
1307 3314 1334 3368 in
1362 3313 1433 3386 lege.
1451 3311 1503 3381 Qui
1526 3328 1592 3384 ergo
1610 3312 1690 3367 alium
1705 3314 1759 3368 dc-

958 3423 970 3452 «
988 3419 1044 3469 cas,
1062 3403 1177 3472 teipsum
1192 3417 1246 3457 non
1262 3402 1365 3468 doces;
1388 3403 1433 3473 qni
1448 3402 1581 3473 praedicas
1594 3417 1649 3456 non
1664 3400 1759 3456 lumn-

958 3511 969 3540 «
987 3490 1061 3556 dnm,
1077 3490 1195 3565 furaris;
1213 3490 1257 3562 qui
1272 3490 1340 3546 dicis
1368 3505 1422 3545 non
1451 3489 1657 3559 moechaudum‚
1687 3504 1756 3544 moe-

959 3599 969 3627 ι
987 3577 1076 3633 charis
1092 3597 1098 3643 ;
1117 3578 1161 3648 qni
1177 3577 1340 3632 abominaris
1368 3576 1450 3642 idola,
1480 3578 1652 3648 sacrilegium
1669 3574 1781 3645 facis;‘

957 3688 968 3714 a
986 3665 1074 3738 quiin
1088 3665 1151 3737 lege
1165 3665 1301 3737 gloriaris,
1331 3681 1381 3736 per
1409 3666 1659 3736 prevaricationem
1688 3665 1759 3738 legis

958 3772 969 3806 ι
986 3754 1073 3809 Deum
1088 3752 1244 3808 inhonoras.
1261 3753 1368 3809 Nomen
1396 3753 1468 3809 euim
1497 3753 1547 3809 Dei
1560 3769 1611 3824 per
1633 3769 1683 3808 vos
1696 3753 1760 3807 bla-

957 3865 968 3890 a
986 3842 1143 3912 spbematur
1157 3841 1227 3896 inter
1237 3849 1343 3914 gentes,
1356 3842 1424 3897 sicut
1435 3842 1624 3912 scriptumest.
1637 3841 1759 3897 Circum·

957 3951 968 3980 ι
987 3928 1054 3986 εἰείο
1069 3929 1179 4001 quidem
1193 3929 1313 4000 prodest,
1343 3930 1367 3984 si
1390 3929 1480 4003 legem
1504 3930 1653 3996 observes;
1670 3929 1693 3984 si
1708 3944 1759 3983 au-

959 4039 970 4070 «
988 4026 1042 4073 tem
1058 4018 1251 4088 praevaricator
1266 4017 1335 4089 legis
1351 4018 1398 4087 sis,
1429 4018 1599 4074 circumcisio
1628 4024 1672 4071 tua
1687 4032 1759 4088 pra-

102 4103 902 4180 lexeruut,cumpriusnaturalitercognouiascnijuatiticm
956 4105 1177 4177 -putiumlacta
1204 4115 1255 4162 est.
1287 4106 1315 4161 st
1343 4106 1425 4178 igitur
1452 4105 1613 4178 praepntium
1639 4105 1760 4173 justitias

102 4193 153 4249 Dei
169 4209 176 4248 :
194 4210 246 4264 qua
274 4196 430 4268 cognitione
456 4197 555 4267 privati
582 4197 644 4254 dicti
659 4205 737 4264 sunt,
763 4197 826 4270 quia
840 4197 904 4253 indc
960 4194 1060 4265 «legis
1076 4194 1218 4259 custodiat,
1235 4209 1326 4249 nonne
1340 4193 1502 4265 praeputium
1531 4193 1585 4248 illis
1600 4193 1626 4248 in
1643 4193 1761 4249 circum·

103 4281 666 4356 superbieruntlligniutiquesuntmortc
677 4286 905 4358 :aonaolumqui
956 4305 967 4331 u
986 4281 1117 4338 cisianem
1134 4283 1305 4353 reputabitur
1318 4282 1332 4336 f
1346 4289 1373 4338 ει
1384 4282 1513 4351 judicabit
1527 4282 1555 4336 id
1571 4281 1643 4353 quod
1658 4297 1691 4337 er
1707 4297 1758 4335 na·

102 4359 938 4446 smuateaprtedicta,sedetiumquiconsentiuntsccica·1)
956 4390 967 4421 t
985 4377 1044 4426 luth
1058 4378 1099 4425 ⁰⁵1
1114 4371 1286 4441 praepulium,
1315 4370 1406 4442 lehem
1435 4384 1637 4435 θθῦὃῑῑῐῦιῐιὸὓὸ,
1654 4378 1691 4435 le,
1710 4369 1759 4440 (lul

103 4458 187 4514 libus.
198 4459 367 4528 Consentire,
385 4462 535 4517 secundum
550 4461 731 4526 Ambrosium,
748 4468 790 4517 est
805 4462 828 4516 si
842 4478 901 4534 quae
955 4483 966 4509 c
983 4475 1033 4530 per
1046 4459 1165 4514 litteram
1190 4466 1216 4513 et
1245 4459 1480 4515 circumcisionem
1506 4458 1702 4529 prevaricator·
1728 4475 1760 4513 es

102 4547 189 4619 possit
203 4549 403 4618 reprehendere
420 4557 519 4614 taceat,
535 4557 582 4604 ant
606 4551 665 4605 baec
680 4549 793 4604 audiens
808 4550 903 4606 adule·
955 4570 966 4595 a
990 4547 1071 4618 legis.
1092 4549 1153 4602 Nau
1170 4546 1241 4602 enim
1253 4547 1297 4619 qni
1309 4547 1335 4600 in
1346 4546 1502 4614 manifesto,
1513 4546 1623 4601 Judarns
1637 4554 1696 4611 est;
1713 4562 1762 4601 ne-

103 4642 154 4691 tnr.
172 4635 200 4692 Si
215 4652 281 4709 ergo
298 4637 428 4693 facientes
442 4636 571 4709 praedicta
590 4637 670 4705 mala,
689 4645 716 4692 et
730 4639 902 4694 consentien-
955 4657 966 4687 ι
984 4651 1037 4706 quc
1053 4635 1155 4707 quaein
1169 4634 1314 4689 manifesto
1329 4635 1356 4688 in
1384 4649 1468 4691 carne
1495 4642 1537 4689 εει
1565 4633 1755 4700 circumcisio;

101 4730 143 4779 tcs
158 4723 208 4792 eis,
225 4724 400 4782 damnatione
415 4725 490 4797 digni
500 4735 572 4794 sant,
584 4740 665 4782 nemo
675 4724 816 4797 gentilium
831 4741 904 4782 mor·
955 4724 1032 4791 «sed
1048 4723 1094 4795 qui
1108 4723 1135 4779 iu
1149 4722 1319 4793 abscondito,
1334 4722 1444 4777 ludaeus
1467 4731 1519 4788 est,
1537 4730 1563 4777 et
1588 4720 1757 4776 circumcisio

103 4819 159 4868 tem
173 4812 244 4869 hanc
260 4813 367 4869 evadet.
954 4834 965 4859 a
984 4811 1075 4868 cordis
1090 4811 1118 4866 in
1132 4811 1238 4882 spiritu,
1268 4826 1323 4865 non
1346 4810 1455 4876 littera,
1480 4811 1557 4879 cujus
1579 4809 1759 4864 lausannen

439 4937 551 4995 CAPUT
576 4938 600 4993 H
955 4923 966 4948 α
983 4899 1148 4968 hominibus,
1166 4899 1216 4954 sed
1230 4915 1263 4954 ex
1279 4900 1336 4954 Dco
1351 4907 1401 4954 est.
1423 4923 1434 4948 a

140 5064 150 5089 ι
170 5043 285 5112 Propter
306 5041 380 5116 quod
400 5042 593 5099 inexcusabilis
621 5059 695 5111 es,o
718 5045 799 5101 homo
814 5045 904 5102 omnis

104 5153 116 5184 ι
134 5129 180 5202 qui
193 5128 309 5199 judicas.
326 5131 355 5184 ln
370 5145 424 5202 qua
439 5131 511 5185 enirn
526 5131 639 5188 alterum
651 5131 769 5203 judicas,
786 5133 903 5205 teipsum
989 5131 1134 5202 Hucusque
1146 5128 1263 5200 gentiles
1276 5127 1427 5184 secundum
1442 5128 1563 5199 priorem
1579 5135 1676 5183 statum
1691 5126 1757 5181 satis

106 5219 313 5275 «condamnas.
331 5218 435 5274 Eadem
450 5218 522 5275 enim
536 5219 595 5291 agis
620 5237 681 5292 quau
705 5221 821 5290 judicas.
839 5223 902 5279 Sci·
953 5217 1151 5281 dehonestavit,
1173 5224 1282 5271 ostenso
1306 5215 1378 5287 qnod
1401 5216 1436 5272 de
1459 5216 1612 5289 ignorantia
1633 5215 1761 5270 excusari

105 5306 286 5362 «musenim
309 5306 436 5379 quoniam
457 5307 589 5377 judicium
618 5309 669 5365 Dei
690 5317 732 5365 est
755 5311 904 5367 secundum
953 5322 1007 5362 nan
1022 5312 1135 5385 possunt
1151 5322 1158 5359 :
1173 5320 1236 5360 curn
1261 5305 1420 5360 naturaliter
1449 5304 1633 5375 coguitionem
1651 5303 1684 5358 de
1700 5304 1760 5358 Deo

106 5417 115 5449 ι
134 5395 277 5451 veritatem
291 5394 318 5450 in
333 5410 381 5451 eos
395 5395 442 5467 qui
456 5395 519 5451 talia
534 5405 631 5470 agunt.
651 5397 798 5455 Existimas
814 5407 904 5456 antem
953 5394 1115 5461 habuerint,
1131 5401 1313 5466 quapropter
1335 5401 1476 5465 peccatum
1500 5392 1598 5465 privati
1611 5399 1683 5446 suut.
1703 5392 1760 5448 flac

104 5484 196 5553 «boc,
212 5484 335 5552 chamo,
353 5484 399 5556 qui
410 5483 516 5555 judicas
535 5501 583 5542 eos
602 5485 649 5559 qui
670 5485 735 5543 talia
756 5495 850 5558 agunt,
878 5496 905 5543 ct
954 5490 1045 5539 autern
1060 5482 1094 5539 de
1109 5483 1176 5541 solis
1189 5483 1336 5558 gentilibus
1360 5482 1463 5539 dictum
1490 5479 1653 5537 transfundit
1673 5478 1719 5534 hic
1734 5479 1761 5534 in

1289 5037 1450 5078 Expostulo.
