3750 5984
82 184 134 246 ala
469 206 472 211 ·
643 182 746 245 tmen
764 188 812 244 DE
830 183 1023 244 exanclato
1042 180 1172 241 GELLAE.
1678 181 1731 241 83l

77 313 121 371 bis
137 321 177 370 est
191 330 287 370 omnes
308 330 454 370 numerare
473 312 652 378 calamitates,
676 328 746 385 quas
769 314 841 370 intus
856 313 919 373 etA
933 324 993 376 xlv,
1011 309 1067 381 30).
1078 309 1152 366 Unus
1167 308 1249 364 homo
1265 305 1439 380 eratquipro
1453 323 1487 364 eo
1502 308 1576 364 solus
1588 308 1730 381 ingressus

78 411 155 459 extra
170 403 253 458 miser
277 403 379 473 patitur
399 403 491 469 homo,
510 401 601 475 cogita
615 402 754 473 quomodo
768 402 806 457 sis
822 401 880 472 ipse
931 406 984 454 est‘
995 397 1055 453 sine
1082 396 1200 462 macula,
1216 396 1263 468 qui
1277 404 1304 452 et
1318 396 1393 452 solus
1421 397 1491 453 liber
1513 397 1585 453 inter
1603 405 1727 453 mortuos

81 490 178 546 similis
201 490 431 547 descendentibus
454 491 482 544 in
504 488 593 546 laeum
609 506 616 545 :
633 496 660 545 et
682 490 735 545 nisi
756 489 804 545 tibi
818 505 881 563 gra·
931 485 992 553 tuit,
1008 486 1084 541 solus
1099 501 1208 558 quoque
1224 485 1318 542 dicere
1331 485 1439 556 potuit:
1459 486 1539 543 l'enit
1548 486 1585 541 ad
1595 502 1639 542 me
1646 486 1730 557 pain·

80 579 148 635 tulta
172 578 325 635 Conditoris
343 578 382 634 tui
405 578 476 635 adsit
499 578 596 652 gratia,
621 578 727 634 taliaes
747 578 776 634 in
790 586 881 633 tenta·
931 575 1106 646 cepsmocdi
1121 575 1217 646 bajas,
1243 577 1271 629 et
1285 575 1318 629 ica
1332 590 1378 629 me
1391 590 1449 630 noc
1470 574 1552 630 balet
1567 574 1728 646 quidquam.

80 668 163 734 tione,
189 667 277 739 qualis
300 675 342 723 est
366 667 409 723 vel
432 672 496 724 cera
516 666 616 724 atacie
635 667 718 740 ignis,
737 667 779 723 vel
793 667 882 738 pulvis
931 663 993 717 Non
1013 669 1055 717 est
1067 662 1165 734 aliquis
1187 669 1310 717 nostrum
1332 660 1360 716 in
1377 678 1430 733 quo
1445 677 1500 717 non
1514 662 1615 718 babeat
1628 661 1732 734 aliquid

79 750 234 808 levissimus
248 751 275 806 in
291 750 357 806 tlatu
371 750 605 808 vehementissimi
620 751 703 807 venti.
721 753 882 823 Repraesen-
932 766 1020 805 suum.
1033 751 1141 806 Intuere
1154 758 1217 821 post
1227 751 1285 806 haec
1295 749 1520 806 considerationis
1534 757 1587 806 tuae
1601 749 1692 817 oculo,
1703 749 1731 804 in

80 847 118 895 tet
134 839 182 895 tibi
196 846 259 911 post
281 839 341 895 haeo
361 839 389 894 in
413 847 568 895 mentetua
589 839 650 911 ipsa
671 840 811 896 meditatio
825 848 880 906 tua,
932 837 993 909 ipsa
1015 838 1121 894 interna
1140 838 1315 894 meditatione
1331 846 1394 906 tua,
1411 837 1525 910 quidde
1547 846 1593 894 tuo
1616 852 1733 909 corpore

83 943 166 1000 qnam
179 926 307 983 terribilis
330 927 366 983 sit
387 927 446 999 ipse
459 927 593 984 universae
607 935 738 984 creaturae
753 927 884 984 Conditor
933 925 995 993 erit,
1011 934 1157 998 postquam
1173 926 1208 981 ab
1223 943 1256 983 eo
1271 927 1361 982 anima
1376 935 1422 981 tna
1436 926 1593 982 recesserit.
1608 927 1670 982 Non
1683 942 1733 982 au-

81 1015 246 1080 inconsiliis
269 1031 353 1087 super
376 1014 447 1072 tilios
469 1017 620 1087 homiuum,
637 1017 818 1088 reproborum
833 1031 884 1072 nec
933 1022 988 1070 tem
1009 1029 1124 1070 neeesse
1139 1015 1221 1071 habet
1241 1015 1355 1070 multum
1370 1014 1497 1070 laborare
1516 1014 1544 1069 in
1557 1014 1733 1085 praevidendo

56 1171 61 1180 ,
81 1103 156 1159 mala
170 1103 288 1171 diluens,
304 1119 356 1159 nec
371 1103 444 1160 bona
459 1112 616 1176 acceptans,
632 1105 746 1176 insuper
761 1112 787 1160 et
801 1104 885 1160 corda
933 1103 986 1158 hoo
1000 1102 1139 1158 meditatio
1154 1110 1219 1171 tua;
1238 1103 1302 1174 quia
1317 1103 1381 1174 quid
1400 1102 1544 1174 superhoc
1563 1102 1734 1158 debeetsen·

83 1207 180 1248 eorum
195 1193 269 1262 justo
284 1191 332 1247 sed
357 1192 462 1248 occulto
477 1193 581 1262 judicio
597 1208 647 1248 suo
660 1209 715 1248 non
730 1192 883 1263 emolliens,
934 1191 995 1261 tire,
1011 1190 1070 1262 ipse
1087 1207 1196 1262 quoque
1211 1199 1238 1247 te
1250 1198 1353 1247 certum
1369 1190 1458 1247 reddit
1473 1190 1624 1262 corporalis
1633 1206 1733 1262 aspec-
1834 1237 1840 1241 .

83 1280 133 1336 sed
148 1279 230 1335 etiam
245 1279 387 1349 indurans,
403 1297 438 1336 ne
449 1288 623 1337 convertatur
637 1289 664 1337 et
679 1288 822 1336 saneteos.
833 1281 885 1337 Co·
934 1288 987 1334 tus.
1004 1280 1075 1334 Nam
1090 1279 1160 1336 vade
1184 1279 1274 1346 modo,
1287 1287 1314 1334 ct
1342 1280 1420 1349 cujus
1435 1278 1554 1334 volueris
1573 1279 1671 1335 mortni
1685 1294 1733 1336 se-

83 1369 141 1441 gila
153 1368 222 1423 intra
236 1376 262 1424 te
277 1368 349 1440 quod
364 1368 547 1426 Ecclesiastes
560 1369 636 1436 dicit,
654 1369 718 1440 quia
731 1374 799 1426 sunt
814 1371 885 1440 q'atsli
934 1367 1061 1438 pulcrum
1076 1366 1154 1439 aperi
1177 1375 1204 1422 et
1218 1366 1333 1438 inspice.
1354 1368 1452 1422 Nonne
1467 1367 1489 1422 si
1514 1368 1567 1424 hoc
1582 1367 1691 1429 leceris,
1705 1367 1734 1422 in

84 1459 269 1530 elcapienlea,
282 1459 886 1530 etoperoeorcmlcmancllcisunt,·ettu·
935 1462 1039 1510 tantum
1063 1462 1089 1511 et
1104 1455 1228 1526 aspectui
1257 1455 1309 1510 erit
1324 1463 1351 1511 et
1367 1454 1479 1511 olfactui
1500 1455 1573 1526 quod
1594 1453 1736 1527 apparebit

84 1561 152 1602 mea
166 1547 259 1602 nescit
281 1546 363 1602 bomo
380 1550 480 1602 utrum
495 1562 590 1603 amore
603 1563 642 1602 on
655 1546 716 1604 odio
731 1547 833 1617 diquus
847 1548 886 1602 rit
934 1542 1053 1613 horrori,
1070 1551 1099 1598 nt
1114 1551 1239 1599 neutrum
1253 1542 1346 1615 aliquo
1367 1542 1455 1615 possit
1469 1543 1552 1599 modo
1565 1542 1608 1600 vel
1623 1543 1659 1598 ad
1672 1557 1735 1599 mo-

86 1632 189 1705 (Eccle.
205 1648 246 1701 tx,
263 1634 309 1704 l);
326 1632 475 1690 sedomnia
483 1633 637 1689 infuturum
647 1642 800 1690 servantur.
810 1635 921 1727 TnneB
936 1639 1058 1687 mentum
1073 1631 1231 1687 sustineret
1245 1631 1326 1687 Certe
1336 1631 1477 1702 apparebit
1486 1631 1605 1688 cadaver
1618 1629 1736 1686 horribi-

85 1728 163 1776 erunt
177 1728 263 1788 certa,
285 1721 395 1792 quando
418 1728 447 1777 nt
462 1738 492 1777 se
513 1722 641 1778 emendet
660 1723 753 1789 homo,
777 1738 828 1778 nee
842 1722 885 1778 lo·
936 1719 1028 1775 biliter
1055 1719 1154 1786 fetens,
1170 1719 1315 1790 putredine
1340 1727 1459 1786 scatens,
1482 1720 1618 1776 vermibus
1646 1727 1736 1775 scatu-

85 1825 149 1866 cum
160 1809 215 1879 jam
229 1810 350 1878 babebit,
366 1826 418 1866 nee
431 1817 548 1881 tempus.
564 1810 636 1866 Dicit
649 1811 714 1866 item
725 1811 797 1866 idem
807 1811 885 1881 ipse:
936 1808 1012 1863 aiens
1028 1822 1035 1861 τ
1051 1814 1078 1863 et
1090 1808 1222 1879 usquead
1237 1808 1290 1863 boc
1305 1806 1430 1863 deveniet
1445 1806 1517 1863 istud
1532 1807 1634 1880 dequo
1648 1805 1737 1879 loqui-

54 1883 65 1901 ‘
85 1897 236 1954 Considera
249 1914 334 1970 opero
350 1897 414 1965 Dei,
432 1898 503 1971 qaod
519 1913 603 1954 ccmo
624 1900 715 1971 possit
735 1899 885 1970 ecrrtqere,
937 1912 998 1951 mur
1011 1911 1122 1967 eorpus,
1139 1903 1168 1950 ut
1191 1894 1225 1950 sit
1239 1904 1300 1967 post
1330 1895 1433 1952 exitum
1461 1895 1569 1962 animae,
1584 1895 1663 1962 fetor,
1675 1901 1738 1965 post

85 2000 168 2057 quem
178 1986 228 2042 ille
238 1986 400 2058 despexerit
409 1985 512 2058 (tecle
524 2001 574 2053 vu,
587 1987 642 2059 tt).
655 1987 747 2044 Statue
756 1994 818 2057 post
829 1987 888 2043 hee
939 1983 1064 2051 fetorem,
1087 1984 1221 2054 putredo;
1237 1991 1300 2055 post
1329 1983 1512 2056 putredinem,
1537 1984 1659 2050 vermis;
1674 1988 1738 2055 post

88 2081 151 2129 ante
165 2073 260 2130 oeulos
274 2073 504 2130 considerationis
517 2083 580 2141 tuae,
592 2074 681 2146 ipsum
694 2075 792 2131 animae
802 2082 855 2130 tuae
871 2089 889 2130 a
938 2089 1071 2143 vermem,
1087 2072 1162 2128 omni
1189 2072 1303 2144 pulvere
1331 2072 1474 2143 abjectior,
1490 2072 1581 2142 vilior,
1596 2071 1694 2141 fedior,
1710 2076 1738 2127 et

86 2177 203 2233 corpore
217 2178 360 2236 egressum
374 2161 527 2237 depingens
540 2162 623 2219 modo
644 2163 716 2218 intra
740 2171 775 2229 te,
806 2178 889 2234 quam
938 2159 1046 2217 fetidior
1067 2160 1167 2232 pulvis.

89 2249 219 2305 terribilis
243 2249 292 2306 tibi
308 2250 439 2306 erithone
454 2250 510 2318 illa,
529 2259 555 2306 et
569 2250 631 2307 ideo
644 2266 699 2307 non
713 2251 889 2308 mediocriter

89 2338 171 2394 etiam
189 2354 262 2396 nnnc
282 2338 452 2396 metuenda?
466 2347 569 2411 quanta
583 2339 635 2395 erit
649 2347 722 2409 tunc,
740 2347 767 2395 et
781 2339 808 2394 in
827 2339 888 2396 ani·
1201 2309 1403 2366 CAPITULUM
1417 2307 1483 2365 XX·

89 2442 134 2482 ma
149 2434 194 2483 tua
207 2427 363 2499 trepidatio,
379 2435 406 2483 et
420 2427 448 2483 in
462 2443 578 2500 corpore
588 2436 634 2484 tuo
644 2427 763 2499 adliotio,
779 2430 889 2500 quando
938 2445 977 2500 pq
999 2444 1128 2514 9372&an
1154 2444 1364 2500 murreaque
1387 2446 1575 2510 morlupum,
1600 2446 1628 2498 qq
1641 2443 1737 2568 sm

89 2515 160 2571 dnos
173 2515 240 2572 istos
257 2517 297 2587 (ut
320 2515 359 2572 sio
373 2516 475 2588 dicam)
491 2517 590 2584 socios,
608 2516 655 2588 qui
669 2516 749 2573 simul
762 2517 889 2588 aliquan·
974 2514 1186 2578 damnatorum,
1204 2517 1232 2570 et
1247 2514 1372 2585 qualiter
1385 2514 1475 2585 repeti
1489 2513 1607 2569 deleant
1616 2514 1639 2570 il
1652 2514 1663 2567 l
1676 2517 1737 2570 octo

89 2611 119 2660 to
133 2603 242 2661 luerunt
257 2604 331 2674 (dico
352 2612 443 2661 antem
458 2605 494 2661 de
516 2621 633 2677 corpore
648 2613 695 2663 tuo
709 2614 736 2662 et
749 2605 784 2662 de
798 2606 890 2662 anima
976 2585 1062 2655 modi,
1079 2587 1112 2678 ιιι
1126 2586 1224 2657 lumi
1240 2585 1351 2639 ‘immi
1365 2584 1467 2640 exiliit
1479 2599 1565 2640 causa
1578 2588 1606 2640 θ’
1622 2582 1736 2640 ‘1⁰²⁰'ss-

91 2690 149 2764 tua)
174 2693 313 2764 separabit
326 2693 361 2748 ab
381 2693 497 2751 invicem
521 2709 613 2750 amara
633 2701 660 2750 et
679 2694 790 2751 inimica
802 2710 888 2751 mors.
975 2699 1036 2754 lam
1052 2698 1110 2769 tibi,
1127 2698 1173 2771 qui
1186 2698 1322 2754 habitator
1337 2715 1368 2754 es
1382 2698 1459 2755 celle
1478 2706 1679 2771 premonstrat,
1704 2697 1740 2756 de

90 2780 224 2838 bleditare
250 2798 322 2838 nunc
346 2781 418 2854 apud
445 2789 481 2853 te,
506 2782 561 2839 imo
590 2782 718 2851 intrate,
744 2800 802 2854 quae
828 2790 891 2840 tunc
944 2802 999 2859 qua
1014 2803 1171 2843 sermonem
1185 2786 1272 2843 babeo
1287 2786 1321 2841 ad
1335 2794 1372 2854 te,
1386 2795 1432 2842 tua
1445 2787 1595 2854 meditatio,
1608 2786 1740 2860 aliquade

92 2869 143 2925 erit
158 2869 207 2924 tibi
221 2869 249 2924 in
267 2878 367 2937 mente,
393 2886 449 2927 non
467 2870 555 2927 solum
579 2871 700 2928 omnium
720 2889 781 2944 quae
797 2872 825 2927 in
838 2873 891 2928 boc
941 2875 1033 2931 lutura
1047 2876 1095 2932 illa
1108 2875 1137 2931 in
1152 2875 1300 2932 novissimo
1316 2875 1360 2931 die
1384 2876 1550 2932 resurrectio
1570 2883 1740 2931 mortuorum

91 2958 194 3014 mundo
223 2967 285 3014 sunt
308 2975 409 3029 rerum,
434 2959 483 3015 sed
507 2967 533 3015 et
552 2968 712 3017 cunctorum
736 2962 889 3030 eharomm,
941 2964 1064 3037 generali
1077 2983 1085 3032 ;
1101 2964 1212 3038 quando
1225 2965 1254 3019 in
1270 2963 1323 3019 fine
1338 2963 1429 3020 saeculi
1444 2963 1536 3020 veniet
1549 2965 1609 3035 ipse
1621 2965 1679 3020 ilex
1694 2980 1740 3021 re·

92 3046 241 3102 amicorum
256 3056 282 3103 et
295 3054 439 3118 parentum
454 3047 568 3104 oblivio.
586 3049 621 3104 Et
637 3048 688 3104 erit
704 3056 767 3105 tune
781 3048 892 3120 quidem
907 3019 1016 3125 Ggum,
1033 3061 1060 3108 et
1070 3052 1154 3122 Judex
1168 3053 1293 3109 vivorum
1307 3059 1334 3107 et
1357 3061 1535 3108 mortuorum·
1551 3053 1586 3107 Ει
1599 3051 1689 3108 veniet
1711 3051 1740 3108 in

92 3134 156 3190 hinc
170 3135 305 3208 egressio,
322 3136 371 3192 sed
386 3135 531 3209 ignoratur
544 3135 651 3208 penitus
666 3153 719 3208 quo
734 3137 892 3210 emigratio;
941 3148 1074 3212 potestate
1089 3156 1190 3212 maqna
1203 3148 1231 3196 et
1245 3141 1385 3210 maiestate
1390 3140 1569 3210 judicaturus,
1586 3139 1632 3211 qui
1654 3139 1682 3194 in
1695 3140 1741 3196 in-

94 3222 280 3294 sicutquidem
292 3224 330 3280 ait
339 3224 374 3280 de
382 3223 473 3296 seipso
491 3239 497 3279 :
514 3225 657 3296 Eqrelior,
668 3226 717 3281 sed
726 3227 892 3298 nescioquo,
943 3228 1071 3284 firmitate
1086 3237 1112 3285 et
1124 3229 1274 3284 humilitate
1302 3228 1405 3284 dudum
1431 3229 1505 3284 venit
1520 3228 1694 3298 judicandus.
1705 3229 1741 3285 itt

94 3311 142 3368 aed
160 3314 255 3369 nescio
278 3314 412 3385 qaaud03
431 3328 483 3369 nec
497 3312 589 3384 aliqua
610 3313 722 3385 spiritus
744 3314 779 3369 ad
794 3329 894 3385 corpus
943 3333 1006 3374 eum
1021 3317 1175 3389 (sicutipse
1204 3316 1342 3390 promisit)
1371 3317 1411 3373 sie
1439 3317 1552 3384 venerit,
1582 3318 1697 3374 ventem
1712 3320 1741 3375 et

38 3419 41 3423 ·
94 3408 157 3457 ante
171 3400 348 3456 novissimum
364 3400 437 3457 diem
451 3410 578 3473 speratur
587 3402 720 3470 reversio,
730 3403 807 3472 juxta
819 3402 894 3458 illam
944 3417 1040 3458 omnes
1054 3403 1150 3473 onqeli
1164 3404 1224 3474 ejus
1236 3418 1302 3458 cam
1316 3417 1357 3467 eo,
1374 3405 1402 3457 et
1417 3402 1741 3473 eocqreqaluntoroute

93 3503 187 3545 veram
201 3489 287 3544 sancti
311 3488 361 3544 viri
382 3490 557 3556 sententiam,
574 3506 635 3562 ques
649 3490 712 3546 talis
727 3498 770 3546 est
786 3506 792 3545 :
808 3493 894 3548 Homo
945 3507 1009 3546 eum
1020 3506 1117 3546 omnes
1126 3493 1238 3562 pentes.
1252 3491 1328 3545 Tunc
1337 3488 1409 3545 dicet
1416 3488 1508 3558 justis,
1521 3497 1547 3544 et
1561 3488 1623 3545 ideo
1635 3490 1743 3546 salvan·

95 3591 162 3632 eom
170 3578 318 3634 dormierit
327 3593 386 3634 aon
396 3579 529 3650 refclqet,
542 3579 630 3635 donec
638 3583 785 3636 atteratur
794 3581 896 3636 celum
944 3578 988 3633 dis
1005 3596 1013 3633 ε
1031 3579 1139 3648 Venite,
1152 3578 1310 3646 benedicti3
1325 3577 1440 3647 injustis,
1453 3585 1480 3633 et
1488 3577 1551 3633 ideo
1561 3577 1721 3633 damnandis
1733 3592 1740 3633 :

97 3681 156 3721 noc
169 3665 325 3736 eoiqilalit,
341 3682 394 3723 nec
410 3671 559 3737 conaurqet
571 3667 604 3722 de
614 3682 720 3724 sommo
730 3684 779 3724 eoo
788 3668 824 3738 (ll
833 3667 894 3723 Cor.
945 3665 1116 3723 disceditea
1129 3682 1184 3733 me,
1196 3666 1353 3723 maledieti.
1369 3665 1426 3721 illis
1441 3665 1514 3723 dicet
1528 3666 1688 3723 :Possidete
1697 3681 1743 3723 re·

63 3786 66 3790 -
96 3767 125 3820 v,
144 3755 199 3824 to).
223 3752 332 3809 Deserit
352 3769 451 3825 eorpus
466 3753 587 3825 spiritus,
603 3754 718 3827 ipsoque
733 3755 799 3810 illud
814 3755 896 3812 dese·
945 3772 1053 3828 qnum;
1069 3755 1129 3810 istis
1138 3770 1203 3812 vero
1220 3770 1227 3811 :
1244 3755 1284 3812 lte
1294 3757 1326 3811 in
1340 3755 1435 3826 mnam
1444 3758 1597 3811 oeteraum.
1618 3753 1661 3811 01
1677 3770 1742 3825 pos·

96 3848 175 3898 rente
194 3842 307 3898 moritur
328 3858 438 3915 eorpus.
461 3844 677 3915 ltaqueoorpus
693 3844 766 3916 quod
784 3843 850 3900 vivit
863 3859 897 3900 ex
946 3843 1033 3900 sidete
1047 3860 1173 3917 regnum.
1191 3842 1232 3900 ot
1249 3843 1285 3899 ite
1300 3843 1433 3914 inignem
1448 3851 1588 3900 eternum.
1603 3843 1663 3899 Erit
1677 3850 1743 3901 tuno

97 3929 197 3997 anima,
213 3927 243 3984 lit
265 3931 400 3986 exanime,
415 3932 451 3987 Ut
464 3931 537 3987 enim
546 3931 641 3988 beatus
650 3932 716 3989 dicit
730 3932 898 4006 Augustinus
946 3932 1086 4004 impletum
1102 3932 1235 3989 veraciter
1249 3931 1321 4004 quod
1340 3932 1375 3988 de
1398 3931 1522 4003 reprobis
1535 3931 1562 3986 in
1578 3931 1745 4004 Apocalypsi

97 4017 182 4090 (qnod
198 4025 225 4073 et
242 4034 294 4074 nos
312 4019 432 4091 quotidie
450 4019 479 4075 in
499 4019 534 4075 iis
548 4020 595 4092 qui
618 4036 669 4077 nos
683 4021 838 4093 precedunt
853 4020 898 4075 iu·
947 4035 997 4075 sna
1012 4027 1124 4077 sanctus
1134 4021 1254 4077 loannes
1267 4020 1385 4076 narravit
1395 4019 1472 4091 quasi
1479 4019 1658 4091 praeteritum,
1670 4019 1744 4092 quod

99 4113 224 4176 tuemur,
240 4106 309 4163 sicut
337 4114 364 4164 et
389 4108 417 4162 in
440 4107 530 4176 nobis,
560 4125 623 4165 eum
646 4117 753 4182 tempus
774 4117 899 4166 nostrum
948 4109 1037 4165 adbuc
1054 4116 1095 4164 est
1121 4107 1255 4165 futurum.
1273 4109 1407 4176 Sustulit,
1428 4107 1524 4179 inquit,
1542 4110 1658 4179 cnqelcs
1670 4109 1745 4181 lopi-

99 4195 251 4264 advenerit,
272 4196 318 4266 qui
337 4204 416 4252 erunt
429 4197 590 4269 superstites
604 4197 791 4272 intuebuntur)
805 4198 898 4256 disce·
948 4197 1011 4252 dem
1021 4198 1102 4270 quasi
1112 4198 1250 4254 molarem
1264 4213 1409 4266 maqnum,
1422 4199 1451 4252 et
1460 4197 1540 4252 misit
1555 4196 1587 4250 in
1596 4212 1686 4263 mare,
1698 4196 1745 4253 lt-

99 4283 180 4339 dente
195 4283 295 4351 anima,
312 4284 357 4355 qui
380 4284 538 4341 ambulabat
561 4286 644 4356 jacet,
671 4286 718 4358 qui
736 4286 900 4358 loquebatur
948 4299 1016 4340 cena
1033 4286 1105 4341 :ltoe
1114 4285 1224 4356 impetu
1233 4286 1368 4341 mittetur
1377 4283 1500 4356 ltalqlon
1509 4284 1563 4340 illc
1572 4285 1675 4341 civitas
1683 4300 1746 4341 mc·

99 4378 170 4427 tacet
187 4389 194 4426 :
209 4371 296 4427 clausi
316 4373 388 4429 oculi
408 4373 497 4430 lucem
512 4389 567 4430 non
589 4373 708 4446 capiunt,
730 4389 810 4430 aures
831 4374 936 4438 nulliD
950 4389 1016 4444 qna,
1028 4376 1058 4428 el
1076 4373 1156 4428 altro
1171 4389 1228 4429 non
1243 4374 1407 4429 inuenietur
1417 4372 1513 4445 (Apoe.
1531 4387 1612 4440 xvur,
1624 4373 1681 4444 lli).
1694 4372 1746 4431 Hic

86 4459 161 4531 ,voci
176 4468 326 4530 patescunt,
348 4461 440 4518 omnia
459 4463 646 4518 membrorum
665 4461 752 4519 officia
765 4462 899 4535 conquie·
949 4460 1063 4532 angelus
1076 4459 1123 4516 ille
1135 4468 1186 4529 est,
1204 4460 1249 4531 qui
1263 4473 1376 4517 vocatur
1391 4461 1483 4532 magni
1497 4460 1605 4518 consilii
1615 4461 1745 4533 angelus3

100 4555 189 4603 scunt.
205 4550 266 4604 Non
280 4557 323 4605 est
332 4549 378 4621 qui
388 4558 496 4607 moveat
505 4567 636 4624 egressus
646 4552 680 4606 ad
695 4551 898 4623 ambulandum,
949 4549 1027 4605 tortis
1052 4548 1172 4620 quidem,
1198 4549 1262 4620 quia
1285 4552 1422 4607 nontam
1436 4553 1495 4623 ipse
1504 4552 1589 4622 tortis
1608 4555 1636 4607 et
1646 4556 1748 4624 potem

100 4650 198 4691 manus
218 4637 254 4693 ad
283 4638 464 4710 operandum,
493 4655 590 4695 sensus
618 4639 653 4695 ad
682 4640 898 4712 percipiendum.
950 4639 1030 4710 (Paul
1043 4653 1124 4705 xxtrt,
1141 4639 1178 4710 8).
1193 4638 1255 4710 lpse
1272 4637 1481 4712 magnamillam
1501 4639 1683 4710 reproborum
1696 4638 1747 4694 sti·

101 4724 199 4780 Nonne
212 4724 263 4781 ista
278 4734 320 4782 est
338 4727 445 4794 domus,
466 4743 547 4798 quam
567 4727 660 4784 nescio
681 4728 742 4800 quis
756 4728 900 4784 invisibilis
949 4727 1153 4799 pulumsiacam
1160 4726 1270 4784 aetemis
1280 4727 1414 4784 incendiis
1422 4735 1603 4799 praepamtam
1615 4727 1688 4799 (qnae
1703 4725 1748 4782 la-

100 4811 386 4871 habitatoromabatl
399 4815 524 4872 Recessit
546 4806 593 4888 qui
616 4831 672 4871 non
686 4816 838 4888 videbatur,
853 4833 900 4873 re·
950 4815 1110 4887 pisdieitur,
1131 4824 1243 4887 propter
1265 4815 1452 4871 insensibilem
1474 4815 1620 4881 duritiam;
1636 4812 1748 4870 molaris

103 4901 204 4955 mansit
220 4903 294 4973 quod
313 4919 374 4960 eum
393 4903 487 4959 dolore
501 4903 635 4961 videatur.
652 4905 716 4961 liaeo
731 4904 826 4960 beatus
841 4909 900 4961 Au·
951 4919 1027 4972 vero,
1039 4904 1104 4975 quia
1112 4906 1145 4960 ia
1164 4906 1290 4961 circuitu
1304 4907 1387 4976 impii
1397 4905 1547 4961 ambulant
1558 4902 1645 4976 [Ptol.
1656 4919 1697 4973 ιιι,
1709 4901 1749 4977 9))
1821 4910 1823 4915 ’

102 4989 228 5061 gustinus
241 4990 276 5046 de
290 4990 343 5046 his.
361 4991 507 5048 Convertat
522 5008 551 5049 se
562 4993 619 5062 jnm
629 4992 663 5048 ad
673 4992 747 5049 alind
762 4993 901 5050 meditatio
951 4994 1038 5048 mittet
1045 4992 1073 5047 in
1084 5008 1159 5048 mare
1170 4993 1473 5050 aeternaedamnationis.
1485 4990 1538 5060 Qui
1548 4991 1618 5062 lapis
1625 4991 1748 5062 molaris,

104 5086 160 5144 tua,
178 5085 205 5133 ct
220 5078 368 5149 prevideat
390 5088 471 5151 prout
485 5088 575 5151 potest
588 5081 828 5152 presentationem
842 5083 901 5137 ani·
951 5081 1048 5137 illaest
1057 5080 1177 5153 Babylon
1187 5097 1297 5155 magna,
1314 5097 1374 5154 qum
1386 5080 1460 5137 sicin
1470 5081 1523 5136 hoo
1533 5095 1608 5136 mare
1617 5080 1748 5151 mittetur,

102 5182 155 5222 mae
169 5173 251 5223 tuaea
267 5183 384 5238 corpore
404 5177 501 5237 exutae,
522 5169 558 5225 ad
576 5169 695 5225 tribunal
717 5170 790 5225 illius
801 5168 901 5239 iudicis
953 5170 1104 5240 quodultra
1120 5185 1175 5225 non
1196 5171 1358 5236 invenietur,
1375 5170 1409 5224 Et
1435 5184 1565 5242 magnam
1579 5169 1691 5241 quidem
1705 5183 1750 5224 so·

105 5254 245 5324 terribilis,
265 5257 366 5325 judicis
389 5257 512 5314 districti.
535 5259 568 5314 Ut
590 5257 661 5312 enim
676 5258 824 5329 Apostolus
839 5257 900 5312 ait:
952 5257 990 5313 let
1003 5259 1062 5315 baec
1075 5258 1103 5314 in
1118 5259 1210 5315 anima
1237 5258 1378 5315 meditatio
1406 5257 1496 5314 tacere
1520 5273 1636 5328 moram,
1651 5256 1751 5328 depin-

104 5343 205 5400 Omnes
214 5347 458 5417 noemacilestcri
466 5347 903 5422 oportetontelcibunclllomial
953 5362 1023 5418 gens
1038 5347 1110 5419 apud
1136 5363 1208 5414 eam,
1224 5347 1279 5404 imo
1306 5347 1375 5402 intra
1403 5362 1465 5403 eam
1488 5346 1564 5402 illum
1575 5345 1675 5415 judicis
1704 5343 1753 5416 qui

106 5432 275 5489 nostrilesu
288 5432 410 5502 cbristi;
426 5438 460 5490 ct
473 5435 904 5508 unusquisqcerelerotpropria
954 5443 1020 5491 tunc
1029 5436 1178 5508 apparebit,
1196 5435 1344 5492 maximum
1361 5443 1506 5505 terrorem,
1522 5432 1643 5490 omnium
1656 5431 1753 5490 occul·

105 5522 902 5596 coapostaproatqesrit‚siveboacm,ivemalumllooa.
954 5530 1044 5581 torum
1052 5524 1241 5597 aperitionem.
1255 5523 1329 5582 Nam
1354 5522 1487 5594 iudicium
1513 5520 1618 5581 sedebit
1640 5529 1668 5580 et
1689 5519 1754 5580 libri
