3742 5986
165 185 217 239 399
432 185 460 241 S.
480 184 657 243 BRUNONlS
680 181 1001 240 cantflustaltoauu
1022 181 1264 238 lNSTlTUTORlS
1282 179 1359 237 OPP.
1388 179 1476 236 etas
1503 178 1538 233 11.
1758 179 1812 234 tao

166 307 278 375 animus
292 308 474 378 qratiasbeo,
487 325 538 364 neo
553 324 617 363 raro
634 308 681 364 sed
688 324 806 378 semper,
814 314 840 361 ει
846 321 961 379 procra-
974 304 1075 366 Aillis.
1091 306 1148 360 Nee
1163 305 1251 360 solum
1267 320 1358 359 sermo
1373 303 1492 368 Domini,
1517 303 1566 357 sed
1581 302 1663 357 etiarn
1682 302 1752 371 fides
1762 319 1811 358 ve·

61 463 65 476 Ι
167 394 250 449 nibus
268 395 375 462 restris,
392 396 438 467 qui
454 396 480 450 in
492 412 524 452 eo
540 397 613 468 quod
627 397 700 452 uobis
712 395 821 461 tradidi,
837 409 965 464 persera·
1015 397 1075 448 stra
1088 394 1231 464 plurimum
1247 392 1368 463 prosecta
1383 401 1433 459 εει,
1450 409 1511 464 qun
1526 390 1594 447 sides
1611 395 1653 447 est
1666 392 1701 446 ad
1710 393 1810 460 Deum,

167 482 242 537 ratis.
259 483 373 556 Agimus
388 485 500 556 gratias,
524 487 664 557 facientes
682 486 857 547 mertrorinrn,
879 482 905 536 id
924 489 965 536 εει
1014 480 1042 535 id
1057 491 1098 536 est
1113 482 1303 554 gloriamundi
1318 489 1418 552 spreta,
1434 483 1521 536 Deum
1545 480 1635 535 solum
1658 478 1808 535 desiderat.

167 571 254 625 Deum
263 587 410 627 memorem
422 573 731 630 vestriinoraticnibus
742 569 965 636 nostris,habi1is
1014 569 1054 624 lta
1064 575 1107 624 est
1116 573 1285 642 presentant
1300 587 1358 626 non
1374 571 1412 625 sit
1426 565 1505 626 nobis'
1520 570 1715 640 necessetoqui
1728 569 1811 640 qaid-

80 672 87 690 ι
167 659 228 714 ἐἰπε
252 660 472 727 intermissione,
499 662 563 733 quia
583 671 609 716 ει
626 661 700 732 jugis
725 669 765 716 est
779 660 875 729 oratio,
897 669 923 715 et
937 659 966 712 in
1014 674 1098 730 quarn
1115 659 1148 714 de
1163 660 1285 714 introitu
1298 663 1395 714 nostro
1406 659 1442 713 nd
1457 674 1512 726 aas,
1529 656 1572 712 vel
1587 658 1622 712 de
1633 656 1811 713 conversione

166 744 240 801 nullo
272 763 320 802 vos
334 750 520 819 praetermitto.
538 749 615 806 Unde
632 748 754 805 290
771 748 875 820 gratias
890 756 963 818 agat,
1014 754 1114 802 vestra.
1132 746 1196 801 ldeo
1207 762 1261 801 non
1284 754 1325 801 εει
1340 762 1454 802 necesse
1473 746 1622 818 quidquam
1645 745 1729 817 loqui,
1746 746 1813 817 qnia

167 835 257 890 subdit
273 839 400 896 :Gratias
410 839 515 911 agimus
529 854 665 893 memores
674 837 765 908 operis
775 838 841 906 fidei
855 841 963 900 nestra,
1015 834 1071 906 ipsi
1081 834 1170 888 eidem
1179 835 1361 890 annuntiant
1373 833 1406 890 de
1416 835 1499 902 uobis,
1512 834 1629 889 idestad
1639 833 1754 906 gloriam
1765 849 1813 889 re·

168 927 236 982 Cum
250 932 335 986 multa
350 930 404 983 sint
418 943 501 998 opera
517 926 589 991 hdei,
608 927 660 981 hoc
675 925 838 995 precipuum
850 922 965 995 [prinoi-
1015 929 1078 977 strae
1089 920 1161 990 fidei,
1174 925 1294 995 qualern,
1306 923 1384 984 idest
1398 938 1480 994 quam
1495 920 1643 988 difficilem,
1660 923 1813 978 introitum

167 1019 252 1092 pium]
267 1019 333 1074 fides
349 1018 429 1072 habet
443 1014 566 1071 confiteri
580 1013 651 1086 quod
662 1013 759 1068 credit.
780 1013 812 1066 lli
826 1020 915 1067 autem
936 1011 965 1064 in
1015 1011 1195 1067 babuerimus
1205 1012 1241 1066 ad
1257 1028 1313 1068 aas.
1328 1011 1411 1066 llulta
1426 1011 1499 1065 enim
1517 1010 1592 1080 passi
1612 1026 1705 1064 sumus
1719 1010 1747 1064 in
1762 1027 1813 1066 ve-

168 1117 314 1179 conspectu
330 1113 537 1177 persecutorum
559 1119 613 1158 non
636 1101 818 1156 formidabant
831 1100 965 1155 Christum
1014 1098 1151 1154 niendoet
1167 1100 1239 1169 apud
1254 1115 1312 1164 vos,
1343 1106 1457 1170 propter
1484 1115 1545 1170 quae
1559 1106 1647 1153 tamen
1664 1115 1718 1154 non
1733 1115 1814 1169 spre-

167 1197 303 1253 oonsrteri.
331 1196 468 1249 llemores
489 1192 570 1247 etiam
595 1191 696 1246 laboris
720 1189 813 1244 uestri.
831 1188 864 1244 lli
892 1188 965 1243 enim
1014 1187 1091 1242 vistis
1105 1187 1220 1242 verbum
1235 1204 1271 1242 ex
1286 1204 1340 1242 me.
1370 1190 1553 1244 annuntiant
1573 1187 1655 1242 etiam
1679 1188 1712 1243 de
1728 1188 1811 1254 uobis,

166 1285 306 1356 pauperati
321 1282 355 1337 ab
370 1281 535 1345 infidelibus,
554 1279 714 1334 laborabant
735 1277 807 1333 unde
831 1277 963 1331 viverent.
1014 1275 1093 1331 idest
1108 1275 1318 1347 quampertecte
1328 1277 1531 1331 conversionis
1541 1276 1577 1331 nd
1587 1275 1677 1333 Deurn
1692 1276 1813 1332 anma-

165 1375 301 1428 llomores
316 1371 397 1426 ctiam
412 1369 564 1425 charitatis
575 1375 683 1422 vestrae.
700 1366 775 1421 Adeo
794 1364 965 1435 enimproxi-
1016 1364 1110 1419 locris.
1126 1365 1156 1417 ln
1173 1364 1281 1434 quibus,
1307 1363 1442 1419 simulatio
1472 1373 1585 1431 tantum,
1601 1364 1674 1419 nulla
1701 1363 1811 1420 veritas.

166 1477 226 1516 mos
240 1460 390 1531 diligebant
406 1466 434 1512 ut
444 1457 496 1511 illis
516 1455 611 1510 otiosis
626 1455 743 1510 fructum
758 1454 882 1508 laborum
898 1469 964 1506 sno·
1016 1451 1146 1507 Conversi
1161 1451 1223 1507 dico
1238 1468 1293 1507 non
1306 1453 1542 1518 tantumcredere,
1555 1452 1692 1507 sedetiam
1707 1455 1813 1509 servire

167 1546 481 1604 rumcommuniaareut.
512 1546 647 1599 lllcmores
679 1543 761 1598 etiam
784 1543 966 1596 sustinentia
1013 1542 1067 1594 Deo
1089 1541 1155 1604 nina,
1174 1540 1201 1594 id
1217 1548 1368 1595 estaeterno
1387 1541 1431 1611 qui
1453 1540 1536 1595 vitam
1559 1540 1718 1596 aeternitatis
1733 1542 1814 1595 datu·

165 1644 272 1692 vestra.
290 1634 372 1688 blulta
387 1631 638 1702 enimpatiebantur
653 1632 687 1684 ab
698 1629 863 1684 infidelibus.
879 1629 965 1684 Susti-
974 1619 1061 1716 B'rus
1077 1634 1118 1681 est
1133 1628 1221 1682 robis.
1233 1629 1290 1682 Deo
1306 1628 1367 1683 vivo
1382 1633 1410 1684 et
1421 1645 1493 1696 aero,
1505 1628 1534 1683 id
1549 1629 1625 1684 estin
1636 1644 1690 1700 quo
1701 1630 1813 1696 veritas,

165 1723 334 1779 nentiaedico
349 1724 418 1793 spei,
434 1722 513 1775 idest
529 1719 703 1789 sperataerei.
720 1719 776 1773 lies
797 1718 869 1773 enim
884 1733 963 1788 quarn
1015 1715 1084 1770 sicut
1099 1715 1125 1769 in
1143 1714 1216 1770 idolo
1242 1716 1386 1771 simulatio.
1408 1717 1466 1771 Nec
1486 1718 1676 1789 quoquomodo
1696 1720 1813 1784 servire,

165 1811 292 1883 speratis,
309 1818 407 1864 tantam
422 1809 576 1879 patientiam
600 1815 731 1878 operatur
745 1807 771 1859 in
787 1807 877 1861 vobis,
902 1805 965 1875 Spei
1015 1803 1063 1857 scd
1075 1803 1154 1858 etiarn
1167 1806 1294 1859 corrnersi
1300 1807 1368 1859 estis
1378 1809 1544 1876 exspectare
1554 1807 1659 1860 Filium
1666 1808 1737 1878 ejus,
1748 1821 1816 1862 uen-

165 1900 227 1956 dico
241 1900 354 1956 Domini
365 1899 456 1954 nostri
472 1899 538 1954 tesu
555 1896 670 1952 Christi.
682 1895 723 1949 Ad
740 1895 876 1951 Christum
893 1893 964 1948 enim
1015 1899 1102 1946 turum
1117 1892 1151 1947 de
1165 1892 1242 1947 calis
1255 1892 1289 1947 ad
1297 1892 1438 1961 judicium.
1452 1895 1528 1949 Adeo
1537 1893 1609 1949 enhn
1624 1893 1693 1949 bene
1704 1893 1814 1967 agendo

163 1987 281 2059 pertinet
295 1987 415 2057 impletio
430 1985 508 2053 hujus
532 1984 600 2055 spei,
625 1983 722 2038 habitae
737 1988 804 2038 ante
827 1983 915 2064 Deunr
937 1985 966 2036 et
1015 1980 1103 2035 securi
1119 1987 1190 2045 sunt,
1207 1988 1235 2034 ut
1255 1980 1393 2052 gaudeant
1407 1996 1550 2037 occurrere
1562 1980 1656 2051 judici,
1672 1997 1728 2038 non
1754 1980 1813 2038 ior·

164 2079 279 2132 Patrem
293 2078 434 2131 nostrum.
446 2072 490 2129 Sic
501 2072 574 2127 enim
589 2069 758 2127 confidenter
768 2069 921 2141 sperabant,
932 2083 965 2125 ao
1014 2068 1149 2123 midantes
1162 2084 1283 2138 poenam,
1300 2069 1349 2124 sed
1364 2069 1398 2124 de
1412 2069 1526 2141 praemio
1540 2069 1642 2127 securi.
1672 2072 1758 2139 Quem
1773 2071 1815 2126 Fi·

164 2164 187 2217 si
199 2164 255 2232 jam
269 2164 356 2217 Deum
371 2177 427 2232 prae
448 2160 535 2215 oculis
553 2160 697 2214 haberent.
1014 2157 1079 2211 lium
1092 2157 1322 2213 beussuscitanit
1331 2174 1368 2213 es
1377 2160 1499 2215 mortuis
1510 2158 1611 2215 tactam
1621 2159 1700 2214 nobis
1706 2161 1812 2224 tesam,

199 2249 394 2306 Commendata
410 2247 463 2302 fide
475 2256 502 2302 et
516 2248 647 2303 charitate
668 2262 772 2312 eorum,
788 2245 855 2301 dicit
876 2245 964 2319 magis
1014 2243 1042 2299 id
1058 2252 1100 2299 est
1116 2243 1293 2312 Salvatorem,
1311 2245 1427 2302 291
1447 2247 1523 2316 cujus
1538 2247 1677 2303 suscitatio
1690 2254 1814 2303 nostram

164 2339 247 2394 miras
261 2337 364 2411 gratias
386 2337 473 2393 bearn
497 2335 644 2392 contulisse
668 2334 722 2389 illis
749 2334 775 2388 in
800 2334 875 2389 initio
902 2332 965 2389 fidei
1014 2339 1144 2402 operatur
1159 2333 1407 2392 resurrectionem:
1424 2334 1564 2407 qaiFilius
1578 2336 1684 2407 eripuit
1698 2351 1750 2400 nos
1779 2335 1813 2392 ab

164 2439 245 2500 quam
256 2426 317 2481 aliis
332 2424 472 2482 Ecclesiis.
496 2425 529 2479 lit
545 2427 603 2480 brec
631 2423 696 2478 dicit
717 2422 751 2477 ad
780 2422 964 2478 incitationem
1013 2421 1069 2486 ira,
1085 2421 1111 2475 id
1127 2428 1167 2475 est
1182 2421 1216 2475 ah
1232 2419 1344 2489 ultione,
1356 2427 1478 2478 centurn
1491 2422 1592 2494 impiis.
1603 2423 1709 2495 Eripuit
1719 2422 1813 2505 ntique

163 2529 274 2582 eorum,
291 2513 422 2569 iacientes
448 2513 605 2568 memoriam
633 2510 717 2566 vestri
744 2510 771 2564 iu
795 2510 965 2566 orationibus
1013 2508 1042 2563 in
1056 2508 1190 2580 baptismo
1205 2509 1473 2582 dimittenspecceta.

162 2603 272 2669 nostris,
289 2605 422 2669 scienter,
447 2605 554 2673 tratres
569 2601 667 2656 dilecti
683 2616 700 2654 a
715 2600 779 2665 Deo,
796 2601 965 2655 eteetionern

163 2694 296 2757 vestram,
312 2689 340 2744 id
354 2697 397 2744 ast
411 2704 480 2762 quos
495 2689 557 2760 quia
572 2688 674 2754 dilexit,
700 2687 792 2759 elegit.
808 2688 842 2743 Et
863 2687 961 2742 iterum

162 2787 225 2851 post
239 2778 400 2834 electionem
419 2776 536 2848 amplius
557 2776 659 2842 dilexit,
676 2775 739 2831 ideo
769 2773 862 2831 dilecti
887 2791 962 2847 prae-

162 2866 253 2940 posuit
276 2865 424 2930 electioni,
450 2873 479 2920 ut
507 2865 663 2920 ostenderet
685 2865 758 2919 bona
786 2879 880 2919 eorum
902 2878 964 2919 esse

163 2971 196 3010 er
209 2953 354 3010 dilectione
362 2953 425 3009 Dei.
438 2954 563 3009 Scientes
574 2953 635 3008 dico
646 2953 812 3009 electionem
823 2955 945 3007 vestram
952 2970 962 3017 ,·

163 3043 242 3108 hanc,
260 3043 373 3107 scilicet,
390 3042 461 3114 quod
476 3043 661 3113 bnnnpetiurn
674 3044 806 3096 nostrum
824 3056 882 3097 non
903 3040 961 3110 fuit

164 3132 201 3187 ad
211 3148 256 3188 uos
265 3130 643 3194 tantummodoinaernaone,
654 3137 682 3183 ut
692 3128 795 3184 seilicet
809 3128 867 3183 sola
876 3127 960 3184 rerba

166 3218 303 3274 florentin
323 3227 414 3273 restra
436 3217 634 3284 conversione;
653 3216 701 3273 aad
721 3216 770 3271 tuit
798 3217 829 3271 in
856 3216 962 3271 virtute

166 3306 368 3370 miraculorum,
385 3310 413 3361 et
433 3306 466 3360 in
489 3306 599 3377 Spiritu
625 3309 737 3361 sancto.
757 3306 788 3359 ln
803 3303 863 3376 ipsa
889 3303 962 3359 enirn

166 3394 324 3464 acceptione
338 3392 402 3448 fidei
420 3392 517 3448 multas
536 3393 640 3465 gratias
670 3392 801 3447 habuistis
817 3410 825 3457 3
841 3399 867 3447 et
883 3392 920 3447 ita
935 3390 962 3446 in

167 3482 267 3538 virtute
281 3490 308 3537 ει
318 3481 345 3536 in
361 3481 472 3552 Spiritu,
488 3489 517 3535 ιιι
531 3483 562 3536 in
572 3483 665 3536 rnnttn
672 3481 853 3553 plenitudine
868 3488 895 3535 et
909 3479 963 3533 mi-

167 3569 322 3627 raculorum
337 3576 363 3625 et
377 3569 526 3643 gratiarum
541 3568 730 3639 spiritualium.
747 3567 793 3624 Sic
806 3568 867 3633 ista,
888 3565 962 3622 scili·

168 3665 211 3715 cet
225 3666 251 3715 et
266 3658 379 3715 virtutes
394 3655 588 3713 miraculorum
603 3663 630 3711 et
644 3655 746 3727 gratias
761 3655 877 3726 Spiritus
898 3670 963 3709 san-

170 3745 206 3802 cti
220 3745 304 3800 tuisse
319 3744 347 3799 in
362 3744 440 3801 vobis
456 3745 567 3811 scimuS,
584 3745 660 3800 sicut
673 3760 719 3800 vor
741 3742 881 3799 scitishoo
895 3741 963 3798 risi-

170 3832 223 3887 bile
238 3831 365 3886 danobis
380 3831 486 3903 quates,
498 3830 526 3885 id
541 3838 582 3885 est
597 3845 679 3901 quam
693 3831 870 3887 vehementer
885 3829 966 3884 trihu·

169 3918 218 3974 lati
231 3920 372 3991 fuerimus
386 3920 418 3973 in
432 3919 522 3986 coba·
537 3924 564 3973 et
579 3918 631 3974 hoc
644 3922 760 3990 propter
774 3919 893 3992 nosipsos
919 3917 963 3973 lu-

170 4006 296 4072 crandos,
322 4021 375 4062 non
400 4013 510 4077 propter
530 4005 603 4061 aliud
632 4006 816 4062 commodum.
843 4006 889 4062 Sia
916 4006 965 4061 suit

169 4094 204 4150 ad
218 4110 268 4153 vos
281 4094 461 4166 Evangelium
476 4102 609 4161 nostrum,
622 4098 650 4151 et
661 4095 805 4151 casstatim
815 4096 964 4166 restinta

169 4186 263 4241 nostri
272 4185 440 4249 imitatores,
450 4185 479 4238 et
489 4182 553 4254 quia
563 4183 664 4247 nostri,
674 4183 736 4238 ideo
746 4183 894 4241 imitatores
904 4184 963 4252 bei,

170 4288 250 4344 quem
262 4271 413 4345 gloriosum
422 4279 464 4325 est
474 4270 584 4326 imitari.
594 4271 822 4329 lmitatoresdico
830 4274 862 4329 in
873 4274 965 4328 matta

1332 2704 1444 2762 catut
1468 2707 1504 2760 ll.

1051 2886 1062 2917 ι
1078 2865 1147 2922 Nam
1162 2866 1214 2938 ipsi
1230 2867 1313 2939 scitis,
1342 2867 1450 2934 tratres,
1475 2868 1615 2926 introitum
1637 2878 1762 2926 nostrum
1777 2869 1812 2926 ad

1015 2975 1026 3002 ι
1045 2969 1105 3020 ros,
1122 2957 1185 3026 quia
1200 2971 1255 3010 non
1270 2955 1359 3012 inanis
1375 2956 1434 3027 luit,
1446 2957 1495 3014 sed
1508 2965 1570 3014 ante
1581 2958 1657 3028 passi
1674 2958 1768 3026 multa,
1785 2964 1813 3014 ει

1015 3061 1026 3092 ι
1043 3042 1218 3098 contumeliis
1233 3042 1322 3100 affecti
1337 3045 1416 3113 (sicut
1432 3045 1519 3118 scitis)
1533 3046 1561 3100 in
1583 3045 1725 3118 Philippis,
1735 3045 1814 3103 bdu-

1014 3152 1025 3178 ι
1044 3130 1115 3185 ciam
1129 3131 1274 3186 babuimus
1284 3132 1312 3186 in
1327 3133 1384 3187 Deo
1395 3140 1497 3200 nostro,
1514 3133 1588 3204 loqui
1598 3134 1634 3188 ad
1648 3149 1698 3189 vos
1717 3135 1813 3190 Eran-

1014 3238 1026 3268 ι
1044 3218 1145 3291 galium
1155 3219 1205 3274 Dei
1216 3218 1243 3273 in
1254 3219 1337 3274 multa
1352 3220 1542 3276 sollicitudine.
1559 3221 1718 3277 Exhortatio
1739 3223 1812 3278 enim

1015 3326 1027 3357 ι
1044 3314 1138 3361 nostra
1152 3323 1207 3362 non
1221 3307 1255 3362 de
1270 3323 1372 3378 errore,
1398 3324 1488 3381 neque
1502 3309 1537 3366 de
1552 3309 1732 3376 immunditia,
1763 3326 1812 3367 ne-

1015 3415 1027 3444 ι
1044 3395 1136 3466 quein
1151 3395 1224 3462 dolo,
1248 3396 1297 3450 sed
1325 3396 1395 3452 sicut
1415 3397 1522 3467 probati
1545 3413 1671 3454 sumusa
1697 3398 1767 3466 Deo,
1783 3406 1814 3454 ut

1015 3505 1026 3530 ι
1045 3483 1204 3539 crederetur
1223 3483 1302 3539 nobis
1316 3485 1495 3557 Evangelium
1513 3503 1520 3552 ;
1536 3486 1572 3541 ita
1594 3486 1739 3558 loquimur,
1756 3502 1811 3543 non

1016 3570 1124 3642 «quasi
1152 3571 1307 3627 hominibus
1328 3572 1476 3644 placentes,
1501 3573 1551 3629 sed
1565 3573 1691 3646 Deo,qui
1715 3574 1812 3645 probat

1016 3658 1128 3713 «corda
1142 3665 1247 3715 nostra.
1277 3661 1373 3733 Neque
1396 3662 1468 3717 eninr
1495 3661 1642 3733 aliquando
1660 3661 1761 3718 fuimtm
1784 3663 1812 3718 in

1016 3766 1028 3796 ι
1045 3761 1169 3802 sermone
1184 3747 1355 3816 adulationis,
1385 3750 1455 3806 sicut
1469 3749 1544 3806 saitis
1556 3769 1564 3816 ;
1576 3765 1664 3822 neque
1677 3749 1706 3805 in
1729 3765 1812 3807 ocra·

1016 3856 1027 3881 a
1046 3833 1122 3889 sione
1133 3834 1261 3904 avaritiae,
1277 3835 1351 3892 Deus
1365 3837 1441 3892 testis
1456 3845 1498 3892 est
1514 3857 1521 3904 ;
1537 3853 1589 3894 neo
1612 3837 1812 3909 quarentesab

1017 3943 1028 3972 ι
1046 3921 1201 3978 hominibus
1215 3923 1344 3997 gloriam,
1355 3941 1443 3998 neque
1459 3941 1476 3980 a
1490 3925 1577 3992 vobis,
1586 3941 1675 3998 neque
1689 3926 1725 3982 ab
1739 3925 1810 3994 aliis,

1017 4029 1028 4060 ι
1046 4024 1108 4065 curn
1122 4025 1266 4080 possemus
1280 4012 1358 4069 robis
1381 4013 1456 4069 oneri
1480 4029 1551 4079 esse,
1573 4021 1602 4069 ut
1617 4013 1716 4069 Christi
1743 4029 1812 4086 apo·

1016 4119 1027 4145 ι
1046 4097 1117 4153 stoli.
1133 4098 1187 4153 Sed
1202 4099 1265 4155 tacti
1293 4116 1386 4156 sumus
1400 4101 1542 4171 parvuliin
1563 4101 1654 4158 medio
1677 4109 1809 4170 restrum,

1018 4192 1171 4258 «tanquam
1187 4187 1211 4241 si
1225 4188 1314 4243 nutrix
1334 4186 1425 4244 foveat
1452 4187 1523 4245 lilios
1537 4205 1611 4246 suos.
1636 4190 1677 4245 lta
1697 4189 1809 4246 deude-

1016 4281 1137 4329 «rantes
1148 4290 1197 4329 ros
1216 4276 1330 4347 cupide,
1353 4276 1512 4333 volebamus
1530 4278 1638 4334 tradere
1660 4278 1740 4335 vohis
1756 4292 1814 4334 urm¹

170 4360 355 4416 tribulatione
368 4359 491 4426 tolerata,
502 4361 688 4432 excipientes,
698 4360 725 4414 id
736 4368 777 4416 est
787 4361 814 4416 in
825 4360 964 4431 excipien-
979 4357 1029 4416 Du
1046 4360 1135 4415 solum
1149 4361 1328 4435 Euangelium
1343 4365 1403 4432 Dei,
1419 4366 1469 4421 sed
1483 4365 1563 4423 etiarn
1572 4365 1676 4421 animas
1690 4372 1813 4434 nostras,

168 4447 215 4513 do,
226 4448 385 4515 uerbum-ut
395 4447 512 4518 primum
522 4448 594 4503 enim
603 4448 747 4518 accepistis
766 4447 962 4517 verbumfidei,

169 4535 259 4591 statim
273 4551 335 4593 cum
357 4534 411 4592 lide
434 4535 583 4607 incoepistis
601 4536 664 4606 pati.
690 4536 879 4592 tribulatione
902 4536 964 4593 dico

168 4632 280 4696 accepta
295 4640 349 4680 non
364 4623 456 4693 invita,
473 4625 593 4680 sedeam
603 4624 705 4695 pantio
719 4624 842 4695 Spiritus
856 4626 961 4694 sancti,

167 4713 228 4785 quia
243 4711 379 4768 affluentia
394 4712 559 4783 gratiarum,
575 4727 636 4783 quae
652 4718 711 4765 erat
724 4710 752 4765 in
767 4710 861 4778 robis,
877 4711 963 4769 tacie-

167 4801 212 4856 bat
240 4818 290 4858 vos
314 4802 437 4873 gaudere
460 4801 486 4855 in
516 4798 740 4855 tribulationibus.
767 4799 864 4855 Fuistis
878 4802 963 4858 nostri

166 4889 324 4955 imitatores,
336 4892 380 4945 ita
399 4889 514 4959 attacti
528 4889 591 4943 sitis
607 4890 700 4959 {arma
711 4888 862 4960 patientiae
872 4891 963 4946 orani·

168 4977 218 5032 bus
227 4977 406 5033 credentibus
416 4979 447 5033 in
458 4976 618 5032 Macedonia
628 4976 694 5031 etin
704 4977 818 5042 artata,
829 4977 875 5049 qui
886 4977 962 5048 prius

167 5063 245 5118 vobis
257 5063 438 5119 crediderunt.
452 5063 581 5119 Videntes
591 5064 662 5118 enim
673 5079 722 5119 vos
731 5066 887 5135 praecedere
901 5066 962 5122 illos

166 5152 202 5208 ad
225 5166 372 5218 coronam,
400 5151 546 5207 laudabant
570 5150 631 5206 fidei
652 5160 751 5209 vestrae
777 5152 960 5222 velocitatem,

166 5239 321 5297 accusando
345 5254 423 5294 suam
447 5239 610 5295 tarditatem.
635 5240 691 5297 lllis
709 5241 803 5312 utique
819 5241 881 5298 lacti
896 5243 961 5298 estis

165 5329 365 5396 torma;sermo
375 5328 452 5383 euim
462 5328 576 5387 Doraini
586 5327 750 5400 diffamatus
759 5334 802 5387 est
811 5347 829 5385 a
838 5331 920 5396 uobis,
933 5330 961 5387 id

166 5425 208 5473 est
222 5415 373 5474 notificatus
388 5415 513 5487 exemplo
527 5426 626 5485 vestro,
643 5435 702 5474 aron
719 5419 811 5475 sotum
827 5419 859 5474 in
875 5420 962 5476 haee·

164 5505 251 5562 donia
261 5509 289 5563 et
313 5506 428 5573 Achaia,
444 5505 492 5562 sed
506 5505 636 5562 etiamin
653 5508 732 5563 carni
748 5507 806 5563 loco
820 5505 961 5577 adjacente

1017 4448 1174 4520 «quoniam
1201 4452 1355 4507 charissimi
1384 4453 1463 4509 nobis
1489 4453 1553 4510 iacti
1575 4453 1650 4510 estis.
1675 4455 1813 4511 blemores

1016 4558 1027 4584 ι
1044 4536 1117 4592 ειιιιιι
1132 4539 1208 4608 estis,
1226 4540 1334 4608 tratres,
1359 4541 1461 4598 laboris
1474 4541 1563 4598 nostri
1578 4551 1605 4598 et
1619 4541 1788 4616 fatigationis
1803 4559 1811 4599 ε

1016 4645 1027 4670 ι
1044 4633 1124 4680 nocte
1138 4634 1165 4681 ει
1179 4627 1223 4684 die
1237 4636 1393 4699 operantes,
1408 4645 1443 4685 ne
1458 4645 1539 4702 quern
1554 4638 1673 4687 vestrum
1688 4645 1815 4704 gravare·

1014 4727 1115 4782 «mus,
1133 4715 1343 4784 praedicavimus
1368 4718 1446 4774 vohis
1472 4718 1653 4792 Evangelium
1666 4719 1727 4775 Dei.
1757 4720 1813 4777 Vos

1015 4820 1026 4851 ι
1042 4808 1126 4856 ιεειεε
1137 4803 1203 4859 εειιε
1218 4813 1245 4860 ει
1260 4807 1334 4862 Dens
1346 4823 1428 4878 quarn
1456 4815 1550 4863 sancte
1579 4815 1606 4862 et
1616 4808 1688 4877 juste
1702 4814 1729 4863 et
1752 4807 1812 4864 sina

1013 4909 1025 4936 ι
1044 4890 1154 4961 querela
1167 4893 1245 4948 robis
1256 4894 1302 4965 qui
1316 4894 1480 4962 credidistis,
1495 4884 1632 4963 affuimus,
1655 4895 1727 4952 sicut
1754 4895 1812 4952 sci-

1014 4975 1088 5044 «ris,
1112 4981 1226 5049 qualiter
1249 4999 1470 5056 unumquemque
1484 4984 1758 5057 restrum(tanquam
1766 5001 1814 5057 pa·

1014 5072 1083 5120 «ter
1096 5065 1166 5123 tilios
1190 5071 1266 5141 suos)
1285 5071 1463 5143 deprecantes
1485 5088 1554 5140 vos,
1579 5081 1606 5129 et
1626 5072 1810 5142 consolantes,

1016 5171 1027 5202 ι
1047 5154 1180 5211 testificati
1199 5168 1346 5228 samosat
1368 5160 1544 5217 ambularetis
1571 5161 1741 5234 dignantia,
1766 5162 1813 5235 qui

1014 5266 1025 5300 r
1042 5246 1147 5303 vocarit
1161 5262 1211 5302 vos
1228 5248 1257 5301 in
1279 5264 1358 5304 suum
1379 5265 1494 5323 regnum
1509 5257 1535 5306 et
1563 5249 1691 5323 gloriam.
1703 5251 1770 5308 Ideo
1785 5258 1813 5308 et

1013 5359 1024 5384 ι
1042 5351 1093 5391 nos
1108 5337 1210 5409 gratias
1224 5335 1332 5408 aginam
1350 5339 1409 5394 Deo
1429 5338 1487 5396 sine
1506 5338 1719 5407 intermissione,
1742 5353 1812 5412 quo-

1013 5424 1127 5490 ·niam,
1153 5439 1216 5481 curn
1240 5426 1416 5498 accepissetis
1431 5442 1448 5483 a
1463 5427 1542 5483 nobis
1563 5427 1679 5483 verbum
1702 5427 1812 5484 auditus

1013 5511 1103 5582 «bei,
1119 5512 1264 5584 accepistis
1285 5513 1362 5586 illud,
1386 5530 1441 5573 non
1463 5523 1493 5572 ut
1519 5515 1635 5574 verbum
1657 5515 1810 5584 hominem,
