3742 5986
104 223 157 279 099
524 217 697 277 outoonts
716 219 728 274 Ι
747 216 953 275 CARTHUSIAE
971 216 1120 276 hittonis
1138 217 1277 276 rittottts
1295 219 1331 275 V.
1704 220 1757 274 too

102 345 201 402 exinde
214 345 334 402 inchoat.
350 345 391 401 dd
401 344 488 401 lectos
502 352 592 399 autem
603 350 665 415 post
677 340 834 408 matutinas,
846 339 920 396 nullo
934 340 1039 397 reditur
1048 349 1179 414 tempore.
1195 344 1218 400 Α
1231 342 1369 414 predictis
1383 342 1515 400 Kalendis
1528 341 1655 399 similiter
1668 358 1757 415 usqne

103 442 137 498 ad
152 444 258 499 Pascha
271 443 386 514 primam
402 442 447 497 lux
461 441 588 507 inchoat,
614 440 712 496 exinde
726 438 791 494 solis
806 445 881 495 ortus
896 445 1045 510 exspectat,
1061 440 1182 510 exceptis
1197 447 1299 495 tantum
1313 441 1410 496 diebus
1425 440 1601 512 solemnibus,
1619 438 1757 512 usquead

103 540 240 596 Kalendas
253 540 427 606 Novembris,
443 540 471 595 in
486 539 584 611 quibus
598 537 719 609 reliquos
745 535 805 591 dies
827 535 949 592 imitatur
961 536 1072 593 astatis.
1089 536 1143 592 Sed
1167 544 1194 592 et
1214 537 1242 591 in
1257 536 1473 612 Quadragesima
1489 538 1585 594 diebus
1598 537 1695 593 itidem
1711 552 1758 591 so-

101 636 248 706 lemnibus,
262 647 291 695 nt
307 640 408 695 diutius
423 638 538 694 orationi
552 637 645 693 vacari
659 636 756 708 possit,
768 652 839 707 pene
854 633 989 704 usquead
1003 640 1092 689 ortum
1107 632 1233 689 differtur
1246 635 1321 690 solis.
1331 635 1441 692 Caeteris
1452 651 1518 691 vero
1531 634 1639 704 diebus,
1656 633 1758 706 quibus

103 745 211 793 tenetur
225 737 371 809 capitulum
385 752 402 792 a
415 735 544 792 Kalendis
558 733 715 791 novembris
729 749 816 806 usque
839 732 874 788 ad
898 731 1154 804 Quadragesimam,
1179 733 1267 788 donec
1282 732 1368 803 possit
1380 733 1408 788 in
1422 732 1493 788 libro
1507 732 1573 806 legi,
1588 730 1753 804 protelatur.

103 834 163 904 Qua
177 843 268 892 antem
283 837 349 891 hora
364 835 496 906 apascha
510 849 595 906 usque
610 833 644 887 ad
660 831 798 888 Kalendas
814 828 943 886 Octobris
958 828 1054 900 prima,
1080 830 1177 884 eadem
1200 845 1217 884 a
1232 830 1362 886 Kalendis
1376 828 1503 886 Octobris
1518 845 1606 901 usque
1629 829 1662 884 ad
1688 827 1759 898 Qua·

102 932 258 1006 dragesima
268 932 346 987 tertia
356 930 489 1003 pulsatur,
506 930 564 986 sole
584 929 689 986 scilicet
702 928 753 1002 [ul.
768 926 905 1000 videlicet]
928 941 1051 982 summos
1061 926 1209 982 irradiante
1223 935 1339 984 montes.
1352 927 1475 998 Spatium
1486 935 1576 982 antem
1586 925 1630 982 vel
1640 941 1658 980 a
1667 925 1757 998 prima

102 1030 238 1100 usquead
253 1029 360 1085 tertiam
384 1027 482 1084 hiemis
497 1036 641 1100 tempore,
664 1027 708 1082 vel
723 1041 740 1081 a
755 1024 893 1081 matutinis
908 1040 995 1097 usque
1010 1024 1046 1080 ad
1059 1024 1176 1097 primam
1189 1033 1304 1093 aestate,
1325 1025 1459 1082 exercitiis
1474 1024 1660 1095 spiritualibus
1674 1039 1747 1080 man·

103 1125 217 1196 cipatur.
239 1127 261 1181 d
282 1124 361 1180 tertia
386 1139 452 1182 vero
475 1140 564 1196 usque
579 1124 614 1179 ad
629 1130 733 1179 sextam
749 1122 847 1189 bieme,
874 1129 900 1177 et
923 1136 939 1176 a
960 1121 1046 1193 prima
1061 1139 1148 1195 usque
1169 1123 1204 1180 ad
1223 1124 1331 1179 tertiam
1345 1132 1447 1194 aestate,
1462 1140 1591 1179 manuum
1605 1124 1739 1196 deputatu

103 1223 241 1294 operibus,
257 1239 318 1294 quae
333 1229 426 1278 tamen
440 1238 522 1294 opera
535 1221 664 1277 brevibus
678 1219 803 1277 volumus
817 1218 985 1277 orationibus
999 1219 1170 1291 interrumpi,
1193 1228 1221 1276 et
1243 1237 1297 1294 qua
1313 1221 1365 1276 sibi
1379 1220 1514 1278 vicinitate
1528 1221 1555 1276 in
1569 1221 1660 1277 hieme
1676 1229 1755 1277 sexta

103 1324 234 1387 etnam,
251 1317 345 1375 malem
360 1317 388 1372 in
405 1325 499 1373 aestate
513 1317 592 1372 tertia
606 1325 736 1389 sextaque
751 1316 925 1372 conveniunt.
940 1316 999 1373 'lali
1012 1323 1101 1372 autem
1115 1317 1185 1374 inter
1206 1335 1237 1373 se
1252 1319 1338 1390 spatio
1353 1326 1532 1391 separantur,
1549 1334 1603 1390 quo
1617 1319 1755 1392 regularis

102 1412 231 1487 longius,
254 1415 338 1486 quieti
353 1414 496 1486 deputatur
511 1420 615 1470 aestate.
640 1414 673 1469 Et
695 1413 767 1485 qnod
781 1429 881 1468 nonam
904 1429 1092 1488 vesperasque
1115 1410 1287 1473 distemninat
1310 1417 1359 1490 [oi.
1384 1418 1567 1490 determinati,
1583 1417 1757 1472 manualibus

103 1518 251 1583 occupatur
265 1510 404 1582 operibus,
421 1527 585 1583 semperque
599 1511 626 1567 in
641 1510 778 1582 operando
792 1509 827 1565 ad
836 1510 935 1568 breves
949 1518 976 1567 et
990 1511 1067 1584 quasi
1078 1512 1214 1582 laculmas
1224 1513 1288 1571 licet
1302 1515 1440 1572 orationes
1455 1530 1605 1571 recurrere.
1622 1515 1645 1570 t
1660 1529 1759 1587 vespe·

103 1607 142 1663 ris
156 1625 242 1682 usque
256 1609 291 1665 ad
305 1610 513 1684 completorium
529 1608 693 1682 spiritalibus
708 1623 792 1680 opera
815 1608 904 1664 datur.

788 1747 1077 1806 COMMENTARIUS.

108 1865 269 1922 matutinam
302 1861 467 1919 credendum
493 1869 544 1917 est.
574 1861 603 1916 Si
631 1876 698 1934 ergo
726 1865 943 1934 supputenturA
959 1864 1067 1920 citiores
1089 1863 1125 1919 ad
1147 1862 1263 1934 primam
1277 1863 1417 1935 pulsatur,
1434 1864 1506 1936 quod
1521 1863 1562 1921 sic
1575 1865 1762 1922 observabant

108 1956 182 2011 horae
203 1954 302 2027 quibus
326 1951 440 2007 durabat
463 1950 583 2006 divinum
598 1949 716 2005 officium
735 1958 908 2022 noctumum‚
959 1960 986 2007 nt
1002 1961 1114 2025 possent
1125 1968 1189 2008 vere
1206 1952 1280 2006 etad
1299 1951 1415 2023 litteram
1430 1951 1530 2018 dicere,
1540 1955 1603 2010 tum
1616 1955 1761 2013 lueisorto

110 2042 247 2114 adjunctis
272 2040 372 2111 vigiliis
387 2039 441 2094 illis
453 2039 488 2094 de
502 2038 600 2110 quibus
615 2038 845 2109 supradiximus,
861 2056 909 2096 re-
959 2040 1060 2108 sidere,
1079 2041 1107 2096 in
1122 2040 1224 2113 hymno
1239 2039 1284 2112 qui
1299 2040 1420 2112 quotidie
1435 2040 1469 2095 ad
1482 2041 1599 2112 primam
1615 2042 1726 2099 dicitur.

107 2131 246 2204 periemus
270 2146 321 2201 per
335 2125 541 2199 experientiam,
557 2141 640 2198 quam
655 2126 737 2181 etiarn
751 2143 824 2184 nnnc
838 2126 908 2184 iaci·
995 2128 1063 2184 lbid.
1080 2130 1213 2201 Exceptis
1224 2132 1339 2185 tuntum
1354 2128 1450 2185 diebus
1460 2131 1641 2186 solemnibus.
1658 2131 1762 2187 Sensus

108 2235 180 2285 mus,
196 2224 312 2290 quatuor
327 2216 410 2271 horas
424 2214 548 2287 integras
562 2213 744 2269 communiter
758 2215 907 2283 numerari,
960 2224 1000 2272 est
1024 2216 1099 2288 quod
1114 2216 1173 2272 dies
1187 2217 1324 2272 solemnes
1339 2216 1412 2271 inter
1437 2216 1575 2274 Kalendas
1593 2217 1724 2275 Octobris
1738 2219 1764 2275 et

108 2321 169 2379 quae
193 2305 215 2361 si
237 2306 382 2360 demantur
404 2303 438 2358 ab
462 2301 589 2357 undecim
613 2301 721 2357 circiter
735 2301 823 2369 horis,
848 2319 910 2375 quae
959 2304 1123 2361 Novembris
1147 2314 1341 2374 occurrentes,
1366 2304 1448 2360 ritum
1469 2305 1576 2362 diemm
1598 2306 1762 2378 aestivalinm

107 2400 256 2450 excurrunt
279 2392 350 2447 inter
374 2390 493 2447 mediam
515 2389 623 2446 circiter
643 2395 706 2460 post
725 2399 830 2446 sextam
845 2407 909 2446 ves·
960 2401 1150 2464 sequerentur.

107 2482 245 2555 pertinum
262 2489 288 2536 et
303 2487 406 2537 sextam
424 2478 595 2545 matutinam,
612 2478 753 2534 restabant
763 2487 867 2550 septem
883 2488 909 2536 et
996 2481 1064 2536 lbid.
1080 2481 1133 2538 Sed
1144 2484 1214 2538 etin
1228 2481 1447 2552 Quadrupesimo
1457 2486 1491 2538 ut
1500 2483 1612 2541 diutius
1622 2485 1759 2551 orationi,

107 2570 180 2627 ultra
202 2571 292 2635 horae,
321 2585 382 2641 quaa
405 2567 562 2624 dormitioni
587 2566 690 2638 absque
712 2567 909 2639 interruptione
959 2578 1011 2625 etc.
1028 2570 1069 2624 Ex
1085 2569 1212 2627 hocloco
1227 2570 1407 2626 obstmuntnr
1425 2586 1472 2626 ora
1489 2586 1584 2626 eorum
1605 2571 1651 2644 qui
1667 2572 1761 2627 dicunt

107 2666 184 2714 erant
206 2659 352 2730 deputatae.
370 2656 424 2713 Sed
443 2656 470 2710 in
486 2655 671 2711 vetustissimo
693 2655 787 2712 codice
802 2656 909 2727 reperi·
959 2657 1204 2729 nullumapparerc
1215 2666 1322 2729 tempus
1331 2657 1469 2730 praefixum
1480 2659 1550 2730 apud
1561 2659 1758 2717 carthusianos

107 2764 168 2803 mus
182 2747 330 2817 scriptum,
358 2744 430 2816 quod
445 2744 520 2801 circa
535 2742 633 2798 festum
649 2742 776 2799 Omnium
793 2744 909 2799 Sancto·
958 2762 1007 2818 pro
1022 2746 1144 2808 oratione
1160 2746 1270 2801 mentali
1283 2766 1289 2813 ;
1306 2747 1404 2818 quibus
1413 2747 1534 2803 breviter
1548 2749 1758 2819 respondemus,

108 2852 167 2891 rum
192 2842 253 2891 octo
276 2835 352 2890 horae
366 2848 422 2888 non
445 2832 602 2902 interruptae
617 2831 773 2887 dormitioni
791 2832 908 2903 deputa·
959 2834 1039 2889 istam
1070 2835 1201 2905 temporis
1225 2851 1384 2906 expressam
1417 2836 1675 2892 determinationem
1707 2837 1761 2895 iera

108 2926 217 2981 bantur.
959 2921 1126 2993 superfluam
1149 2922 1236 2977 visam
1260 2921 1343 2978 fuisse
1357 2924 1389 2978 R.
1406 2923 1481 2978 Patri
1496 2923 1617 2997 Guigoni
1635 2932 1663 2980 et
1686 2924 1757 2992 aliis,

144 3012 206 3083 Quo
229 3020 353 3082 tempore
376 3008 489 3065 mutatio
509 3008 554 3064 illa
576 3008 645 3065 iacta
669 3008 703 3064 sit
726 3016 830 3065 certum
854 3025 910 3066 non
959 3010 1022 3083 qnia
1044 3010 1099 3067 vita
1123 3010 1186 3067 boni
1209 3010 1378 3066 carthusiani
1393 3020 1435 3067 est
1458 3012 1545 3067 oratio
1561 3012 1688 3068 mentalis
1703 3013 1758 3070 tere

107 3102 250 3169 habemus,
265 3117 346 3172 quam
362 3106 451 3154 tamen
466 3097 599 3154 ducentos
613 3113 699 3152 anuos
714 3098 758 3153 vix
777 3114 909 3169 superare
958 3099 1077 3168 assidua,
1093 3099 1218 3172 quamvis
1233 3115 1265 3154 ex
1281 3099 1332 3155 boc
1347 3098 1409 3154 loco
1424 3100 1599 3171 perspicuum
1614 3100 1668 3168 sit,
1684 3117 1760 3157 sem·

108 3190 260 3256 credimus,
278 3203 341 3244 cum
355 3188 389 3242 ad
403 3202 513 3242 manum
527 3186 677 3242 habeamus
692 3186 907 3258 manuscriptum
923 3204 1008 3281 Bper
1022 3187 1049 3241 in
1064 3186 1161 3244 ordine
1176 3195 1283 3258 tempus
1296 3186 1331 3242 ad
1346 3188 1399 3244 hoc
1412 3187 1485 3259 pium
1500 3188 1659 3245 exercitium
1674 3188 1759 3247 inisse

109 3278 243 3346 codicem,
255 3277 302 3348 qui
316 3292 372 3333 non
386 3276 454 3331 adeo
466 3281 587 3331 vetustus
602 3282 725 3346 apparet,
736 3275 783 3330 ubi
796 3275 831 3330 de
845 3274 910 3333 dor·
960 3275 1116 3348 specialiter
1129 3275 1308 3349 assignatum.

108 3367 220 3422 mitione
243 3364 341 3421 diuma
354 3365 551 3420 monachorum
571 3378 626 3418 non
640 3362 844 3418 interturbauda
858 3380 909 3435 per
994 3363 1062 3419 lbid.
1072 3363 1761 3439 Ceterisoerodiebusquibusteneturcopitalum.

108 3456 261 3512 discursum
285 3454 343 3510 sive
367 3451 600 3509 deambulationes
622 3451 650 3506 in
673 3451 793 3508 claustro
813 3466 909 3508 omnes
958 3453 988 3507 ld
1003 3461 1045 3509 est
1058 3452 1135 3508 festis
1150 3469 1211 3525 quae
1225 3452 1287 3508 ideo
1297 3453 1420 3526 capituti
1434 3469 1579 3520 vocamus,
1597 3454 1662 3525 quia
1677 3453 1706 3510 in
1720 3454 1760 3511 cis

107 3551 229 3599 astantes
246 3542 274 3598 in
298 3542 417 3614 capitulo
433 3539 555 3614 generali
575 3539 646 3595 inter
668 3538 718 3594 alia
733 3556 845 3596 monere
860 3555 909 3595 so·
958 3556 1068 3612 semper
1079 3541 1225 3612 capitulum
1236 3549 1353 3608 tenetur,
1366 3544 1458 3598 Donec
1467 3544 1556 3615 possit
1567 3543 1599 3597 in
1611 3542 1683 3599 libro
1695 3543 1758 3616 teqt,

107 3632 206 3689 lemus.
221 3632 325 3687 Eodem
341 3638 432 3686 autem
446 3637 569 3700 tempore
585 3644 639 3699 quo
660 3627 784 3683 ordinem
799 3627 908 3700 vigilia·
958 3629 1050 3685 idest
1075 3629 1148 3686 circa
1177 3643 1281 3685 sextam
1306 3630 1404 3685 horam
1421 3645 1427 3684 :
1444 3629 1517 3702 qnod
1541 3630 1632 3687 adhuc
1661 3631 1759 3687 eodem

108 3737 167 3776 mm
180 3719 326 3792 persomni
337 3716 538 3773 intercisionem
547 3723 678 3770 mutatum
691 3732 752 3771 esse
762 3715 907 3783 credimus,
958 3718 1071 3775 modoa
1094 3718 1174 3773 nobis
1189 3718 1365 3785 observatur,
1391 3725 1504 3789 excepto
1519 3717 1585 3774 solis
1600 3726 1663 3774 ortu
1679 3734 1762 3793 quem

108 3807 279 3865 dormitionis
302 3807 407 3862 diurnae
431 3802 658 3860 consuetudinem
677 3803 759 3859 etiam
783 3819 909 3860 cessasse
958 3813 1053 3861 aestate
1063 3807 1120 3875 jam
1143 3807 1220 3878 sequi
1235 3822 1289 3862 non
1304 3822 1451 3877 possumus
1474 3814 1587 3878 propter
1612 3808 1703 3863 somni
1719 3808 1763 3863 in-

108 3904 245 3969 putamus.
958 3895 1112 3951 troductam
1130 3894 1369 3965 interruptionem.
1397 3895 1501 3950 Eadem
1526 3895 1600 3950 enim
1622 3894 1680 3952 sere
1695 3896 1765 3952 horn

143 3983 201 4053 Qua
224 3981 327 4037 ratione
352 3979 464 4035 mutatio
486 3979 533 4035 illa
556 3978 728 4052 antiquarum
752 3979 909 4053 vigiliamm
959 3998 1014 4055 qua
1038 3983 1186 4056 surgebant
1209 3989 1302 4038 aestate
1325 3983 1428 4054 antiqui
1453 3984 1556 4051 Patres,
1580 3998 1632 4040 nos
1647 3991 1762 4040 stratum

46 4112 47 4116 ,
107 4074 136 4129 in
150 4070 317 4128 austeriores
331 4085 365 4125 ex
380 4067 555 4125 intercisione
568 4067 657 4122 somni
673 4067 744 4123 iacta
758 4067 802 4133 sit,
813 4067 908 4123 nullibi
958 4078 1020 4144 post
1035 4071 1188 4143 persolutae
1203 4071 1350 4127 matutinas
1364 4088 1437 4127 nunc
1456 4071 1617 4143 repetimus.

108 4161 238 4232 scriptum
249 4157 410 4229 reperimus,
423 4157 473 4212 sed
483 4155 644 4226 conjicimus
658 4156 685 4210 id
695 4154 797 4212 tactum
812 4155 906 4223 tuisse,
994 4160 1063 4214 lbid.
1079 4160 1138 4230 Quo
1148 4160 1322 4215 uutemboru
1333 4177 1350 4215 a
1361 4159 1470 4215 Pascha
1481 4159 1761 4234 usqueudliotendns

108 4257 147 4317 nt,
163 4249 226 4306 licet
241 4264 274 4304 ex
287 4247 339 4303 isto
354 4245 495 4302 dimidiato
510 4260 606 4301 somno
620 4252 719 4300 natura
733 4244 835 4318 aliquid
848 4260 909 4300 ma·
960 4247 1093 4314 Octobris,
1104 4255 1156 4303 etc.
1168 4248 1229 4304 Sole
1241 4247 1370 4304 uidelicet
1379 4264 1504 4305 summos
1515 4249 1763 4306 irradiantemon·

106 4338 173 4408 joris
198 4336 271 4392 taedii
292 4343 446 4406 pateretur,
470 4333 542 4390 vires
564 4341 655 4389 tamen
678 4333 761 4388 animi
787 4349 820 4389 er
853 4341 909 4388 tom
959 4341 1009 4392 tes.
1026 4335 1088 4392 Non
1103 4336 1205 4391 denno
1220 4343 1321 4390 tantum
1336 4345 1428 4392 monte
1443 4336 1573 4408 loquitur,
1591 4337 1640 4392 sed
1656 4337 1693 4393 de
1702 4337 1764 4409 plu-

108 4427 192 4499 longa
213 4423 394 4496 applicatione
412 4422 447 4478 ad
469 4422 597 4478 diurnum
612 4421 737 4488 officium,
763 4421 836 4495 quod
851 4421 908 4477 lere
960 4423 1045 4479 ribus.
1063 4425 1112 4478 Est
1126 4430 1218 4479 autem
1233 4439 1315 4495 rupes
1331 4423 1464 4479 altissima
1478 4431 1590 4489 vocata,
1613 4426 1642 4480 tu
1665 4426 1764 4498 points

108 4523 172 4570 tunc
195 4521 328 4569 nocturno
342 4517 517 4580 conjunctum
531 4518 605 4576 erat,
631 4526 686 4565 non
711 4510 792 4564 nimis
807 4509 908 4582 fatiga-
960 4511 1083 4577 duliidi,
1095 4527 1128 4567 ac
1149 4512 1171 4566 si
1182 4512 1332 4579 diceretur,
1349 4529 1417 4569 neus
1427 4513 1644 4569 meridionalem
1656 4515 1764 4569 tineam

110 4610 222 4670 rentur,
248 4609 275 4656 ct
298 4617 347 4672 per
368 4600 457 4656 somni
479 4598 714 4670 interpositionem
737 4598 854 4653 discrete
869 4597 909 4653 sic
923 4573 1126 4671 cderipnons,
1151 4599 1195 4655 cui
1219 4600 1310 4655 radios
1324 4598 1412 4672 infigit
1426 4600 1467 4656 sol
1483 4601 1573 4655 statim
1588 4608 1672 4673 atque
1686 4608 1764 4657 ortus

111 4699 244 4763 reparatae
258 4695 504 4756 conservarentur3
520 4687 636 4742 maxime
650 4702 712 4742 cnm
727 4692 822 4741 cantus
837 4685 907 4741 Gre-
958 4687 1041 4743 estin
1056 4687 1150 4744 aestivo
1165 4687 1297 4757 solstitio,
1312 4689 1394 4760 paulo
1408 4698 1470 4760 post
1484 4695 1624 4760 quartam,
1644 4690 1696 4745 sed
1712 4705 1762 4745 nn·

109 4780 238 4853 gorianus
258 4778 330 4850 apud
355 4794 405 4833 nos
426 4777 453 4831 in
476 4793 528 4832 usu
543 4782 617 4831 essct
630 4775 722 4845 (quem
738 4774 908 4845 temporibus
958 4784 1065 4848 tequam
1089 4784 1196 4832 montes
1221 4776 1261 4833 sic
1286 4777 1340 4832 sint
1363 4777 1486 4832 irradiati
1508 4778 1578 4832 bora
1600 4776 1697 4849 quinta
1710 4784 1761 4845 est,

107 4869 257 4941 primorum
280 4869 388 4922 Patrum
413 4865 562 4920 admissum
583 4863 667 4919 tuisse
691 4863 718 4916 in
742 4862 839 4918 ordine
853 4877 908 4918 non
957 4863 1553 4938 undeeolligimusquodaestateinterfinem
1565 4864 1764 4921 matutinarum

108 4956 268 5026 credimus),
285 4961 311 5011 et
325 4970 358 5010 eo
373 4961 454 5010 cantu
468 4951 550 5008 officii
576 4951 661 5007 divini
687 4951 830 5023 prolixitas
852 4966 908 5007 non
958 4960 985 5009 et
999 4952 1117 5025 primam
1131 4954 1176 5010 vix
1192 4969 1265 5025 saepe
1281 4955 1348 5009 hora
1363 4953 1562 5020 intercederet,
1579 4952 1623 5008 vel
1636 4953 1671 5008 ad
1685 4969 1764 5010 sum·

108 5043 284 5100 mediocriter
299 5050 376 5098 aucta
391 5040 497 5097 fuisset.
883 5103 887 5113 ,
960 5056 1035 5096 mum
1051 5041 1117 5096 hora
1132 5050 1158 5097 at
1177 5041 1278 5097 media.

144 5127 909 5202 Num.3.AproedictisKutendisprimominminebant.
997 5129 1065 5183 lbid.
1077 5130 1232 5187 Exercitiis
1241 5131 1449 5202 spiritualibus.
1460 5130 1532 5186 Eece
1542 5145 1675 5201 expresse
1686 5137 1766 5187 nota·

110 5219 177 5276 lude
191 5218 331 5291 colligitur
345 5219 417 5289 quod
431 5217 505 5273 brevi
521 5216 666 5272 intervallo
680 5224 743 5288 post
767 5216 911 5271 matutinas
961 5223 1017 5271 tum
1032 5226 1138 5289 tempus
1163 5218 1197 5274 ad
1221 5219 1371 5274 orationem
1386 5219 1530 5274 mentalem
1546 5226 1573 5273 ot
1588 5218 1704 5275 devotas
1719 5219 1764 5276 le·

108 5309 188 5375 tacto,
202 5308 246 5363 die
262 5306 341 5378 paulo
357 5305 473 5377 amplius
492 5305 653 5372 lucida,hac
673 5306 737 5360 anui
752 5314 838 5377 parta,
851 5304 912 5377 pul·
961 5307 1065 5362 ctioncs
1087 5307 1158 5377 apud
1183 5323 1233 5363 nos
1257 5323 1367 5379 semper
1380 5307 1518 5381 assignari
1542 5307 1662 5363 solitum.
1690 5308 1763 5364 Etsi

109 5407 216 5454 seretur
229 5396 264 5452 ad
278 5395 404 5467 primam.
417 5395 527 5451 Exinde
537 5397 605 5452 sotis
616 5399 695 5453 ortas
706 5397 868 5467 exspectnt.
881 5392 911 5448 ld
961 5395 1055 5466 plnres
1071 5397 1144 5452 horae
1159 5396 1275 5452 orationi
1289 5397 1401 5452 mentali
1415 5396 1607 5467 impendendae
1620 5397 1695 5467 apud
1714 5413 1766 5454 nos

110 5493 153 5542 est
166 5486 254 5541 altera
267 5484 331 5540 anni
352 5491 428 5556 parte
448 5499 464 5538 a
487 5483 591 5540 Pascha
612 5501 700 5557 usque
722 5483 757 5539 ad
773 5482 911 5539 Kalendas
961 5498 1016 5539 non
1031 5484 1222 5557 assignentur,
1239 5485 1395 5541 meminerit
1408 5485 1514 5552 lector,
1530 5484 1612 5540 vitam
1622 5484 1688 5540 boni
1698 5485 1766 5542 Car·

112 5573 254 5648 Octobris,
269 5572 422 5633 seeundum
437 5571 529 5636 vanos
543 5572 609 5634 solis
623 5580 697 5633 ortus
719 5571 853 5635 tardiores
866 5579 912 5628 aut
961 5571 1078 5632 thusinni
1106 5572 1207 5632 dictam
1232 5590 1247 5629 a
1274 5574 1353 5631 nobis
1379 5589 1462 5649 supra
1479 5572 1584 5643 fuisse,
1608 5571 1764 5634 oudonem
