3750 5984
75 150 128 206 ass
325 121 326 125 '
356 106 559 210 'nxmsum
586 151 625 208 nr
651 148 842 209 mvsroms
869 150 982 209 raum.
1006 181 1043 196 -
1065 153 1104 210 ns
1128 152 1242 213 arms.
1273 156 1322 214 sn
1347 157 1430 215 aas.
1674 160 1727 217 sss

80 261 254 351 «scientiam
276 280 398 331 nostram
422 275 456 330 ab
478 274 610 347 operibus
632 275 748 331 mortuis
762 275 798 331 ad
817 281 913 339 ser-A
928 276 1139 334 restituebantur
1152 279 1242 350 (ibid,
1260 280 1318 352 30).
1339 281 1415 350 Quod
1428 281 1631 339 tabernaculum
1641 282 1727 339 eonti-

81 383 93 414 e
111 363 240 420 siendum
254 364 312 419 Deo
326 362 437 420 viventi.
453 364 488 418 Et
501 363 564 419 ideo
579 363 805 420 novitestamenti
818 379 878 419 me·
928 381 997 420 nens
1011 367 1070 422 haec
1084 368 1320 426 dicitur390
1335 370 1450 426 Sancta.
1467 371 1533 426 Erat
1547 377 1638 427 autem
1653 379 1727 427 extra

84 474 95 499 ι
117 451 207 508 diator
220 460 271 520 est,
286 459 316 506 ut
330 460 420 508 morte
429 451 613 509 intercedente
624 450 879 523 inredemptionem
900 507 902 510 Α
929 453 981 509 hoo
991 454 1193 511 tabernaculum
1202 457 1286 513 altare
1296 458 1348 513 sub
1356 459 1518 530 dico,super
1528 459 1729 532 quodimmola-

83 560 95 590 r
112 555 208 596 earum
222 539 475 611 praevaricationum
491 556 552 612 qum
566 547 643 596 erant
657 539 708 595 sub
723 540 812 611 priore
827 547 880 595 tes·
929 541 1029 597 bantur
1043 543 1179 599 animalia.
1198 546 1263 601 Post
1272 545 1455 602 velamentum
1465 555 1555 603 autern
1562 556 1619 604 erat
1627 563 1726 605 secuu-

83 648 95 678 r
112 636 232 684 lamento
246 628 488 699 repromissionem
502 628 638 699 accipiant
652 627 698 700 qui
714 627 802 684 voeati
817 635 879 682 sunt
929 629 992 684 dum
1005 629 1221 688 tabernaculum.
1236 633 1332 690 Velum
1343 634 1415 690 enim
1425 634 1612 707 interpositum
1627 635 1726 704 iuerat,

83 724 223 773 «aeternas
246 716 422 773 haereditatis.
442 716 495 774 Ubi
517 717 589 771 enim
613 724 804 772 testamentum
825 723 877 784 est,
929 718 1002 789 quod
1016 718 1092 790 prius
1107 719 1470 779 tabernaculumasecundo
1481 723 1634 794 separabat.
1649 723 1728 794 Quod

84 825 96 856 e
113 820 192 861 mors
207 820 321 861 neeesse
335 810 377 860 εει
390 804 540 862 intercedat
553 805 700 860 testatoris.
716 806 879 861 Testamen·
929 806 1079 862 secundum
1099 807 1301 864 tabernaculum
1320 809 1419 866 dicitur
1433 811 1530 868 Sancta
1544 816 1723 869 sanctorum.

85 900 172 949 «tum
186 893 259 949 enim
279 892 307 948 in
330 893 445 949 mortuis
466 891 654 949 confirmatum
677 900 727 948 est.
752 891 880 964 Alioquin
930 894 1086 950 Secundum
1111 895 1315 953 tabernaculum
1338 898 1400 954 dico
1424 900 1528 956 babens
1548 899 1728 958 thuribulum

86 1003 98 1033 ι
115 982 237 1038 nondum
259 981 340 1048 valet,
364 981 430 1036 dum
452 980 518 1037 vivit
541 981 587 1053 qui
606 988 719 1037 testatus
733 988 785 1036 est.
801 980 880 1037 Unde
930 997 1060 1051 ocream,
1076 989 1103 1037 et
1116 984 1219 1039 habens
1238 1001 1336 1042 arcem
1351 989 1526 1055 testamenti,
1543 986 1571 1043 id
1587 996 1627 1044 est
1641 988 1729 1044 conti·

85 1091 97 1118 ι
115 1086 166 1125 nec
180 1070 296 1141 primum
311 1068 421 1141 quidem
435 1068 495 1125 sine
508 1069 643 1142 sanguine
658 1067 813 1125 dedicatum
827 1075 878 1123 est.
930 1085 999 1124 nens
1013 1076 1214 1139 testamentum,
1231 1071 1258 1126 in
1273 1072 1386 1129 circuitu
1403 1078 1507 1132 tectam
1522 1092 1601 1132 auro.
1617 1076 1651 1132 Et
1665 1077 1728 1149 quia

83 1180 96 1205 a
114 1159 197 1214 Lecto
211 1157 284 1214 enim
298 1157 373 1213 omni
387 1156 515 1212 mandato
529 1156 599 1230 leqis
615 1171 631 1211 a
645 1158 738 1228 Moyse
753 1155 880 1212 universo
929 1157 1052 1213 exterius
1074 1157 1249 1215 circumtecta
1272 1168 1367 1231 posset
1381 1178 1442 1217 esse
1458 1178 1525 1219 auro
1540 1169 1567 1218 et
1585 1178 1641 1219 non
1655 1165 1727 1221 inte-

84 1269 96 1295 «
114 1245 226 1318 populo,
242 1244 383 1316 accipiens
406 1244 570 1318 sanguinem
583 1243 729 1299 vitulorum
745 1251 772 1300 et
786 1243 881 1299 hirco·
930 1245 998 1313 rius,
1012 1245 1074 1302 ideo
1088 1246 1163 1301 addit
1177 1255 1274 1303 tectam
1289 1264 1356 1304 auro
1371 1265 1408 1306 em
1423 1252 1502 1306 ommi
1512 1256 1597 1323 perte
1612 1260 1640 1307 et
1653 1252 1726 1309 intus

84 1356 96 1386 ι
112 1349 174 1389 rum
186 1350 248 1390 eum
263 1348 335 1406 aqua
350 1341 377 1389 et
391 1333 455 1387 lana
465 1333 593 1388 coccinea
608 1339 634 1389 et
644 1333 774 1404 hyssopo,
791 1332 880 1403 ipsum
930 1341 957 1388 et
971 1340 1048 1389 extra
1061 1352 1069 1401 ς
1084 1335 1116 1389 im
1134 1351 1189 1406 qua
1200 1351 1265 1391 arca
1275 1344 1333 1391 erat
1343 1353 1419 1393 cama
1428 1355 1526 1404 cerea,
1539 1339 1566 1394 id
1578 1347 1619 1395 est
1629 1356 1729 1413 gomor

83 1443 96 1473 ι
116 1437 224 1495 quoque
245 1421 344 1477 librum
368 1429 395 1477 et
417 1436 526 1477 omnem
543 1420 675 1492 populum
694 1421 819 1492 aspersit,
836 1420 880 1474 di·
930 1422 965 1477 de
979 1437 1045 1477 auro
1057 1421 1167 1490 iactum,
1186 1423 1291 1480 babens
1304 1441 1423 1493 mcccc,
1438 1434 1467 1481 ut
1482 1427 1638 1483 memoriter
1652 1436 1728 1485 tene·

83 1534 96 1559 a
114 1525 202 1567 cens:
219 1511 269 1566 llic
294 1509 406 1583 sanguis
429 1509 592 1577 testamenti,
608 1509 681 1581 quod
696 1507 831 1564 mandavit
846 1508 881 1564 ad
930 1517 991 1564 rent
1006 1524 1059 1581 quo
1074 1526 1145 1581 pane
1160 1512 1234 1567 Deus
1247 1521 1359 1582 paverat
1376 1528 1424 1569 eos
1438 1513 1466 1568 in
1480 1513 1601 1571 deserto.
1621 1517 1656 1571 Et
1670 1523 1728 1573 erat

84 1614 165 1655 «vos
187 1600 270 1654 Deus.
304 1598 391 1653 Etiam
415 1596 623 1654 tabernaculum
652 1604 677 1652 ει
701 1596 794 1652 omnia
815 1610 917 1688 vasaB
930 1596 958 1651 in
973 1597 1069 1653 eadem
1082 1614 1147 1654 arca
1170 1600 1248 1671 uirqc
1262 1601 1367 1666 Aaron,
1384 1617 1444 1673 quae
1459 1601 1628 1670 fronduerat,
1644 1603 1671 1659 id
1687 1611 1729 1660 est

81 1711 94 1736 ι
112 1686 253 1744 ministerii
283 1686 417 1759 sanguine
438 1685 562 1741 similiter
585 1685 713 1756 aspersit.
738 1686 772 1739 Et
790 1684 881 1740 omnia
930 1701 981 1755 per
995 1702 1074 1758 quam
1096 1686 1197 1742 electus
1220 1695 1263 1743 εει
1286 1688 1313 1743 in
1335 1691 1514 1757 sacerdotem,
1536 1695 1565 1748 et
1581 1699 1659 1747 erant
1672 1691 1727 1747 ibi-

83 1792 184 1848 «pene
207 1776 235 1830 in
259 1775 394 1847 sanguine
418 1774 568 1830 secuudum
589 1773 681 1847 legem
704 1773 878 1839 mundantur,
929 1773 992 1828 dem
1007 1774 1109 1830 tabule
1125 1778 1301 1842 testamenti,
1313 1776 1341 1831 in
1351 1777 1449 1849 quibus
1459 1778 1502 1833 lex
1513 1779 1615 1850 scripta
1627 1779 1686 1846 luit,
1698 1783 1727 1836 et

83 1887 95 1913 ε
113 1871 141 1921 ει
154 1865 214 1920 sine
228 1862 369 1936 sanguinis
390 1860 522 1918 effusione
541 1878 596 1918 non
620 1860 649 1917 lit
664 1861 802 1917 remissio.
822 1862 880 1917 Ne·
929 1878 1015 1933 super
1029 1877 1196 1918 samarcam
1211 1871 1288 1918 erant
1302 1864 1456 1936 cherubim,
1469 1865 1496 1920 id
1505 1874 1547 1921 est
1558 1867 1613 1922 duo
1623 1867 1726 1940 angeli.

84 1975 97 2000 a
114 1969 193 2009 cesse
208 1959 250 2008 est
270 1966 337 2024 ergo
360 1950 526 2022 exemplaria
544 1949 654 2023 quidem
673 1949 825 2005 coelestium
838 1949 881 2005 his
930 1949 1076 2005 Cherubim
1091 1949 1153 2006 dico
1175 1953 1282 2023 qlortae,
1308 1952 1335 2007 id
1356 1961 1398 2009 est
1412 1953 1531 2026 gloriose
1546 1954 1684 2021 decorata,
1701 1962 1729 2011 et

83 2063 96 2089 a
113 2040 257 2107 mundari;
277 2039 336 2110 ipsa
359 2047 449 2094 autem
474 2038 597 2095 cmlestia
611 2038 770 2094 melioribus
784 2036 881 2093 hostiis
930 2037 975 2091 illa
989 2037 1134 2093 Cherubim
1150 2039 1430 2097 erautobttmbrcartic
1439 2043 1668 2115 propitiatorem.
1681 2045 1731 2098 Ta·

84 2144 197 2201 «quarn
210 2128 280 2183 istis.
296 2128 358 2183 Nou
373 2126 447 2183 enirn
465 2127 494 2182 in
508 2125 670 2182 manufactis
685 2125 786 2182 sanctis
800 2126 881 2180 lesus
930 2125 995 2180 bula
1015 2134 1074 2181 erat
1096 2142 1178 2197 super
1200 2142 1294 2184 arcam
1323 2145 1384 2200 quae
1407 2129 1546 2185 dicebatur
1565 2131 1728 2202 propitiato·

84 2216 216 2272 «introiit
239 2215 407 2286 exemplaria
430 2229 567 2279 verorum,
593 2214 642 2269 sed
664 2214 693 2268 in
717 2213 806 2284 ipsum
821 2228 880 2269 coe-
931 2214 1010 2284 rium,
1026 2230 1059 2271 eo
1085 2215 1157 2287 quod
1179 2214 1250 2271 inter
1274 2216 1329 2271 duo
1349 2217 1491 2272 cherubim
1505 2235 1589 2290 super
1603 2219 1729 2275 eamdem

84 2327 96 2357 ι
113 2305 179 2372 lum,
196 2313 225 2361 ut
238 2312 368 2376 appareat
391 2319 464 2359 nunc
479 2303 564 2358 vultui
580 2303 630 2358 Dei
644 2318 694 2374 pro
710 2301 803 2357 nobis.
822 2302 881 2357 Ne·
931 2302 1052 2357 tabulam
1067 2301 1174 2359 confixa
1189 2318 1325 2374 apparere
1340 2304 1445 2360 solebat
1460 2306 1585 2378 angelus,
1604 2307 1672 2362 daus
1686 2306 1729 2362 di·

83 2416 95 2446 ι
109 2410 176 2466 que,
192 2400 221 2449 ut
235 2409 308 2464 saepe
327 2391 422 2449 offerat
443 2391 631 2462 semetipsum,
648 2389 881 2463 quemadmodum
930 2385 994 2441 vina
1008 2401 1151 2457 responsa.
1174 2387 1208 2442 Et
1223 2386 1250 2441 in
1272 2388 1324 2443 hoc
1345 2388 1467 2443 secundo
1481 2390 1655 2446 tabernaculo
1671 2397 1729 2446 erat

85 2506 97 2532 a
113 2480 234 2554 pontilex
257 2480 339 2536 intrat
359 2479 387 2535 in
411 2488 507 2536 sancta
530 2495 579 2550 per
602 2478 726 2551 singulos
751 2492 839 2534 annos
853 2477 881 2531 in
930 2474 1013 2529 altare
1028 2473 1147 2542 incensi;
1163 2474 1191 2528 in
1207 2475 1308 2545 templo
1323 2491 1390 2531 vero
1405 2485 1481 2532 eraut
1491 2477 1544 2532 duo
1556 2477 1729 2535 tabernacula

83 2593 96 2623 ι
114 2570 248 2643 sanguine
262 2568 362 2624 alieno.
378 2567 506 2640 Alioquin
521 2567 665 2638 oportebat
680 2583 741 2622 eum
757 2565 883 2637 irequen·
931 2577 991 2633 quse
1005 2562 1095 2617 selum
1119 2561 1304 2633 interpositum
1326 2562 1475 2620 dividebat.
1500 2564 1566 2620 Erat
1587 2565 1616 2620 in
1638 2567 1728 2638 primo

83 2665 154 2715 «ter
172 2657 229 2729 pavi
251 2656 285 2712 ab
309 2656 417 2725 origine
431 2655 536 2710 mundi,
552 2656 632 2711 Nunc
646 2662 737 2710 autem
753 2653 839 2709 semel
853 2652 882 2708 in
931 2647 1105 2705 tabernaculo
1122 2650 1198 2720 juxta
1221 2649 1361 2706 introitum
1384 2667 1489 2719 mensa,
1513 2659 1541 2708 et
1563 2670 1645 2725 super
1668 2670 1729 2710 eum

84 2745 349 2804 «consummatione
385 2744 567 2809 seculorum,
607 2742 641 2797 ad
678 2742 881 2798 destitutionem
931 2737 1076 2794 duodecim
1098 2753 1194 2809 panes,
1228 2746 1254 2794 et
1283 2754 1365 2810 super
1386 2739 1510 2812 singulos
1534 2756 1630 2797 eorum
1654 2743 1727 2799 thus.

85 2859 97 2885 e
114 2831 351 2909 [destructionem]
372 2831 477 2904 peccati
497 2847 548 2902 per
569 2830 685 2886 hostiam
700 2847 777 2886 suem
793 2845 881 2901 appa·
930 2826 998 2881 Erat
1012 2833 1039 2881 et
1059 2825 1252 2883 candelabrum
1277 2843 1309 2882 ex
1324 2843 1379 2882 una
1394 2844 1512 2901 quaque,
1534 2839 1610 2901 parte
1623 2830 1728 2888 habens

83 2947 96 2974 ι
114 2923 177 2979 ruit.
198 2924 232 2979 Et
253 2920 484 2994 quemadmodum
506 2926 634 2975 statutum
661 2927 704 2975 est
725 2918 882 2975 hominibus
931 2913 982 2968 tria
1010 2914 1121 2970 brachia
1149 2916 1240 2971 medio
1271 2915 1355 2987 stipiti
1379 2917 1552 2986 coherentia,
1577 2917 1604 2973 in
1628 2918 1728 2990 quibus

84 3011 202 3068 «semel
233 3010 314 3077 mori,
346 3017 408 3081 post
437 3009 488 3064 hoe
510 3015 602 3064 autem
621 3006 772 3078 judicium3
793 3007 833 3062 sio
855 2977 917 3063 etG
933 3002 1052 3058 brachiis
1072 3011 1148 3058 erant
1161 3002 1305 3074 sphaerulae
1320 3020 1328 3058 :
1344 3012 1406 3076 post
1420 3005 1570 3076 sphaerulas
1583 3005 1649 3077 lilia,
1665 3012 1728 3079 post

84 3123 96 3150 ι
114 3099 239 3157 Christus
254 3097 339 3154 semel
363 3096 471 3152 oblatus
495 3103 536 3152 est
559 3095 595 3151 ad
610 3096 758 3151 multorum
775 3096 882 3150 exhau·
932 3104 981 3146 eas
995 3090 1129 3162 scyphuli.

85 3186 212 3244 «rienda
229 3191 351 3258 peccata.
377 3184 504 3240 Secundo
528 3183 586 3238 sine
611 3190 724 3254 peceato
742 3181 883 3253 apparebit
967 3179 1088 3234 Primum
1117 3179 1207 3251 itaque
1237 3179 1441 3237 tabernaculum
1473 3181 1625 3238 Ecclesiam
1656 3181 1729 3241 iide-

84 3299 96 3325 α
115 3274 337 3347 exspectantibus
351 3289 381 3330 se
395 3273 424 3328 in
439 3272 553 3327 salutem
568 3287 617 3343 per
631 3268 712 3326 fidem
730 3270 818 3343 [deest
832 3285 884 3341 per
931 3267 998 3321 lium
1012 3283 1073 3338 quae
1095 3267 1123 3323 in
1145 3268 1247 3323 mundo
1260 3276 1303 3323 εει
1325 3268 1472 3341 significat,
1499 3270 1527 3325 in
1543 3287 1597 3344 qua
1611 3271 1729 3330 ministri

86 3386 99 3414 „
117 3362 220 3437 fidem1,
239 3386 251 3413 „
932 3354 1064 3410 Ecclesiae
1084 3355 1221 3411 orationes
1242 3372 1348 3428 quaque
1376 3357 1421 3413 die
1444 3357 1562 3414 offerunt
1586 3368 1613 3416 et
1639 3361 1728 3417 sacri-

403 3444 560 3486 mosmo·
932 3440 1003 3498 ficia.
1020 3443 1112 3498 biensa
1127 3450 1217 3499 autem
1242 3444 1269 3498 in
1292 3443 1393 3515 templo
1411 3445 1486 3515 juxta
1506 3454 1621 3517 portam,
1638 3449 1730 3520 Scrip-
1778 3447 1789 3473 ’

122 3539 176 3596 Sed
188 3538 253 3596 licet
266 3537 341 3610 prius
362 3545 552 3594 testamentum
575 3535 610 3590 sit
623 3549 711 3605 prope
726 3532 881 3597 interitum;
933 3539 991 3586 tura
1018 3530 1110 3605 divina
1140 3531 1310 3605 intelligitur,
1345 3548 1407 3604 quae
1436 3549 1487 3604 per
1511 3533 1592 3591 iidem
1620 3536 1729 3592 intran-

83 3636 176 3685 tamen
192 3629 290 3685 babuit
304 3628 416 3700 quidem
426 3625 507 3681 etiam
521 3625 602 3698 prices
617 3628 809 3678 testamentum
824 3623 884 3691 jus·
933 3619 1005 3673 tibus
1019 3619 1171 3674 Ecclesiam
1192 3634 1243 3691 pro
1262 3635 1354 3676 eorum
1379 3621 1528 3692 capacitate
1549 3621 1729 3680 ministratur.

85 3700 258 3787 tifieettottes
271 3731 327 3771 non
342 3696 430 3781 veras,
448 3713 496 3768 sed
510 3728 561 3784 pro
577 3711 659 3767 modo
674 3711 800 3767 ccltcroe
814 3724 881 3775 suae,
932 3707 1021 3762 Panes
1035 3723 1102 3762 vero
1116 3707 1259 3763 duodecim
1279 3715 1341 3763 sunt
1355 3709 1499 3765 duodecim
1515 3710 1641 3780 apostoli,
1658 3726 1730 3784 quo·

84 3806 111 3861 id
127 3811 169 3862 est
183 3804 319 3870 carnales,
344 3803 408 3876 quia
429 3801 544 3859 carnalis
559 3807 618 3855 erat
632 3799 731 3865 cultus,
747 3803 776 3854 et
790 3796 883 3852 habuit
932 3811 992 3849 rum
1015 3795 1138 3851 doctrina
1161 3794 1255 3852 lideles
1278 3794 1307 3850 in
1329 3796 1453 3853 Ecclesia
1474 3795 1644 3854 reficiuntur.
1672 3800 1731 3857 lioc

84 3897 218 3951 sanctam
231 3907 285 3948 non
301 3890 431 3963 spiritale,
449 3889 497 3945 sed
511 3889 657 3957 recalere,
669 3886 734 3959 quia
743 3886 778 3940 ab
792 3884 884 3940 homi·
932 3891 1021 3938 autem
1034 3883 1107 3956 quod
1123 3884 1334 3955 superveniente
1348 3884 1438 3957 aliqua
1452 3886 1615 3943 necessitate
1630 3886 1729 3960 aliquis

85 3982 167 4038 nibus
189 3981 298 4052 quidem
322 3979 467 4050 putabatur
488 3976 526 4031 ibi
545 3974 685 4041 sanctitas,
710 3990 771 4045 quae
793 3980 884 4028 tumen
932 3970 967 4026 de
979 3972 1093 4042 panibus
1117 3971 1282 4040 sumebatur,
1303 3980 1330 4027 et
1353 3971 1423 4027 alius
1443 3973 1657 4030 substituebatur
1669 3975 1731 4033 loco

86 4087 141 4127 nou
156 4077 224 4140 erat,
240 4077 266 4124 ει
279 4070 332 4125 hoc
346 4067 452 4139 probat.
465 4067 536 4120 llere
547 4063 622 4136 prius
630 4069 822 4119 testamentum
835 4060 885 4115 ha·
933 4058 1015 4126 illius,
1031 4059 1135 4117 seilicet
1149 4059 1285 4132 significat
1296 4061 1378 4134 quod,
1390 4061 1480 4134 aliquo
1494 4062 1679 4133 apostolorum
1686 4063 1731 4121 vel

86 4159 144 4214 buit
159 4165 293 4224 sanctum,
317 4172 381 4212 nam
396 4152 602 4209 tabernaculum
616 4151 735 4223 primum
751 4149 842 4205 habuit
857 4155 884 4204 et
933 4162 1045 4202 suorum
1067 4163 1255 4204 successorum
1279 4149 1314 4205 de
1338 4149 1440 4205 mundo
1462 4149 1564 4216 ablato,
1590 4150 1660 4206 alius
1683 4150 1729 4223 qui
1768 4220 1770 4223 Ι

86 4247 245 4303 seeundum.
257 4244 336 4315 Quod
346 4244 384 4300 ita
392 4244 430 4298 ait
446 4259 452 4297 z
469 4244 587 4298 Fretum
597 4240 775 4312 estprimum
789 4238 883 4293 tober—
933 4237 992 4305 ejus
1006 4235 1065 4291 viee
1089 4235 1224 4308 iungatur,
1250 4237 1311 4292 loco
1335 4236 1407 4291 illius
1431 4237 1557 4292 substitui
1569 4237 1660 4294 debet.
1677 4237 1730 4308 Qui

86 4336 277 4401 mentumis
290 4349 343 4407 qco
355 4331 445 4403 primo
455 4333 538 4387 ercmt
548 4325 811 4385 condelectembicet
821 4324 883 4395 plu·
897 4327 1018 4396 Dpanes
1041 4340 1137 4379 omnes
1160 4324 1188 4378 in
1211 4324 1329 4380 Sabbato
1356 4325 1536 4381 absumuntur
1552 4343 1559 4380 ε
1575 4325 1636 4397 quia
1651 4334 1729 4397 post·

85 4424 179 4480 ruliter
191 4422 263 4479 dicat
286 4420 461 4485 caudelabra,
478 4433 561 4473 unum
575 4424 667 4472 tamen
682 4423 740 4471 erat
753 4413 884 4471 candela·
934 4426 1016 4484 quam
1036 4412 1070 4467 ad
1085 4428 1157 4468 verae
1172 4411 1268 4484 gloriae
1289 4412 1409 4484 requiem
1423 4413 1451 4468 in
1466 4413 1509 4469 die
1520 4413 1616 4482 judieii
1628 4429 1730 4487 perve-

86 4513 175 4579 brum,
195 4511 300 4567 habens
323 4508 421 4565 hastile
442 4506 470 4562 in
489 4504 590 4572 medio,
607 4504 635 4559 in
658 4518 712 4576 quo
728 4501 883 4558 inniteban-
933 4500 1032 4568 nietur,
1051 4501 1109 4571 jam
1142 4501 1246 4556 nullum
1279 4501 1401 4573 episcopi
1432 4500 1549 4558 officium
1570 4503 1615 4559 vel
1639 4502 1731 4560 eecle-

87 4609 132 4656 tur
146 4617 194 4657 sex
209 4597 332 4666 brachia,
349 4597 401 4652 tria
414 4612 430 4650 a
445 4595 555 4650 sinistra
570 4593 671 4664 (deod.
688 4606 759 4659 xxv,
775 4591 841 4662 32);
857 4597 885 4645 ει
935 4589 1050 4646 siasticae
1064 4604 1138 4646 ouras
1157 4590 1339 4646 exercebitur.
1364 4590 1397 4645 lli
1420 4606 1508 4662 panes
1531 4591 1566 4648 de
1580 4591 1670 4646 simila
1684 4591 1731 4646 di·

87 4696 144 4748 erat
159 4689 186 4743 in
202 4687 250 4743 illo
263 4683 439 4742 tabernaculo
453 4699 553 4739 mense
564 4681 654 4737 statim
664 4687 725 4752 post
734 4679 882 4746 introitum,
934 4685 1031 4736 cuntur
1063 4677 1158 4746 luisse,
1196 4678 1258 4751 quia
1290 4678 1318 4734 in
1350 4679 1482 4750 apostolis
1508 4679 1576 4734 nihil
1603 4680 1657 4734 nisi
1683 4679 1729 4733 in·

87 4783 116 4835 et
131 4793 212 4849 super
234 4776 306 4831 hanc
330 4789 452 4828 mensam
471 4778 527 4828 erat
546 4771 699 4844 propositio
720 4784 839 4841 pacem,
856 4766 884 4822 id
934 4767 1067 4824 nocentiae
1089 4766 1194 4839 puritas
1213 4776 1239 4822 et
1262 4766 1391 4823 virtutum
1419 4767 1550 4839 perfectio
1564 4766 1624 4834 iuit,
1641 4782 1730 4839 neque

87 4873 129 4923 est
143 4863 288 4921 duodecim
309 4877 395 4933 panes
415 4861 473 4916 Deo
494 4875 544 4931 per
559 4856 800 4914 sanctificationem
815 4871 884 4927 pro·
934 4855 962 4910 in
978 4870 1072 4911 eorum
1084 4855 1291 4912 successoribus
1306 4856 1388 4911 debet
1400 4872 1471 4911 esse.
1487 4856 1562 4911 Thus
1576 4862 1666 4911 autem
1681 4871 1731 4910 su-

88 4953 178 5027 positi,
203 4953 238 5008 de
260 4951 358 5023 quibus
378 4949 402 5004 si
425 4947 495 5004 lorte
517 4963 567 5018 per
578 4945 769 5002 necessitatem
786 4942 884 5015 aliquis
933 4943 1111 5014 perpositum,
1127 4943 1499 5015 cujusodorjuoundusest,
1515 4942 1734 4999 orationessunt

89 5043 278 5099 absumeretur
291 5039 347 5109 (hie
372 5037 443 5093 enim
468 5033 652 5091 sanctificatus
667 5033 746 5104 panis
760 5038 818 5088 erat
833 5046 884 5087 ne·
934 5047 1037 5099 eorum,
1054 5048 1114 5103 quae
1128 5032 1187 5087 Deo
1201 5032 1382 5103 acceptabiles
1399 5038 1470 5098 sunt,
1488 5038 1515 5087 et
1530 5030 1588 5086 suis
1602 5029 1733 5101 subiectis

88 5129 226 5187 cassarius
239 5128 273 5184 ad
296 5124 441 5196 sacrificia)
465 5129 576 5195 paratus
599 5128 656 5178 erat
669 5119 747 5192 panis
762 5119 886 5175 similiter
931 5119 1059 5189 jucundae
1073 5128 1100 5175 et
1114 5119 1203 5175 utiles.
1228 5120 1329 5176 Hostile
1352 5135 1418 5178 vero
1440 5119 1606 5190 candelabri,
1622 5120 1665 5176 cui
1680 5119 1734 5175 tria

88 5219 123 5275 de
137 5217 235 5284 simila,
252 5215 298 5288 qui
317 5214 408 5270 statim
429 5213 491 5269 loeo
514 5209 646 5282 assumpti
660 5208 884 5264 substituebatur.
934 5208 1047 5264 brachia
1068 5225 1101 5264 ex
1122 5209 1234 5264 dextera
1256 5217 1333 5280 parte
1347 5209 1518 5266 inherebant
1532 5217 1559 5264 ct
1573 5207 1685 5264 totidem
1700 5223 1734 5264 ex

88 5307 121 5362 lli
136 5315 227 5362 autern
251 5303 396 5361 duodecim
411 5317 497 5374 panes
512 5300 540 5355 in
555 5298 674 5354 Sabbata
689 5297 883 5368 ponebantur:
935 5297 1054 5364 sinistra,
1071 5296 1194 5353 Christus
1209 5305 1261 5365 est,
1277 5297 1320 5353 cui
1336 5297 1412 5370 quasi
1427 5296 1505 5353 firmo
1519 5296 1605 5369 stipiti
1619 5304 1675 5351 tam
1689 5310 1734 5352 ve

88 5395 186 5470 quibus
200 5394 228 5451 in
251 5393 378 5468 sequenti
398 5390 517 5448 Sabbata
541 5386 647 5457 ablatis,
670 5385 716 5442 alii
739 5383 886 5442 duodecim
935 5384 1001 5442 teris
1011 5386 1141 5446 Ecclesia
1155 5384 1250 5443 lideles
1260 5387 1579 5460 quamnovaeinhaerent,
1590 5392 1617 5443 et
1627 5385 1732 5442 hosto-
