3750 5984
81 197 134 250 aab
711 210 714 217 ’
763 201 1066 261 CONSUETUDINES.
1680 210 1733 264 686

118 320 145 372 5.
162 317 229 373 Cum
244 323 335 373 autem
351 325 457 389 tempus
471 337 525 394 quo
538 323 664 383 benedici
678 327 776 384 debeat
790 325 925 391 institerit,
945 325 968 379 si
990 325 1138 397 probabilis
1162 327 1321 399 apparuerit
1346 328 1415 383 etin
1438 330 1554 401 petendo
1574 330 1733 388 misericor-

83 415 158 470 diam
173 414 285 470 sedulus
300 414 390 481 tueris,
407 417 465 473 dies
480 419 583 493 eiquo,
600 423 623 478 si
637 423 863 496 perseveraverit,
880 423 908 477 in
923 430 1009 478 toturn
1024 423 1125 494 suscipi
1136 424 1234 479 debeat
1244 433 1335 480 certus
1354 427 1540 482 constituetur.
1557 429 1587 483 ln
1603 446 1656 501 quo
1672 446 1734 485 curn

82 513 111 569 in
127 513 245 585 capitulo
262 512 356 570 itidem
371 515 588 575 misericordiam
604 522 743 578 humiliter
755 520 946 594 postulaverit,
961 521 1076 577 facultas
1091 523 1115 577 ei
1126 539 1173 578 seu
1184 523 1330 580 recedendi
1341 525 1364 578 si
1377 524 1500 592 voluerit,
1517 543 1565 582 seu
1580 543 1630 583 sua
1644 527 1735 583 omnia

85 609 222 681 quomodo
238 608 281 664 vel
298 611 396 682 quibus
409 612 552 683 placuerit,
568 616 750 673 distribuendi
763 617 850 673 libera
863 616 1005 674 tribuetur.
1021 617 1100 687 erod
1115 619 1138 674 si
1153 620 1370 690 perseveraverit
1383 620 1505 692 pulsans,
1521 631 1627 694 aptatus
1642 623 1668 679 ei
1682 623 1735 679 tri-

85 704 184 761 buetur
199 721 340 779 assensus,
357 715 384 764 et
395 716 458 767 tunc
473 711 516 768 vel
529 712 588 784 ipse
602 714 646 770 vel
660 713 739 780 alius,
755 714 779 769 si
794 714 915 772 scribere
931 716 1026 783 nescit,
1042 717 1150 773 hancei
1173 718 1372 790 professionem
1388 719 1499 776 scribet.

682 838 950 894 CAPITULUM
972 839 1117 894 XXlll.

770 935 910 1006 Professio
925 935 1039 991 Neritii.

123 1030 149 1082 t.
167 1050 178 1075 α
195 1026 256 1098 Ego
271 1027 354 1084 frater
368 1030 418 1086 itte
432 1031 558 1101 promitto
573 1031 755 1102 stabilitatem,
771 1040 798 1088 et
811 1031 1004 1101 obedientiam,
1022 1039 1049 1088 et
1062 1032 1268 1088 conversionem
1290 1049 1398 1089 morum
1417 1049 1550 1101 meorum,
1567 1050 1661 1091 coram
1675 1036 1734 1094 Deo

86 1133 113 1180 et
127 1124 229 1180 sanctis
244 1125 302 1195 ejus
315 1133 342 1181 et
356 1126 477 1198 reliquiis
491 1128 570 1185 istius
578 1130 674 1198 eremi,
690 1147 751 1203 quae
764 1138 921 1187 constructa
936 1137 977 1184 est
987 1130 1022 1184 ad
1032 1130 1164 1185 honorem
1173 1130 1224 1186 Dei
1239 1138 1265 1185 et
1278 1130 1363 1186 beate
1374 1146 1482 1203 semper
1498 1131 1616 1203 Virginis
1631 1131 1732 1200 ldariae,

86 1230 114 1278 et
128 1222 200 1278 beati
214 1223 327 1279 loannis
341 1224 478 1297 Baptistae,
494 1226 681 1299 inpraesentia
695 1228 788 1284 domni
802 1228 884 1285 itlius
896 1227 1007 1300 prioris.
1027 1250 1038 1276 n
1056 1235 1081 1287 ·l·

808 1375 1093 1434 COMMENTARIUS.

119 1488 201 1543 Num.
214 1491 243 1543 5.
262 1489 306 1546 Vel
316 1489 554 1548 atiassircribers
569 1491 673 1548 nescit.
688 1477 921 1564 ldiutelligen·A
936 1493 1043 1562 domus,
1065 1507 1127 1547 esse
1151 1498 1254 1547 tantum
1275 1492 1325 1547 snb
1342 1492 1394 1548 bac
1416 1492 1569 1550 conditione
1593 1494 1734 1569 emissam,

86 1576 152 1631 dum
168 1584 278 1632 estnon
293 1577 327 1632 de
343 1577 418 1632 totali
439 1578 577 1635 scribendi
591 1578 736 1650 imperitia,
759 1596 821 1634 narn
843 1579 888 1652 qui
938 1596 1036 1651 nempe
1049 1587 1079 1634 ut
1094 1595 1149 1635 non
1162 1577 1208 1635 liat
1223 1580 1335 1635 mutatio
1349 1579 1402 1636 loci
1425 1580 1529 1653 absque
1544 1597 1637 1652 causa,
1654 1598 1737 1656 quam

88 1664 208 1719 scribere
222 1664 355 1721 nescisset
371 1666 477 1736 ineptus
492 1667 527 1723 ad
551 1665 705 1723 clericatum
728 1667 833 1733 fuisset,
854 1667 888 1722 ad
938 1669 1006 1725 ordo
1018 1669 1118 1738 justam
1132 1667 1307 1738 judicaverit:
1321 1668 1387 1724 Inde
1402 1677 1504 1724 certum
1519 1678 1560 1724 est
1574 1671 1738 1726 monachum

87 1768 170 1824 quem
182 1752 237 1823 apti
252 1768 313 1808 esse
328 1752 465 1810 debebant
474 1771 569 1811 omnes
580 1756 626 1828 qui
638 1756 672 1811 ad
682 1763 780 1811 statum
791 1772 901 1827 mona·¹
939 1757 1157 1823 carthusianum,
1176 1756 1222 1828 qui
1236 1757 1340 1827 absque
1354 1757 1525 1825 necessitate,
1539 1765 1565 1813 et
1579 1750 1738 1829 ex'propria

87 1841 203 1896 chcmrn
216 1841 436 1912 admittebantur,
448 1851 529 1914 prout
542 1843 655 1899 inferius
669 1859 729 1915 cap.
741 1847 776 1900 75
791 1845 890 1916 proba·
938 1844 1085 1912 voluntate,
1102 1845 1159 1900 sive
1181 1845 1231 1899 sub
1257 1842 1324 1900 fictis
1347 1844 1529 1915 pratentibus,
1546 1845 1603 1902 sive
1617 1847 1737 1918 subrep-

88 1929 173 1996 bitur,
198 1929 300 1985 sedda
331 1930 468 2002 imperitia
500 1931 613 2002 pulchre
637 1932 785 1998 scribendi,
808 1940 889 2002 prout
938 1933 1003 1988 titiis
1018 1933 1107 1988 modis
1118 1932 1255 1989 licentiam
1279 1931 1392 1999 obtinet,
1416 1932 1461 1988 vel
1484 1933 1574 2003 potius
1595 1941 1738 2006 extorquet

88 2017 208 2073 seribere
222 2018 392 2074 docebantur
407 2018 493 2082 nostri
507 2020 542 2075 ad
556 2020 641 2076 libros
655 2021 887 2087 transcribendos,

88 2105 160 2162 sicut
173 2107 291 2161 babetur
305 2122 365 2178 cap.
381 2111 426 2175 28,
442 2124 470 2162 n.
486 2111 513 2166 2.

127 2196 209 2250 Porro
222 2203 308 2251 toturn
329 2195 478 2267 capitulum
500 2196 582 2265 istud,
605 2205 719 2269 excepta
733 2198 889 2255 conditione

86 2278 134 2333 illa
149 2294 232 2350 supra
246 2287 348 2346 notata,
365 2279 480 2335 relatum
494 2280 618 2336 invenies
641 2297 698 2338 sec.
717 2290 789 2354 part.
804 2283 888 2355 antiq.

89 2374 194 2435 statut,
211 2382 272 2438 cap.
287 2371 333 2436 23,
349 2384 397 2423 nn.
413 2371 439 2437 5,
456 2371 482 2436 t,
498 2371 620 2436 laerta,
636 2369 755 2441 itemque
769 2385 831 2439 cap.
842 2372 889 2436 at,

28 2456 31 2459 ’
89 2459 161 2511 n.l.

127 2544 193 2599 Car.
209 2544 310 2600 XXllf.
326 2575 361 2585 -
380 2545 462 2600 Num.
482 2549 508 2600 t.
531 2545 670 2600 Promitte
688 2545 888 2603 stabilitatem.

91 2632 201 2689 Omissa
216 2632 385 2690 discussione
404 2649 500 2690 eorum
514 2650 575 2705 quae
584 2633 686 2705 passim
701 2649 716 2688 a
729 2635 812 2690 variis
823 2636 890 2690 scri·

89 2721 216 2793 ptoribus
230 2722 302 2778 circa
317 2730 411 2778 votum
424 2721 577 2777 stabilitatis
601 2721 757 2789 dictasunt,
774 2739 808 2779 ea
827 2731 889 2778 tan-

938 2021 1049 2077 dcmum
1061 2020 1192 2086 mutandi,
1210 2035 1325 2090 peccare
1339 2028 1435 2075 contra
1455 2028 1547 2075 votum
1571 2020 1735 2078 stabilitatis.

974 2110 1038 2165 llaec
1053 2117 1142 2164 autem
1158 2108 1289 2163 stabilitas
1305 2108 1345 2164 sic
1358 2107 1496 2163 intellecta
1510 2115 1602 2164 nostro
1616 2109 1738 2165 instituto

940 2196 1093 2252 essentialis
1107 2205 1158 2263 est,
1170 2195 1232 2267 quia
1247 2195 1283 2250 ad
1297 2196 1359 2252 vitae
1374 2195 1502 2252 solitariae
1516 2196 1649 2253 rationem
1663 2204 1690 2253 et
1703 2196 1739 2252 ad

939 2285 1011 2340 illins
1026 2284 1133 2340 habitus
1147 2283 1327 2339 assumendos
1341 2298 1455 2339 neeesse
1473 2292 1524 2339 est.

976 2372 1077 2428 Primo.
1089 2372 1202 2443 Ingenio
1210 2372 1329 2426 humano
1339 2372 1373 2425 ad
1384 2371 1516 2427 novitates
1526 2372 1594 2428 mire
1603 2387 1739 2444 propenso

940 2461 1042 2516 aditum
1056 2460 1212 2526 occludere,
1225 2467 1251 2514 et
1264 2458 1417 2513 stabilitatis
1438 2459 1515 2530 praxi
1529 2460 1740 2531 propensionem

940 2548 1014 2604 illam
1030 2547 1193 2604 mortificare
1208 2555 1235 2602 et
1249 2546 1405 2618 subjugare,
1421 2555 1449 2602 ut
1464 2547 1504 2602 sie
1517 2547 1639 2603 addiscat
1653 2549 1741 2604 sensi·

941 2637 992 2691 bus
1007 2636 1041 2690 ab
1060 2635 1174 2705 objectis
1185 2635 1304 2690 externis
1311 2634 1367 2703 jam
1377 2635 1522 2691 abstractis
1530 2634 1650 2707 aliquam
1664 2636 1742 2691 habi·

941 2725 1040 2781 tualem
1056 2723 1271 2779 dissuetudinem
1289 2737 1447 2793 procurare,
1471 2739 1532 2794 quae
1554 2723 1666 2779 solitarii
1680 2724 1741 2780 ani·

88 2819 146 2865 turn
159 2808 330 2881 proferemus
345 2827 405 2881 quae
426 2811 498 2881 apud
518 2826 569 2865 nos
592 2809 665 2866 circa
691 2809 759 2866 illud
781 2821 835 2866 tum
857 2827 890 2866 ex
902 2827 928 2887 B
942 2829 1017 2867 mum
1032 2811 1149 2885 quietius
1164 2827 1248 2884 agere
1269 2811 1349 2866 sinat.
1408 2836 1413 2844 ·

91 2905 252 2954 statutorum
267 2905 372 2966 tenore,
389 2906 446 2954 turn
470 2915 503 2954 ex
523 2897 704 2969 capitulorum
727 2900 895 2972 generalium
981 2900 1116 2957 Secundo.
1133 2900 1185 2955 Per
1197 2897 1303 2953 firmam
1318 2906 1345 2954 et
1359 2898 1482 2954 stabilem
1496 2899 1524 2953 in
1534 2898 1652 2955 elaustro
1665 2915 1744 2957 man·

91 2985 319 3054 ordinationibus,
345 2993 401 3041 turn
434 2987 541 3042 demum
563 3001 596 3041 ex
618 2986 696 3056 praxi
719 2988 823 3042 ordinis
844 3004 895 3059 pro
945 2989 1049 3045 sionem
1064 3003 1170 3055 cavere,
1196 3003 1231 3043 ne
1251 2993 1289 3042 tot
1313 2986 1475 3058 importunis
1496 2987 1741 3058 phantasmatibus,

90 3082 169 3131 certo
183 3075 307 3130 habenda
322 3083 394 3130 sunt.
946 3094 979 3134 ex
993 3092 1085 3132 rerum
1099 3076 1255 3131 relictamm
1268 3075 1383 3145 objectis
1398 3075 1432 3130 de
1446 3090 1518 3131 novo
1538 3084 1656 3132 mentem
1671 3076 1744 3133 illius

128 3162 230 3219 Primo.
246 3164 299 3219 Per
313 3163 487 3220 stabilitatem
502 3165 575 3221 illam
587 3164 794 3238 recognoscitur
807 3165 897 3220 adha-
946 3182 980 3222 ex
994 3164 1140 3237 prasentia
1154 3163 1322 3230 ferientibus,
1335 3170 1402 3218 etex
1412 3163 1452 3219 rei
1466 3164 1585 3220 novitate
1599 3164 1745 3220 violentius
1827 3161 1830 3167 ’

91 3250 180 3307 sentia
194 3249 255 3319 fixa,
276 3259 302 3307 et
317 3252 517 3323 quodammodo
530 3253 725 3309 indissolubilis
740 3253 821 3307 statui
834 3268 897 3308 mo-
947 3270 1009 3309 sese
1023 3251 1249 3324 imprimentibus,
1265 3252 1363 3306 iterum
1374 3251 1481 3307 animus
1504 3253 1563 3322 ejus
1578 3252 1743 3310 vulneretur.

91 3339 201 3395 nastico
215 3340 431 3396 etearthusiano
446 3340 548 3411 debita,
565 3341 609 3398 cui
628 3341 779 3397 monachus
795 3339 898 3412 profes.
947 3341 1006 3411 Qua
1020 3341 1054 3396 de
1068 3355 1151 3396 causa
1164 3354 1219 3395 non
1234 3338 1324 3410 debet,
1340 3354 1392 3395 nec
1405 3338 1433 3394 in
1443 3339 1502 3396 solo
1516 3341 1639 3408 transitu,
1656 3356 1745 3398 saecu-

93 3428 200 3483 sionem
234 3428 371 3497 emittens,
395 3429 485 3484 sciens
513 3438 540 3486 et
563 3428 659 3486 volens
683 3444 785 3499 seper
806 3436 898 3484 votum
947 3431 1004 3486 lum
1015 3429 1110 3485 videre
1124 3428 1205 3484 velle.

93 3515 199 3587 alligat.
217 3516 252 3570 Et
264 3515 328 3571 inde
341 3517 432 3572 dicere
447 3534 501 3573 non
520 3518 675 3574 dubitamus
690 3518 840 3573 monachos
854 3515 899 3589 qui
984 3517 1058 3573 finis
1072 3531 1140 3587 ergo
1153 3515 1226 3570 illius
1240 3515 1394 3571 stabilitatis
1409 3515 1583 3584 subvertitur,
1603 3516 1669 3573 dum
1683 3532 1746 3574 mo·

94 3604 131 3659 ad
146 3604 333 3675 episcopatum
348 3613 490 3672 vocantur,
501 3621 555 3662 non
565 3621 648 3674 posse
658 3605 803 3662 ullomodo
818 3604 899 3661 eximi
949 3606 1053 3662 nachus
1068 3603 1265 3660 carthusianus
1288 3604 1463 3659 mutationem
1483 3603 1580 3659 domus
1603 3605 1705 3676 appetit
1720 3613 1748 3661 et

95 3692 130 3746 ab
145 3692 178 3747 iis
194 3692 377 3748 observantiis
391 3692 505 3749 instituti
527 3695 731 3761 carthusiensis,
756 3709 817 3765 quae
836 3708 899 3748 curn
949 3694 1062 3760 obtinet,
1078 3699 1183 3747 namet
1206 3691 1360 3763 appetendo
1383 3699 1473 3747 mente
1484 3692 1541 3761 jam
1554 3692 1583 3747 in
1597 3692 1747 3748 novitatum

93 3780 295 3852 episcopalibus
309 3781 410 3836 muniis
423 3791 537 3853 possunt
560 3782 739 3848 concordare,
765 3788 845 3853 prout
857 3788 900 3836 est
949 3781 1112 3838 tentationes
1126 3781 1219 3851 lapsus
1233 3786 1284 3848 est,
1300 3787 1327 3835 et
1340 3795 1390 3851 per
1407 3779 1536 3836 saeculum
1546 3764 1690 3836 imbulare
1703 3780 1748 3836 in·

93 3868 259 3924 abstinentia
273 3884 289 3923 a
303 3870 441 3939 carnibus,
459 3870 521 3942 quia
536 3887 585 3942 per
598 3879 691 3928 votum
705 3870 835 3925 emissum
849 3877 900 3924 sta-
950 3871 1052 3942 coepit;
1068 3879 1094 3925 et
1110 3869 1258 3925 obtinendo
1272 3868 1345 3939 quod
1367 3868 1516 3938 desiderat,
1533 3868 1696 3925 tentationes
1710 3868 1747 3923 il·

95 3956 208 4012 bilitatis
223 3957 366 4013 servandae
381 3957 409 4011 in
423 3959 574 4030 propositio
594 3957 790 4015 carthusiensis
813 3957 848 4012 ad
871 3957 900 4012 id
949 3959 991 4015 las
1005 3959 1039 4014 ad
1053 3965 1142 4014 actum
1156 3956 1275 4013 deducit.
1292 3956 1370 4014 Unde
1384 3964 1480 4012 natura
1490 3956 1526 4011 ad
1541 3957 1639 4013 cellam
1653 3965 1748 4028 postas

95 4045 263 4116 obligantur,
280 4052 309 4100 et
322 4045 454 4117 obligatio
467 4047 523 4103 voti
536 4046 663 4103 servandi
678 4054 719 4102 est
734 4047 767 4101 de
780 4046 840 4115 jure
855 4045 900 4100 di·
950 4063 1072 4118 reversa,
1088 4053 1115 4102 et
1129 4045 1289 4117 adprimum
1299 4044 1457 4115 privationis
1468 4045 1699 4112 statnmreducta,
1710 4044 1748 4100 ibi

93 4133 170 4189 vino.
187 4132 293 4202 Quibus
307 4142 398 4190 autem
410 4134 502 4190 causis
512 4150 581 4206 opus
592 4134 627 4190 sit
642 4134 677 4188 ad
687 4133 775 4191 valide
785 4134 933 4243 dispen-c
949 4134 1068 4208 litigare,
1092 4134 1148 4189 imo
1177 4149 1226 4204 per
1249 4132 1472 4203 imaginationum
1494 4133 1650 4189 collisiones
1670 4132 1748 4205 quasi

94 4222 212 4277 sandum
228 4221 255 4275 in
270 4237 299 4277 re
314 4238 375 4293 quae
389 4222 473 4278 divini
485 4223 555 4293 juris
570 4230 621 4290 est,
643 4222 775 4278 lectorem
789 4222 898 4277 remitto
947 4222 1039 4279 furere
1062 4222 1090 4276 in
1116 4222 1198 4276 istum
1219 4220 1415 4276 ambulatorem
1437 4220 1527 4276 denuo
1550 4220 1676 4288 inchoat,
1700 4220 1748 4292 qui

93 4310 130 4366 ad
145 4310 179 4365 D.
194 4310 335 4381 Thomam,
351 4311 475 4366 Toletum
490 4319 516 4367 et
531 4310 592 4366 illos
605 4310 813 4382 probatissimas
828 4310 897 4366 doc·
946 4311 1010 4367 ideo
1023 4311 1126 4380 justam
1141 4308 1169 4362 in
1184 4324 1214 4363 se
1227 4307 1410 4363 instabilitatis
1425 4324 1482 4364 snae
1502 4308 1659 4365 mercedem
1672 4308 1748 4365 reci·

94 4406 182 4455 tores.
948 4399 997 4471 pit.
1011 4399 1073 4454 Non
1087 4397 1186 4452 mirum
1201 4411 1269 4467 ergo
1282 4403 1324 4450 est
1339 4397 1362 4450 si
1377 4396 1405 4450 in
1423 4396 1598 4467 proverbium
1612 4396 1686 4469 apud
1695 4411 1747 4454 nos

132 4486 268 4543 Secundo.
285 4487 337 4542 Per
362 4487 535 4544 stabilitatem
557 4486 719 4560 intelligitur
732 4485 898 4542 adhaerentia
949 4503 1028 4559 versa
1042 4487 1095 4541 sint
1117 4485 1203 4541 verba
1226 4483 1271 4538 illa
1293 4483 1412 4540 auctoris
1425 4484 1497 4540 libri.
1522 4486 1560 4542 Da
1583 4487 1747 4542 imitatione

92 4575 167 4643 loco,
183 4575 212 4630 id
227 4584 269 4630 est
283 4576 386 4644 domui,
403 4576 460 4632 sive
475 4577 502 4632 in
517 4591 572 4647 qua
586 4575 784 4647 professionem
800 4589 898 4631 mona·
950 4572 1747 4646 Christi:Rarosaaatifraatar,quimattamperqriaaa·

95 4664 166 4720 chus
181 4663 284 4730 emittit,
302 4664 360 4719 sive
374 4664 408 4718 ad
423 4679 503 4736 quam
519 4680 569 4736 per
591 4663 775 4720 obedientiam
795 4661 898 4718 ordinis
949 4668 1007 4731 tar,
1023 4663 1086 4735 quie
1100 4662 1127 4717 id
1143 4677 1235 4718 vemm
1250 4675 1312 4716 esse
1326 4660 1493 4732 experientia
1516 4662 1631 4719 docente
1645 4661 1745 4718 didici-

94 4751 221 4807 mittitur.
250 4752 292 4807 td
315 4768 396 4825 quam
423 4751 596 4808 stabilitatem
621 4752 679 4808 sive
703 4751 899 4807 adhaerentiam
948 4768 1019 4818 xnus,
1034 4751 1062 4805 in
1076 4750 1119 4804 bis
1134 4750 1179 4820 qui
1190 4747 1262 4819 apud
1283 4764 1334 4804 nos
1356 4749 1483 4818 (subaudi
1506 4765 1538 4805 ex
1561 4750 1671 4821 propria
1694 4765 1746 4806 vc·

94 4856 148 4912 per
162 4847 254 4895 votum
268 4841 348 4895 etiam
365 4857 395 4896 se
406 4841 542 4912 astringit,
554 4849 583 4894 ut
594 4839 660 4896 satis
671 4840 697 4894 id
708 4840 826 4910 explicat
840 4839 899 4909 ipsa
948 4837 1062 4909 luntate)
1076 4838 1110 4892 de
1125 4837 1206 4892 domo
1221 4836 1249 4891 in
1272 4836 1383 4892 domum
1405 4852 1521 4908 pergere
1543 4836 1578 4892 ad
1600 4853 1676 4891 suam
1700 4837 1746 4892 in-

95 4936 208 4983 snnctus
225 4929 304 4983 Pater
318 4930 409 4984 ano
432 4928 493 4984 loco
520 4927 588 4982 infra
607 4926 726 4997 citando,
741 4934 767 4983 et
791 4935 848 4981 tum
865 4941 899 4981 ex
949 4927 1075 4982 stantiam
1089 4933 1221 4997 quaerunt.

95 5016 215 5087 antiquis
230 5018 329 5072 chartis
345 5017 546 5089 capitularibus,
570 5024 627 5071 tum
651 5033 684 5071 ex
707 5014 826 5086 antiquis
840 5022 899 5070 sta·
984 5014 1013 5070 Si
1024 5015 1123 5069 instent
1137 5013 1219 5084 aliqui
1248 5021 1275 5069 et
1297 5013 1386 5069 dicant
1410 5012 1554 5068 seminari
1578 5014 1651 5085 quod
1674 5014 1747 5087 apud

94 5105 162 5160 tutis
176 5105 300 5175 pervium
315 5114 366 5171 est,
382 5105 416 5159 ab
430 5107 485 5162 bac·
496 5104 679 5171 instabilitate,
695 5104 723 5159 id
737 5112 778 5158 est
792 5103 899 5175 pruritu
949 5119 999 5159 nos
1012 5102 1090 5174 qnasi
1105 5117 1156 5172 pro
1175 5101 1335 5157 criminibus
1355 5101 1506 5179 habeantur
1530 5103 1662 5173 quadarn,
1686 5119 1747 5175 quas

96 5201 144 5248 aut
158 5193 312 5264 importuna
334 5193 463 5264 petitione
484 5193 607 5248 mutandi
631 5194 752 5261 domum,
769 5189 899 5246 anostris
949 5192 977 5246 in
992 5191 1051 5245 aliis
1065 5189 1207 5245 ordinibus
1230 5190 1313 5245 vetuti
1332 5188 1406 5244 licita
1428 5198 1455 5244 et
1477 5189 1587 5246 innoxia
1607 5192 1746 5247 aestiman-

97 5279 898 5347 esacabstinendum,velutiarevotostabilitatisadverst,
949 5288 1001 5346 tur,
1025 5293 1058 5335 ac
1080 5277 1160 5334 facile
1185 5278 1393 5348 permittuntur;
1418 5277 1536 5335 breviter
1568 5278 1747 5349 respondebi-

95 5376 177 5441 prout
192 5370 248 5425 suis
262 5370 331 5426 locis
344 5369 451 5441 plenius
465 5369 632 5440 probabitur.
659 5367 713 5424 Sed
736 5373 838 5422 certum
859 5371 901 5420 est
949 5383 1010 5423 mus
1024 5367 1074 5438 eis,
1090 5375 1207 5422 statuum
1221 5366 1406 5423 diversitatem
1419 5365 1446 5420 in
1464 5367 1515 5423 hoc
1529 5383 1590 5423 esse
1604 5366 1748 5422 attenden·
1776 5386 1780 5391 ·

96 5474 133 5515 ex
147 5458 275 5515 continua
289 5458 367 5529 praxi
380 5457 496 5525 ordinis,
511 5474 573 5530 quae
587 5456 690 5529 optima
710 5455 804 5529 legum
818 5453 901 5509 iater-
949 5458 1022 5525 darn,
1039 5464 1065 5512 et
1079 5456 1149 5512 sicut
1161 5455 1188 5510 in
1203 5463 1274 5510 statu
1284 5453 1407 5511 seculari
1422 5453 1500 5525 plura
1510 5454 1675 5528 quibusdam
1685 5470 1747 5526 per·

96 5562 164 5619 pres
178 5554 229 5616 est,
245 5553 339 5603 votum
353 5545 421 5602 illud
434 5547 523 5618 quoad
536 5547 608 5602 banc
625 5552 732 5617 partem
744 5533 935 5601 mutationisl)
949 5540 1024 5597 sonis
1039 5539 1137 5596 nociva
1149 5554 1205 5595 non
1217 5545 1386 5610 reputantur,
1402 5554 1462 5609 que
1485 5538 1547 5594 aliis
1568 5537 1649 5596 valde
1668 5538 1746 5611 peri-
