3742 5986
56 151 62 159 ¹
115 141 167 197 ras
536 138 961 198 ou1oorusresaraus1n
985 137 1343 196 uatomsratotusv.
1673 112 1676 117 ’
1716 137 1768 194 aaa

113 277 202 337 puero
215 268 345 319 consueta
358 261 394 317 dc
411 262 545 318 memoria
568 263 695 333 perdere,
711 270 738 318 et
752 261 843 317 divina
856 263 947 323 nonA
964 260 1043 328 feria,
1059 261 1134 319 circa
1147 260 1322 334 gallicinium,
1337 260 1370 316 B.
1388 259 1478 332 lingo,
1493 257 1621 316 interseri
1636 257 1769 331 temporis

69 416 76 427 ¹
113 350 245 423 potuisse,
268 365 330 406 cum
352 348 381 405 id
402 350 493 420 potius
515 358 620 406 natura
642 351 686 407 vel
708 348 915 406 consuetudinis
963 349 1108 420 episcopos
1121 349 1254 421 operibus
1267 357 1295 404 et
1313 347 1385 403 fama
1400 346 1556 419 singularis,
1571 353 1671 418 pacata
1685 346 1768 403 domo

113 439 206 511 exigat
219 437 299 504 ratio,
315 445 345 493 ut
358 437 509 508 spiritualia
523 445 550 493 et
567 437 669 505 dimna,
686 445 814 509 manuam
829 435 914 492 subti-
962 445 989 492 et
1003 436 1108 492 cunctis
1123 435 1226 493 referta
1238 435 1328 505 honis,
1341 434 1489 492 commissa
1503 433 1584 490 etiam
1597 433 1726 490 Ecclesia
1736 448 1768 490 ac

111 526 183 583 liora
196 526 225 580 in
245 525 336 581 minus
359 533 477 592 assueta,
502 532 638 597 captuque
661 523 824 590 mfficitlora,
838 524 913 595 prius
962 522 1042 594 plebe
1057 523 1204 596 tranquilla
1217 538 1285 595 pace
1295 522 1411 589 fruente,
1421 521 1549 594 migrarit
1557 521 1591 577 ad
1606 521 1766 589 Dominum,

112 613 281 681 abscedant;
296 612 343 668 illa
355 626 431 678 vero,
447 619 540 684 utpote
554 611 731 668 familiariora
747 618 773 667 et
787 612 913 667 humanm
962 627 1150 668 successorem
1176 611 1351 667 substitutum
1378 610 1435 679 J'am
1467 609 1520 665 sibi
1541 608 1767 666 carthusiensem

113 699 263 756 infirmitati
278 699 313 755 ad
326 699 501 772 cogitandum
511 698 644 765 faciliora,
659 699 759 755 diutim
772 703 912 755 maneant.
960 697 1041 769 (sicut
1057 697 1103 753 diu
1117 697 1290 770 multumque
1299 696 1582 767 desideraueratante)
1593 696 1765 768 relinquens.

111 787 192 856 Quod
206 787 230 843 si
243 802 287 854 ea,
303 802 365 858 que
379 786 448 843 circa
458 795 568 843 sanctos
578 787 736 859 contingere
744 786 841 852 solent,
857 801 912 857 quo
961 783 1106 840 Servatum
1120 793 1161 841 est
1175 792 1267 840 autem
1282 800 1381 856 corpus
1396 784 1455 854 ejus
1477 783 1655 855 insepultum,
1679 799 1765 857 usquc

110 875 216 931 rariora
229 890 263 931 eo
278 882 341 930 sunt
361 874 444 930 etiam
462 873 639 941 mirabiliora,
664 874 784 946 quiden
797 872 911 929 mirabi-
961 872 996 927 ad
1022 871 1129 927 tertiam
1152 873 1293 945 sequentis
1327 871 1507 929 hebdomada
1526 870 1634 940 feriam,
1658 870 1765 928 serenis

109 961 174 1030 lius,
203 962 280 1031 cujus
307 975 356 1032 pro
398 962 441 1016 sui
477 962 598 1029 raritate,
640 976 692 1017 nec
714 961 742 1015 in
769 959 912 1032 scripturis
961 959 1059 1015 diebus
1074 968 1099 1016 et
1114 960 1221 1028 calidis,
1235 960 1274 1016 ita
1288 969 1317 1016 ut
1331 975 1412 1016 nemo
1435 959 1608 1016 desideraret
1631 966 1764 1026 estatem,

108 1050 205 1117 ullum,
234 1065 286 1105 nec
308 1049 336 1102 in
362 1048 489 1105 humanis
509 1048 593 1105 rebus
624 1056 713 1105 exstat
735 1048 913 1119 exemplum?
960 1047 1122 1103 mirantibus
1135 1047 1266 1119 plurimis,
1284 1047 1358 1120 quod
1380 1063 1431 1104 nec
1446 1046 1591 1104 clementia
1614 1046 1701 1117 aer-ia,
1716 1062 1765 1104 nec

107 1137 142 1193 Et
159 1136 270 1196 sentiat
303 1136 419 1208 quisque
447 1136 520 1209 quod
549 1136 616 1203 vult,
645 1136 725 1193 nobis
754 1144 843 1192 autent
871 1135 912 1192 vi·
959 1135 1158 1192 circumstantis
1180 1136 1339 1207 constipatae
1361 1135 1541 1192 multitudinis
1554 1141 1633 1201 astu,
1649 1149 1705 1191 nec
1718 1151 1764 1192 ce·

106 1224 188 1280 detur
200 1226 263 1295 (nec
279 1225 358 1280 aliter
383 1225 538 1295 peritiores,
563 1239 612 1280 eos
635 1224 755 1280 maxime
779 1225 825 1295 qui
838 1225 910 1294 phy·
960 1238 1072 1279 reorum
1085 1224 1177 1280 calore
1191 1223 1355 1282 tabesceret.
1369 1225 1413 1279 Ad
1433 1223 1512 1292 cujus
1526 1221 1703 1279 venerandas
1717 1239 1764 1279 ex·

106 1311 193 1368 sicam
229 1319 336 1377 norunt,
371 1327 500 1367 sensuros
538 1310 736 1381 existimamus)
772 1327 826 1367 non
859 1310 910 1366 mi·
959 1311 1070 1382 sequias
1089 1318 1146 1368 tres
1170 1319 1344 1367 accurremnt
1365 1310 1497 1384 episcopi,
1522 1309 1643 1379 Dieusis,
1659 1310 1765 1366 Grada

105 1415 157 1455 nus
179 1399 326 1472 singulare,
354 1398 488 1465 minusue,
513 1399 568 1454 imo
586 1397 657 1456 forte
681 1398 796 1469 amplius
825 1398 910 1454 fuisse
958 1398 1142 1469 nopolitsnus,
1167 1398 1346 1466 Camotinus3
1365 1398 1412 1471 qui
1432 1398 1598 1470 precedenti
1622 1398 1680 1465 die,
1704 1405 1764 1470 post

103 1486 237 1553 mirabile,
250 1485 322 1541 inter
335 1492 375 1541 tot
390 1493 499 1559 tamque
519 1486 662 1541 diuturnas
685 1494 712 1542 et
731 1486 845 1543 acerbas
859 1501 908 1542 ce·
959 1486 1119 1555 secundam,
1134 1501 1215 1558 quam
1231 1486 1256 1541 ei
1271 1486 1298 1542 in
1314 1486 1366 1542 bac
1377 1502 1425 1542 sua
1433 1486 1530 1542 ultima
1543 1485 1686 1542 debilitate
1699 1485 1763 1542 visi·

104 1572 178 1629 rehri
187 1572 342 1644 passiones,
365 1572 485 1630 diuinam
503 1573 690 1645 cognitionem
704 1581 785 1645 atque
799 1573 1091 1662 invoca-Btationem
1115 1573 1284 1641 exhibuerat,
1318 1573 1363 1630 vix
1386 1573 1496 1629 tandem
1520 1579 1700 1641 recesserat,
1722 1588 1763 1629 ro·

103 1660 206 1715 donem
224 1668 252 1716 et
274 1659 432 1732 religiosam
460 1675 515 1717 non
543 1660 696 1731 perdidisse
722 1660 906 1727 devotionem,
959 1675 1037 1732 gans,
1055 1668 1084 1716 ut
1099 1661 1123 1715 si
1148 1661 1224 1717 breui
1249 1659 1387 1731 deficeret,
1409 1668 1472 1733 post
1490 1676 1553 1717 eum
1580 1660 1670 1734 (quod
1684 1660 1762 1718 etia·

105 1761 189 1818 quam
198 1747 269 1803 inter
278 1747 386 1804 eculeos
395 1747 576 1820 ardentesque
588 1748 705 1803 laminas
719 1755 746 1803 et
759 1762 909 1804 succensas
957 1754 1029 1803 ctum
1044 1747 1097 1820 est)
1111 1749 1237 1819 protinus
1257 1748 1421 1804 mitteretur.

104 1835 249 1891 craticulas
272 1835 450 1907 insuperabili
471 1836 625 1892 constantia
655 1835 834 1892 Christianam
852 1850 907 1891 non
993 1837 1037 1890 sl.
1054 1835 1153 1891 Statim
1174 1851 1241 1892 uero
1255 1843 1284 1891 ut
1302 1836 1362 1905 ejus
1384 1835 1476 1892 obitus
1496 1834 1571 1891 fama
1593 1835 1760 1908 percrebuit,

102 1937 220 1994 negasse
234 1921 327 1977 fidem.
344 1922 385 1977 lbi
404 1922 487 1988 enim,
509 1922 583 1994 quod
596 1921 715 1988 infestat,
731 1922 849 1979 exterius
862 1930 907 1978 to·
957 1930 1145 1993 accurrerunt,
1161 1938 1216 1979 non
1232 1939 1265 1980 ea
1280 1939 1330 1980 suo
1353 1931 1455 1980 tantum
1478 1924 1652 1996 episcopatu,
1668 1924 1718 1981 sed
1731 1941 1761 1982 ea

101 2015 159 2065 tum
173 2009 324 2081 ingenitum
340 2010 384 2066 bic
399 2010 460 2080 ipsa
471 2011 585 2066 rationis
600 2010 779 2066 instrumenta
793 2010 907 2081 ipsaque
957 2011 1070 2066 remotis
1097 2024 1207 2083 quoque
1239 2011 1398 2082 regionibus
1421 2011 1637 2068 innumerabiles
1658 2011 1783 2084 populi,

57 2103 59 2108 '
101 2096 255 2154 diuinorum
270 2097 486 2154 ethumanorum
501 2114 641 2164 sensuum,
667 2097 746 2169 quasi
768 2098 908 2153 cellarium
957 2114 1052 2155 cereos
1080 2113 1112 2154 ac
1139 2099 1243 2155 diversi
1271 2100 1383 2172 generis
1417 2099 1569 2156 oblationes
1598 2098 1757 2157 afferentes.

103 2185 245 2251 memoria,
261 2184 427 2240 intrinsecus
440 2185 652 2256 impugnantnr;
668 2192 695 2240 et
714 2185 760 2257 qui
775 2185 815 2241 eis
830 2201 907 2254 prae·
958 2185 1054 2242 Omnis
1067 2192 1145 2253 aetas,
1171 2202 1253 2243 sexus
1274 2193 1356 2259 atque
1370 2186 1500 2243 ¹conditio
1521 2186 1702 2244 devotissime
1715 2201 1759 2244 cs·

102 2272 173 2327 sidet
186 2271 302 2341 anhnus,
318 2287 372 2327 non
385 2272 494 2328 aliunde
519 2287 572 2328 nec
594 2271 659 2328 alibi
680 2288 762 2343 quam
776 2287 809 2328 ea
825 2271 865 2326 eis
880 2277 907 2328 et
956 2273 1118 2329 culabantur
1144 2273 1229 2344 pedes
1248 2273 1317 2343 ejus,
1343 2273 1478 2329 intantum
1492 2280 1521 2329 ut
1535 2274 1663 2331 sandalia
1690 2275 1756 2346 ipsa,

103 2358 132 2415 in
145 2358 186 2414 eis
200 2358 299 2430 quihus
310 2359 399 2429 juvari
419 2359 561 2426 debuerat,
577 2359 749 2431 dignioribus
763 2359 866 2415 scilicet
880 2366 906 2415 et
956 2368 1085 2432 tanquam
1100 2360 1185 2417 tincta
1199 2359 1290 2432 pellis,
1304 2360 1391 2417 saliua
1404 2361 1505 2432 pariter
1518 2368 1545 2418 et
1557 2360 1691 2434 lacrymis
1709 2362 1758 2419 ob-

102 2446 319 2512 sublimioribus,
334 2446 440 2518 sibique
455 2462 506 2518 pro
519 2447 561 2502 sui
579 2446 727 2502 subtilitate
742 2445 908 2516 conjunctio-
956 2456 1151 2515 sourarentur3
1167 2462 1230 2504 nam
1245 2457 1271 2503 et
1292 2448 1423 2505 lactemes
1441 2446 1630 2505 offerebantur
1644 2448 1758 2521 paruuli,

104 2533 180 2588 ribus
195 2533 237 2588 sui
253 2534 375 2604 corporis
389 2534 525 2605 partibus,
541 2541 700 2589 attentatur.
720 2534 824 2589 Horum
837 2533 905 2588 alte·
956 2551 1010 2607 quo
1024 2545 1080 2591 tam
1094 2535 1180 2591 sancti
1194 2536 1400 2607 corporistactu
1414 2536 1545 2592 adsersus
1560 2537 1656 2592 omnia
1671 2536 1757 2593 muni·

103 2637 163 2676 rum
178 2620 207 2675 in
222 2622 381 2677 reverendis
398 2622 577 2693 martyribus,
594 2621 711 2678 alterum
734 2621 907 2676 miramurin
956 2630 1049 2679 rentur
1062 2622 1189 2679 adversa.
1214 2623 1344 2679 Nonnulli
1368 2623 1449 2679 ctiam
1472 2622 1597 2679 sandalia
1615 2624 1691 2696 ipsa,
1715 2640 1759 2681 ar·

102 2716 133 2771 Β,
150 2709 279 2785 lingone.
295 2711 491 2767 Verumtamen
518 2709 570 2764 hoc
593 2708 633 2763 illi
655 2723 707 2764 nec
730 2723 832 2763 novum
854 2722 905 2764 nec
955 2708 1073 2765 dentiori
1087 2709 1140 2765 fide
1151 2708 1313 2781 osculando)
1328 2710 1509 2778 mordebant;
1525 2709 1631 2784 aliquid
1647 2711 1713 2769 inde
1724 2712 1759 2769 oh

104 2817 201 2859 recens
220 2799 318 2865 fuerat,
343 2798 372 2852 in
395 2812 453 2852 susa
475 2810 595 2867 namque
617 2795 716 2850 mentis
735 2794 904 2862 excessibus,
956 2795 1200 2854 sanctificationem
1227 2813 1321 2854 secum
1348 2796 1422 2855 ferre
1446 2797 1579 2855 volentes.
1601 2798 1707 2855 Annali
1727 2813 1759 2858 aa

103 2904 173 2962 quos
187 2888 279 2959 utique
289 2885 403 2942 crebros
417 2892 445 2940 et
455 2883 585 2938 sublimes
598 2882 726 2948 hahebat,
738 2881 840 2946 relictis
850 2896 906 2938 non
955 2884 1059 2940 nummi
1073 2892 1100 2940 et
1114 2901 1159 2942 res
1173 2885 1235 2942 alim
1256 2894 1350 2942 sancto
1364 2884 1573 2957 applicabantur
1592 2885 1760 2959 corpori,at

104 2977 193 3032 solum
207 2973 322 3040 caeteris,
340 2972 390 3028 sed
406 2979 433 3026 et
443 2977 530 3026 semet
542 2969 593 3026 sub
603 2985 643 3037 se,
651 2984 798 3041 supernam
812 2969 905 3025 dulce·
955 2986 989 3028 eo
1013 2971 1119 3043 sepulto
1150 2988 1200 3043 pro
1222 2972 1346 3045 reliquiis
1377 2973 1551 3030 haberentur.
1576 2973 1703 3030 Aderant
1723 2986 1758 3032 ex

102 3064 194 3120 dinem
220 3059 418 3118 delectabiliter
446 3064 557 3130 grastera
577 3057 674 3114 solitus
702 3055 807 3124 fuerat3
831 3056 904 3113 unde
955 3059 1098 3115 nostriset
1121 3059 1322 3116 Calesiensibus
1342 3067 1423 3132 atquc
1436 3059 1657 3117 Excubiensihus
1670 3060 1759 3135 plures

106 3153 189 3210 etiam
202 3151 237 3205 ad
250 3148 279 3205 id
293 3146 452 3205 recurrebat
473 3145 598 3212 afflictus,
614 3144 687 3217 quod
701 3144 829 3200 incolumi
842 3143 904 3200 fue·
954 3147 1090 3217 conversi,
1107 3147 1520 3220 sanctissimaeglebaecustodcs
1534 3146 1650 3216 assidui,
1666 3165 1758 3206 mona·

103 3247 144 3296 rat
172 3238 288 3295 dulcius.
319 3238 440 3306 Apparet
454 3232 538 3306 igitur
558 3234 589 3288 Β.
614 3233 769 3306 lingonem,
794 3231 863 3288 sicut
877 3237 904 3288 et
953 3235 1065 3291 chorum
1095 3250 1205 3308 quoque
1232 3242 1260 3292 ct
1282 3234 1444 3292 clericorum
1476 3251 1539 3291 cunr
1561 3235 1756 3294 ecclesiasticis

100 3334 227 3383 sanctum
240 3324 301 3391 tob,
313 3323 376 3379 ideo
387 3321 468 3377 tantis
477 3320 678 3376 tribulationum
692 3319 821 3391 procellis
836 3334 903 3375 exa·
954 3322 1128 3393 apparatibus
1138 3338 1238 3394 greges
1248 3338 1329 3394 quam
1338 3321 1468 3393 plurimi;
1483 3329 1675 3380 tantusautem
1688 3339 1755 3383 coa-

101 3415 225 3487 gitatum,
247 3412 384 3483 tantisque
416 3409 539 3465 dolorum
564 3408 722 3465 fornacibus
743 3407 828 3463 instar
844 3406 904 3462 auri
954 3425 1051 3465 cursus
1065 3409 1185 3482 undique
1199 3409 1287 3466 fuerat
1300 3409 1405 3481 populi,
1422 3416 1449 3466 ct
1472 3417 1529 3466 mm
1552 3419 1635 3484 grata
1653 3411 1757 3470 cuneda

100 3501 255 3567 decoctum,
270 3507 299 3555 ut
313 3507 340 3556 et
354 3497 390 3554 ad
404 3497 563 3553 societatem
590 3502 746 3552 sanctorum
769 3495 863 3566 purior
876 3501 904 3552 ct
952 3495 1169 3553 etiamdefuncti
1191 3497 1456 3568 praesentientem
1483 3497 1596 3554 tandem
1617 3513 1682 3555 enm
1696 3514 1756 3572 per·

102 3589 202 3648 clarior
214 3588 278 3645 binc
293 3586 388 3652 exiret,
399 3593 427 3641 et
438 3583 512 3656 quod
522 3600 577 3639 non
592 3582 735 3654 superficie
750 3592 838 3650 tenus,
853 3581 902 3638 sed
952 3583 1075 3641 miserint
1098 3584 1216 3656 sepeliri.
1241 3584 1365 3658 Denique
1388 3584 1483 3657 quinta
1501 3583 1688 3643 defunctionis
1700 3587 1752 3655 die,

103 3694 136 3735 ex
151 3677 215 3734 totis
228 3674 357 3733 medullis
371 3676 459 3729 Deum
474 3671 617 3738 dilexerat,
633 3670 751 3726 mundus
765 3685 903 3743 agnosce·
952 3672 1041 3743 tertia,
1062 3679 1092 3728 ut
1119 3672 1247 3740 diximus,
1270 3680 1332 3744 post
1350 3671 1460 3729 Palmae
1483 3671 1563 3744 feria,
1587 3673 1754 3746 deceperant

103 3773 155 3833 ret,
171 3765 236 3821 dum
252 3763 287 3819 ab
301 3763 361 3831 eius
374 3759 545 3818 invocatione
568 3774 620 3816 nec
633 3757 737 3814 doloris
751 3773 802 3814 nec
815 3757 902 3829 phre·
953 3760 1056 3831 turbas,
1080 3760 1268 3831 promittentes
1291 3760 1366 3832 quod
1398 3759 1488 3832 ipsum
1509 3768 1586 3818 extra
1607 3762 1754 3820 sedetiam

102 3853 177 3909 neeis
192 3852 235 3908 vis
250 3866 312 3906 cum
327 3849 381 3905 ulla
396 3853 593 3918 compesceret.
609 3846 678 3915 Quid
693 3845 795 3917 plura?
810 3847 841 3901 ln
860 3845 902 3901 bis
953 3846 1081 3904 efferrent
1103 3855 1133 3903 ut
1153 3863 1215 3904 eum
1237 3847 1350 3905 liberius
1373 3856 1400 3905 et
1421 3848 1633 3907 intuerenturet
1655 3858 1753 3924 tange·

102 3955 190 4012 nsque
203 3938 238 3993 ad
251 3936 376 3993 ultimum
391 3934 580 4006 perseuerauit
594 3933 728 4005 spiritum.
745 3934 818 4006 Erga
826 3949 903 3989 suam
951 3943 1023 3992 rent.
1048 3937 1105 3993 liae
1134 3936 1227 4009 itaque
1250 3952 1300 4008 spe
1323 3936 1501 4004 excuntibus,
1523 3944 1550 3993 et
1571 3936 1611 3994 ita
1639 3939 1753 3996 ecclesia

104 4025 288 4092 carthusiam,
304 4024 416 4095 ejusque
437 4021 559 4094 priorem
582 4021 726 4093 indignum
744 4020 829 4093 (quod
843 4021 902 4078 sinc
951 4024 1041 4080 Beatse
1056 4039 1166 4095 semper
1179 4023 1294 4098 virginis
1310 4024 1413 4093 hieriae,
1433 4024 1481 4080 obi
1494 4024 1751 4097 sepelienduserat,

103 4114 232 4186 lacrymis
244 4126 298 4168 non
318 4110 472 4180 scribimus)
493 4109 639 4181 specialem
653 4108 835 4176 dilectionem,
852 4125 901 4166 co·
951 4127 985 4167 ex
998 4118 1076 4182 parte
1089 4119 1221 4180 vacuata;
1248 4112 1382 4168 obseratis
1405 4111 1529 4184 protinus
1541 4111 1702 4171 firmissime
1712 4114 1753 4185 ja·

101 4219 163 4260 rum
177 4200 300 4257 intentis
326 4197 514 4255 afflictionibus
542 4197 673 4254 memoria
695 4213 750 4253 non
769 4196 900 4261 carendo,
951 4198 1022 4267 nnis,
1040 4198 1113 4255 sacri
1127 4198 1253 4271 eorporis
1271 4200 1436 4256 veneranda
1451 4198 1582 4272 reliquiae,
1596 4199 1626 4256 in
1641 4215 1751 4274 prapa-

102 4292 306 4348 demonstrans.
915 4279 1010 4343 Drato
1032 4286 1213 4359 sarcophago,
1240 4302 1302 4343 cum
1324 4287 1410 4343 multa
1432 4286 1586 4345 reverentia
1606 4288 1752 4363 etingenti

138 4382 182 4434 33.
197 4381 277 4434 Anno
296 4375 387 4447 itaque
416 4374 451 4431 ah
473 4373 660 4431 incarnatione
687 4373 796 4430 Domini
809 4372 900 4429 mille·
949 4373 1154 4429 lamentantium
1176 4373 1280 4446 pariter
1300 4381 1328 4430 et
1347 4373 1518 4446 psallentium
1542 4375 1674 4444 clamore,
1698 4391 1751 4450 po·

102 4466 172 4523 simo
186 4464 335 4522 centesimo
350 4463 491 4535 trigesimo
506 4463 636 4530 seeundo,
646 4462 735 4519 aetatis
748 4476 830 4534 porro
844 4477 900 4517 sum
948 4468 1060 4518 nuntur.
1076 4461 1238 4533 Frequentia
1252 4476 1335 4533 porro
1349 4462 1491 4519 turbarum
1505 4462 1579 4519 circa
1593 4463 1750 4536 sepulcrum

100 4555 136 4610 ad
150 4553 239 4609 minus
253 4551 431 4625 octogesimo,
454 4566 548 4606 mense
564 4556 669 4622 quarto,
685 4548 899 4605 consecrationis
948 4549 1017 4618 ejus,
1033 4549 1116 4605 modo
1130 4549 1217 4605 rarior
1231 4550 1314 4606 modo
1328 4548 1449 4618 densior,
1465 4549 1501 4605 ob
1516 4566 1595 4622 apem
1609 4550 1712 4610 dimna}
1723 4551 1751 4608 ia

102 4650 193 4698 autem
219 4640 313 4696 itidem
339 4640 373 4695 ad
395 4639 485 4694 minus
508 4635 735 4709 quinquagesimo
766 4635 896 4702 secundo,
947 4652 978 4691 se
989 4635 1181 4702 miserationis,
1206 4644 1320 4708 propter
1343 4635 1463 4709 ingentia
1486 4637 1558 4695 beati
1572 4637 1748 4709 virimcrita,

101 4729 231 4787 Kalendis
244 4728 354 4801 Aprilis,
376 4735 452 4784 sexta
467 4733 529 4782 ante
550 4722 705 4780 Palmarum
727 4722 898 4780 Dominicam
947 4737 1121 4795 nuncusque
1136 4731 1301 4795 perseverat.
