3742 5986
269 220 457 280 uxrosuto
480 221 518 278 IN
535 216 725 278 EPISTOLAS
739 214 850 272 PAULI.
871 246 905 257 —
927 217 965 272 IN
989 214 1098 273 EPIST.
1120 219 1167 273 ab
1190 216 1313 274 EPHES.
1564 220 1617 278 3Ξὶ

84 356 114 405 la.
131 348 182 405 Vel
195 347 345 420 plenitudo,
361 347 388 402 id
404 355 445 402 est
460 345 520 401 huis
531 354 557 401 ει
573 342 768 401 consummatio
783 341 806 400 Α
819 339 878 408 Dei,
895 340 962 412 ipsis
980 341 1076 397 collata
1100 340 1235 411 Ephesiis,
1262 341 1356 397 dicens
1372 358 1379 394 ι
1396 342 1429 396 ιιι
1444 358 1496 415 quo
1510 342 1617 398 cbristo

84 452 126 495 um
154 453 215 509 quae
238 437 312 492 Deus
333 443 395 491 aute
424 444 531 505 tempus
559 432 652 506 gratiae
671 430 768 502 praeira
819 444 864 484 uos
879 427 968 484 vocati
986 429 1052 484 estis
1066 429 1137 485 sicut
1159 445 1220 499 nos,
1248 437 1273 484 et
1301 429 1484 500 praedestinati
1504 446 1557 485 non
1582 446 1615 485 ex

84 532 156 583 tamt.
180 524 348 581 Plenitudine
372 524 434 580 dico
457 538 578 596 congrue
601 521 767 593 dispensata.
818 516 914 571 merito
930 524 1030 586 vestro,
1047 518 1096 572 sed
1115 534 1180 573 cum
1193 517 1343 573 audissetis
1351 519 1463 574 uerbum
1474 518 1612 588 υειιιαιιι,

84 613 135 679 aina
150 612 235 669 voluit
249 613 323 668 Deus
346 611 462 683 experiri
486 610 619 678 homines,
645 609 717 680 quod
732 607 768 660 li·
818 604 880 675 quia
894 620 926 659 ex
943 603 1001 661 sola
1015 604 1102 677 gratia
1117 605 1190 660 misit
1203 605 1238 660 ad
1253 620 1302 660 vos
1314 606 1516 677 praedicatores,
1529 613 1554 661 ει
1564 622 1614 662 ros

89 700 196 759 arbitrii
211 707 238 755 et
252 700 367 756 naturali
381 699 443 772 lega
454 699 520 753 nihil
530 705 651 769 possent.
663 694 768 752 Dehinc
818 690 930 746 interius
954 691 1100 764 inspiratos
1115 693 1211 748 audire
1240 692 1313 749 fecit.
1337 696 1396 751 Nec
1409 694 1499 750 solum
1512 695 1611 763 uocati,

84 784 208 861 n'legem
222 788 342 856 tradidit,
358 804 408 858 per
422 802 505 859 quam
519 787 616 841 iterum
631 785 768 855 impoten-
818 780 909 834 sedin
924 795 978 851 quo
993 781 1099 836 Christo
1115 797 1163 837 ros
1173 782 1255 836 etiam
1264 781 1408 838 credentes
1418 785 1524 855 ιιειιιιιι
1534 786 1611 850 estis,

84 876 154 935 idere
176 884 317 948 paccatum
341 882 534 947 apparuerunt.
559 875 594 928 Et
623 881 767 944 postquam
818 875 847 922 ut
861 869 1013 938 appareatis
1029 870 1063 924 de
1077 869 1173 924 militia
1186 870 1294 939 Christi,
1307 872 1417 944 Spiritu
1432 877 1540 929 sancto.
1552 873 1613 943 Spi-

84 964 189 1036 utique
204 980 235 1019 se
245 963 373 1036 cognovit
388 963 573 1033 impotentem,
585 969 648 1016 tunc
659 961 769 1017 demum
818 955 871 1010 ritu
886 956 948 1013 dico
960 959 1164 1032 promissionis,
1180 958 1208 1013 id
1229 957 1328 1014 estrei
1351 976 1432 1030 quem
1445 962 1519 1016 Deos
1533 960 1613 1016 nobis

84 1051 102 1108 it
127 1052 202 1107 Deus
229 1059 380 1123 opportune
402 1051 517 1122 gratiam
544 1051 620 1119 cujus
635 1049 769 1118 adjutorio
818 1044 952 1114 promisit,
968 1045 1012 1100 vel
1031 1046 1077 1116 qui
1101 1045 1225 1115 Spiritus,
1242 1048 1299 1116 jam
1323 1048 1471 1103 secundum
1495 1048 1614 1104 animam

84 1139 162 1197 bomo
177 1140 250 1211 quod
265 1155 314 1209 par
329 1156 358 1194 se
375 1155 427 1193 non
444 1146 562 1208 poterat.
819 1131 950 1187 deificans
964 1148 1025 1198 nos,
1041 1133 1173 1203 promittit
1194 1134 1273 1189 nobis
1297 1134 1529 1193 immortalitatem
1548 1153 1613 1193 cor-

84 1243 173 1286 asruru
188 1227 248 1283 dico
264 1228 360 1282 omniu
375 1229 406 1282 in
418 1226 535 1292 Christo,
548 1225 625 1280 idest
636 1241 686 1296 per
696 1224 770 1279 Chri·
818 1219 893 1289 poris
907 1220 934 1274 in
948 1219 1049 1275 futuro.
1062 1219 1115 1287 Qui
1125 1220 1240 1291 Spiritus
1255 1227 1297 1278 εει
1301 1224 1412 1296 piqnus,
1435 1224 1516 1280 idest
1531 1225 1614 1300 arrha

84 1331 134 1374 ιιι·
145 1315 264 1371 incelis
278 1319 346 1370 sunt
360 1313 529 1386 imperfecta,
546 1314 680 1385 ciquoein
692 1317 769 1368 terro
819 1315 845 1362 et
868 1308 1029 1380 principium
1055 1309 1188 1364 habenda
1204 1310 1377 1368 haereditatis
1398 1317 1512 1378 nostroe,
1533 1313 1613 1371 nobis

84 1410 255 1477 rpeccatum
276 1410 413 1472 corrupta.
428 1402 470 1456 Ad
486 1403 537 1457 hoc
552 1400 623 1456 euim
641 1402 711 1456 Deus
726 1399 768 1456 fe·
818 1396 959 1466 promissa
972 1395 999 1451 in
1023 1395 1113 1452 futura
1135 1396 1234 1468 gloria.
1251 1399 1354 1472 Signati
1376 1400 1441 1455 estis
1455 1401 1487 1455 in
1502 1401 1613 1458 radem-

84 1489 160 1547 iuem
175 1498 202 1545 et
215 1489 330 1545 redemit
343 1496 372 1544 ut
387 1490 594 1544 diminutionem
609 1490 769 1562 angelorum
816 1485 954 1556 ptioncrn,
972 1484 999 1540 id
1014 1492 1055 1540 est
1069 1493 1098 1539 ut
1113 1486 1356 1557 appareatisdabis
1366 1488 1565 1559 quostristus
1575 1503 1614 1545 rc

84 1586 151 1634 rasel
173 1579 277 1633 salvato
300 1577 420 1633 bomine.
450 1578 515 1632 ideo
543 1577 622 1632 etiam
646 1576 770 1631 Christus
819 1572 912 1627 demit.
933 1573 1157 1644 Redemptionem
1172 1575 1233 1631 dico
1247 1576 1453 1648 acquisitionis.
1479 1578 1614 1633 Perhanc

98 1665 203 1737 accepit
216 1674 245 1720 ut
265 1665 400 1720 hominem
424 1673 579 1736 corruptum
602 1665 629 1719 in
649 1664 806 1749 peccatisB
820 1659 892 1714 enim
906 1667 933 1715 et
947 1676 996 1716 nos
1010 1661 1098 1716 Deum
1114 1662 1286 1734 acquirimus,
1299 1671 1325 1718 et
1340 1665 1414 1718 Deus
1426 1680 1481 1721 non
1494 1664 1615 1737 acquisi-

84 1762 137 1811 trct
151 1754 301 1824 injustitia.
331 1753 385 1808 Sed
399 1754 451 1809 hoc
474 1757 638 1809 restaurare
653 1752 769 1808 diversis
820 1747 866 1803 vit.
888 1749 980 1805 Vocati
1002 1748 1067 1804 estis
1082 1753 1110 1804 ει
1129 1751 1244 1820 siqnuti,
1270 1757 1321 1807 eto.
1344 1754 1378 1806 fn
1393 1751 1505 1808 laudem
1519 1755 1616 1825 qlurioe

84 1841 220 1913 incipitur,
237 1842 360 1897 Christus
383 1842 455 1896 enim
469 1840 520 1895 fuit
538 1858 620 1897 causa
635 1847 769 1896 restaura-
818 1836 915 1908 ipsius,
933 1835 960 1891 id
975 1844 1016 1891 esi
1031 1842 1061 1890 ul
1077 1853 1127 1907 per
1142 1853 1191 1893 vos
1204 1837 1328 1893 laudetur
1344 1839 1434 1912 gloria
1448 1841 1517 1910 ejuS.
1534 1841 1614 1896 Modo

84 1929 237 2002 angelorum
253 1948 260 1996 ;
276 1945 331 1985 uon
346 1937 476 2002 quantum
490 1930 524 1984 ad
542 1945 589 1984 eos
604 1929 764 1984 necessitas.
820 1922 982 1979 determinat
997 1923 1174 1980 intentionem
1199 1942 1287 1992 suam,
1308 1926 1403 1982 dicens
1419 1943 1425 1982 ι
1442 1925 1511 1996 Quia
1526 1928 1615 1985 vocati

84 2017 159 2075 anim
172 2017 234 2088 puri
250 2025 334 2083 eraut,
350 2018 413 2073 licet
435 2017 597 2089 quibusdam
619 2017 701 2072 sociis
715 2016 770 2071 im-
819 2010 986 2079 credidistis,
1003 2019 1029 2066 et
1046 2012 1147 2083 Spiritu
1157 2021 1251 2070 sancto
1263 2014 1361 2085 signati
1379 2015 1464 2083 estis;
1481 2018 1614 2091 Propter-

94 2104 220 2162 Christus
242 2120 309 2161 vero
330 2121 411 2160 causa
431 2112 457 2160 et
472 2104 620 2161 necessitas
634 2112 770 2161 restaura·
820 2115 853 2154 eu
868 2115 915 2170 eqo
942 2099 982 2169 (ει
997 2099 1084 2155 sancti
1099 2101 1145 2172 qni
1158 2116 1268 2158 mecum
1282 2104 1365 2174 sunu)
1381 2105 1550 2176 uqoqrutius
1563 2120 1614 2177 pro
1713 2152 1715 2156 Α

84 2193 218 2250 ominum.
243 2193 328 2249 Causa
352 2201 381 2247 ut
401 2209 451 2264 per
475 2210 536 2248 eum
557 2193 771 2266 reintegraretur
821 2187 902 2253 uobis,
919 2193 946 2242 ει
958 2203 1044 2260 agens
1058 2188 1159 2260 gratias
1182 2206 1236 2245 nou
1266 2205 1354 2247 cesso.
1380 2190 1431 2247 Hic
1445 2192 1514 2248 bene
1529 2193 1617 2247 innuit

84 2280 254 2354 angelorum.
271 2281 427 2337 Necessitas
442 2281 504 2336 ideo
519 2281 583 2352 quia
596 2281 649 2335 uisi
662 2288 770 2336 restau-
820 2291 875 2330 non
889 2291 951 2332 esse
965 2277 1129 2347 torpendum
1143 2277 1196 2332 illis
1207 2278 1351 2334 securitate
1366 2296 1422 2336 suae
1434 2280 1554 2349 justitiae,
1567 2282 1616 2337 sed

93 2369 243 2437 schristo,
268 2367 390 2439 perditus
413 2375 470 2422 erat
485 2384 540 2439 'per
554 2376 705 2439 peccatum.
722 2369 770 2424 fn·
821 2363 894 2418 omni
909 2365 976 2419 hora
991 2364 1024 2419 de
1039 2364 1208 2422 incremento
1232 2366 1407 2437 perfectionis
1429 2368 1614 2425 laborandum.

84 2470 107 2514 ’a
118 2455 181 2513 dieo
190 2457 291 2528 quoein
302 2460 379 2512 ιειϊα
389 2460 466 2524 sunt,
477 2456 514 2510 ita
524 2456 633 2528 quadiu
642 2459 700 2529 ipso
709 2473 771 2527 pcr—
821 2452 884 2522 Epo,
901 2451 1021 2523 iuquam,
1038 2469 1096 2509 non
1111 2470 1185 2510 cesso
1194 2454 1314 2510 uudicns
1324 2454 1409 2524 fidem
1419 2461 1542 2513 uestrum
1554 2474 1616 2529 quoe

84 2548 110 2601 ιι.
126 2543 187 2599 Nisi
212 2543 283 2598 enim
307 2543 334 2597 in
350 2542 404 2598 fide
426 2545 484 2613 ejus
500 2544 707 2614 permanserint,
724 2561 771 2600 ro·
821 2542 863 2594 est
878 2539 908 2594 in
920 2538 1114 2604 ,Christofesu
1131 2542 1188 2597 Hoc
1198 2542 1233 2596 ad
1248 2542 1336 2596 minus
1351 2542 1486 2614 perfectos
1496 2546 1615 2616 respicit,

84 2629 233 2689 0233
242 2631 417 2686 eorumnulla
426 2631 484 2686 erit.
494 2631 542 2686 Vel
553 2631 632 2686 aliter
642 2649 648 2685 :
659 2633 771 2688 fnstuu-
821 2627 855 2681 de
871 2626 970 2698 quibus
983 2627 1012 2681 in
1024 2628 1156 2700 principio
1169 2629 1216 2696 ait,
1231 2630 1360 2699 fidelibus
1370 2632 1401 2687 in
1413 2633 1525 2688 Christo
1534 2635 1612 2691 iesu.

84 2716 207 2775 ‚christo
222 2734 255 2774 ea
270 2736 331 2791 qnoe
344 2720 376 2774 in
390 2719 467 2774 eoelis
481 2723 560 2786 snus,
575 2720 603 2774 id
614 2728 654 2774 est
665 2728 772 2776 sanans
822 2714 946 2770 Audierat
973 2714 1054 2770 etiam
1083 2716 1264 2774 ditectionem
1292 2723 1414 2776 uestrum
1442 2721 1562 2777 habitam
1585 2723 1617 2778 in

84 2822 91 2862 ι
103 2804 201 2862 anime
213 2806 270 2875 iam
293 2806 322 2860 in
346 2806 421 2862 coelis
445 2814 562 2877 regnant
576 2823 637 2864 cum
653 2807 770 2877 Christo,
822 2818 918 2858 omnes
938 2807 1060 2859 sanctos.
1069 2804 1127 2860 Hoc
1141 2805 1176 2859 ad
1189 2805 1366 2876 perfectiores
1375 2807 1495 2879 respicit.
1508 2810 1548 2865 De
1558 2809 1618 2882 qui·

84 2894 169 2951 uoein
180 2898 256 2949 terra
271 2898 348 2963 sunt,
363 2896 395 2949 in
405 2895 473 2967 ipso,
483 2893 511 2949 id
527 2902 568 2949 est
580 2894 678 2964 justos,
690 2895 736 2968 qui
750 2895 773 2950 si
822 2890 874 2944 bus
888 2890 990 2946 ibidem
1001 2891 1039 2945 ait
1052 2893 1181 2949 omuibus
1195 2897 1312 2950 sanctis.
1331 2896 1391 2952 Nou
1408 2912 1493 2963 cesso,
1509 2899 1618 2968 qratius

84 2982 287 3041 mvematione
300 2989 427 3037 tenentur
449 2983 476 3036 iu
491 2990 573 3048 terra,
599 2983 712 3054 puritate
728 2991 772 3039 ta·
823 2993 908 3049 upana
927 2994 979 3050 pro
997 2977 1081 3046 vobit,
1105 2983 1216 3052 [acient
1230 2984 1397 3039 memoriam
1411 2985 1497 3040 vestri
1511 2987 1618 3042 oratiu-

84 3069 222 3139 hajamin
237 3069 296 3141 ipso
317 3078 389 3126 sunt.
415 3070 544 3126 Dicereut
567 3071 678 3142 Ephesii
695 3089 701 3125 :
719 3073 773 3128 Vos
823 3067 906 3121 nibus
919 3067 998 3134 meis,
1015 3083 1065 3138 pro
1076 3067 1302 3126 habendisbonis.
1312 3069 1395 3138 Quasi
1404 3071 1509 3127 diceret
1521 3089 1528 3128 ι
1541 3073 1616 3129 Sicut

84 3156 217 3230 apostoli
232 3157 266 3212 ad
290 3165 392 3213 tantam
412 3158 580 3213 altitudinem
599 3159 688 3215 vocati
709 3159 774 3214 estis
820 3154 877 3222 jnm
891 3162 1003 3226 accepta
1017 3155 1088 3210 bona
1110 3154 1233 3229 intelligo
1253 3174 1314 3214 esse
1338 3174 1371 3214 ex
1395 3160 1482 3232 gratia
1502 3160 1562 3226 Dei,
1579 3161 1619 3217 sic

84 3260 123 3302 m
146 3260 196 3301 nos
219 3261 301 3315 posse
316 3245 458 3315 pervenire
475 3246 586 3300 stultum
601 3262 663 3301 esse
679 3247 775 3302 saltem
826 3242 914 3297 sentio
930 3243 964 3298 de
978 3243 1106 3298 omnibus
1121 3261 1182 3315 quae
1196 3246 1314 3300 habituri
1329 3247 1404 3302 esiiS.
1422 3248 1503 3304 Facio
1510 3264 1618 3306 memo-

84 3332 153 3400 ,sd
167 3332 334 3389 hocPoulus
351 3350 357 3389 ι
373 3335 406 3388 fn
424 3350 476 3406 quo
489 3334 597 3389 Christo
612 3335 700 3390 etium
723 3352 774 3392 nos
824 3329 889 3382 riam
900 3329 993 3396 vestri,
1011 3334 1044 3387 ut
1053 3334 1125 3387 Deus
1140 3333 1252 3388 Domini
1262 3336 1424 3392 nostrilesu
1439 3336 1555 3403 Christi,
1567 3353 1618 3394 cu-

84 3419 197 3479 iuacuti
210 3437 319 3487 sumus,
336 3436 390 3476 nou
400 3421 498 3476 merito
508 3431 612 3488 nostro,
624 3438 675 3479 nec
685 3421 774 3494 digni-
821 3417 866 3484 jus
882 3417 1032 3473 secundum
1055 3420 1203 3474 humanam
1228 3429 1350 3476 naturam
1365 3422 1439 3478 Deus
1456 3432 1506 3490 est,
1524 3433 1551 3480 ει
1564 3425 1618 3479 Pa-

84 3507 167 3576 neris,
183 3508 232 3564 sed
245 3513 331 3575 sorte,
346 3509 374 3563 id
389 3517 429 3564 est
444 3509 535 3564 divina
548 3509 690 3565 electione.
708 3509 775 3566 Sors
823 3511 865 3559 ter
879 3505 975 3577 gloriae
990 3506 1048 3575 ejus
1063 3525 1070 3572 ;
1088 3507 1210 3562 Christus
1234 3508 1304 3564 enim
1327 3511 1475 3566 secuudum
1490 3512 1619 3568 deitatem

90 3594 299 3666 diriuaelectio,
318 3605 347 3652 ut
363 3597 472 3668 quando
487 3597 635 3653 humanum
643 3597 775 3666 judicium
824 3610 883 3664 quae
898 3593 926 3648 in
940 3610 974 3651 eo
988 3594 1077 3665 gloria
1092 3602 1143 3662 est,
1158 3596 1208 3651 Dei
1224 3596 1308 3652 Filius
1318 3606 1367 3659 est.
1382 3606 1411 3653 ut
1421 3600 1495 3656 Deus
1503 3607 1530 3654 ει
1540 3601 1621 3655 Pater

103 3682 247 3741 conferunt
270 3700 300 3739 se
318 3684 443 3740 homines
464 3686 498 3739 ad
520 3685 680 3741 electionem
707 3686 769 3741 Dei.
824 3682 871 3736 def
883 3683 1619 3756 vobnsptrstumsupientiaerraretuttontsurreve-

84 3769 142 3827 lnrn
155 3771 243 3843 gratia
254 3772 341 3828 vocati
356 3789 459 3841 sumus,
469 3772 519 3827 sed
533 3773 614 3828 etiam
628 3774 776 3846 proedestr'-
825 3769 878 3824 late
892 3769 1003 3840 possitis
1017 3770 1171 3844 intelligere
1181 3773 1311 3845 mysteria
1321 3773 1381 3829 Dei.
1392 3774 1537 3846 Sapientiae
1546 3776 1619 3847 dico,

84 3856 148 3916 dest
154 3860 309 3930 praeparati,
322 3877 415 3914 sumus
428 3861 584 3917 seeundum
597 3863 775 3933 propositum
825 3865 852 3912 et
866 3857 1039 3913 revelationis
1068 3859 1167 3916 babitae
1182 3861 1214 3915 in
1237 3863 1383 3933 spuitione
1397 3864 1466 3934 ejus,
1491 3873 1520 3920 ut
1533 3866 1622 3922 Deum

84 3945 105 4003 d
126 3954 168 4004 est
193 3948 343 4005 secundum
366 3949 439 4020 quod
463 3948 549 4019 pietas
570 3950 628 4017 ejus
647 3950 681 4004 de
696 3949 775 4005 nobis
826 3945 938 4018 ejusque
953 3947 1084 4018 mysteria
1099 3948 1282 4021 cognoscatis.

84 4032 131 4092 uit.
147 4036 215 4106 Ejus
229 4035 301 4105 dico,
313 4038 362 4108 qui
377 4036 445 4092 sicut
455 4037 514 4092 baec
528 4036 555 4090 in
565 4036 656 4103 nobis,
666 4037 706 4093 sic
716 4053 777 4109 ope·
861 4034 912 4089 Det
927 4034 1008 4090 etiam
1022 4035 1100 4091 vobis
1113 4037 1293 4095 illuminatos
1302 4040 1406 4107 ocutus,
1415 4055 1471 4096 non
1487 4040 1548 4098 dico
1563 4058 1623 4101 cor-

84 4125 174 4180 miu
187 4126 218 4179 in
233 4123 347 4196 singulis
357 4125 511 4180 secundnm
520 4125 671 4181 consitium
681 4126 777 4181 uolun-
825 4121 910 4192 poris,
926 4122 976 4178 sed
990 4124 1182 4181 cordisvestri.
1194 4126 1306 4198 'frangit
1320 4126 1364 4183 hic
1379 4129 1488 4183 stultum
1498 4145 1622 4187 errorem

84 4226 135 4282 sss,
143 4210 171 4266 id
181 4219 222 4268 est
234 4213 385 4268 secundum
396 4213 564 4269 voluntatem
575 4229 650 4268 suam
661 4213 775 4270 consilio
826 4210 1008 4282 quorumdam
1037 4211 1168 4283 (maxime
1201 4214 1355 4286 gentilium)
1384 4215 1430 4287 qui
1445 4216 1473 4271 in
1485 4217 1623 4288 primitiva

84 4299 185 4357 acione
199 4309 335 4373 agentem.
363 4300 412 4357 vel
437 4301 475 4355 ita
490 4320 497 4356 :
511 4302 572 4356 Non
595 4301 682 4357 solum
697 4309 777 4357 vocat
826 4295 890 4362 fide,
920 4297 966 4369 qui
994 4309 1193 4355 consueverant
1221 4301 1294 4356 idola
1319 4318 1379 4372 sua,
1403 4320 1464 4375 quae
1488 4305 1624 4363 habebant

90 4387 191 4461 grstia,
205 4389 254 4443 sed
269 4388 349 4444 etiam
364 4391 413 4462 qui
427 4391 533 4456 omnio,
550 4405 609 4462 qua>
622 4397 684 4461 post
694 4405 777 4446 voca·
789 4380 815 4440 D
828 4401 909 4440 mauu
924 4393 1052 4450 tractare,
1070 4387 1191 4444 234
1205 4389 1336 4459 putabant
1345 4405 1417 4447 aaeca
1431 4401 1521 4449 mente
1534 4394 1624 4450 Deum

95 4484 255 4548 amantur,
267 4481 402 4550 operatur
415 4477 442 4531 in
453 4477 533 4532 nobis
543 4478 699 4534 secundnm
715 4495 778 4534 aon·
827 4489 885 4529 rem
891 4473 1187 4548 hujusmodiesse,quae
1193 4485 1219 4533 et
1229 4477 1315 4534 oculis
1325 4478 1520 4549 carnisvideri,
1533 4490 1560 4538 ει
1566 4499 1624 4538 nra·

92 4578 153 4621 ιω
167 4565 333 4631 uoluntatis,
347 4566 414 4620 sicut
429 4566 531 4621 dictum
545 4574 595 4621 est.
611 4566 676 4622 Ideo
690 4565 778 4623 vocati
827 4561 909 4617 nibus
917 4570 1012 4634 posset
1021 4562 1137 4635 palpari.
1148 4566 1282 4623 detrahis
1292 4567 1580 4640 tttumtuutosucutos,
1589 4574 1624 4627 ut

84 4650 214 4719 munau,
232 4657 265 4708 ιιι
279 4655 368 4709 umus
382 4654 415 4708 in
431 4654 543 4709 faudem
556 4655 654 4725 qiorioe
669 4657 738 4727 ejus,
751 4654 778 4708 id
828 4651 925 4708 sciatis
936 4668 1007 4724 quaa,
1023 4651 1051 4707 id
1066 4660 1107 4707 est
1122 4669 1201 4723 quam
1216 4653 1298 4726 digna
1317 4671 1369 4722 res,
1386 4665 1412 4712 et
1428 4674 1512 4730 quom
1526 4658 1624 4714 valens

84 4736 158 4814 ligna
171 4739 251 4796 laude
265 4740 450 4812 glorificemus
458 4743 545 4797 Deum
556 4742 602 4814 qui
611 4743 668 4798 vult
675 4741 779 4797 laudari
828 4741 866 4794 sit
880 4755 952 4810 spes.
967 4740 1029 4796 Nou
1045 4748 1147 4795 tantum
1175 4758 1221 4797 res
1241 4751 1357 4814 sperata,
1383 4745 1433 4800 sad
1451 4745 1623 4803 solummodo

84 4826 168 4885 tuen
177 4829 250 4900 quod
264 4829 323 4884 laus
337 4837 431 4885 nostra
440 4830 586 4902 quidquam
596 4829 719 4886 conferat
728 4830 778 4897 illi,
829 4843 940 4897 sperare
955 4827 1065 4884 beatum
1080 4837 1130 4884 εει.
1147 4829 1213 4897 Quoe
1226 4832 1265 4886 sit
1279 4847 1341 4904 spes
1354 4833 1508 4889 υοεαιιοιιιι
1518 4836 1589 4902 eius,
1597 4833 1625 4890 id

84 4932 87 4970 ;
105 4915 207 4973 babeat
229 4932 339 4972 musam
363 4917 552 4974 benefaciendi
572 4918 661 4974 nobis.
690 4917 779 4973 Simus
829 4921 870 4970 eat
883 4914 924 4970 rei
938 4915 973 4970 ad
988 4931 1070 4988 quam
1083 4932 1227 4983 vocamus,
1245 4917 1288 4974 rel
1304 4919 1508 4988 vocatorumid
1522 4921 1627 4978 astele-

84 5018 121 5061 tos
134 5006 183 5078 qui
197 5009 350 5078 antequam
366 5022 415 5061 vos
431 5008 646 5080 sparavimusin
658 5007 777 5063 Christo.
830 5011 934 5059 ctorum
949 5003 1017 5073 ejus.
1034 5007 1070 5062 ut
1079 5021 1141 5078 quoe
1155 5006 1333 5078 suntjdiuiiiae
1341 5008 1439 5080 qiorioe
1449 5009 1627 5067 haereditatis

84 5106 151 5167 pora
164 5100 268 5149 tantum
282 5109 332 5149 vos
346 5095 535 5165 praecedimus,
546 5096 595 5151 sed
611 5095 634 5150 si
649 5095 739 5161 uultis,
752 5095 780 5150 in
830 5093 899 5163 ejus,
916 5091 943 5148 id
958 5099 1000 5148 εει
1026 5108 1107 5165 quam
1122 5093 1208 5168 digna
1231 5095 1265 5149 sit
1287 5095 1434 5152 hareditas
1449 5097 1517 5167 ejus,
1533 5098 1562 5154 in
1575 5115 1628 5171 qua

88 5194 147 5237 non
168 5181 360 5253 procedimus.
383 5183 437 5239 Sed
467 5183 590 5238 fortassis
619 5184 780 5255 praecedetis
830 5178 1011 5247 auntdiritiae,
1028 5181 1055 5235 id
1071 5189 1112 5237 est
1127 5182 1202 5238 nulla
1220 5183 1343 5254 penuria,
1367 5185 1417 5240 sed
1431 5186 1520 5242 omnis
1537 5186 1625 5257 copia.

84 5282 119 5327 ι
133 5268 204 5328 dona
220 5269 271 5325 Dei
285 5270 312 5325 in
328 5270 385 5326 sole
401 5270 533 5327 electione
548 5271 709 5341 consistant,
725 5287 780 5327 non
828 5265 860 5317 In
874 5282 929 5337 qua
943 5266 1025 5324 etiam
1039 5277 1080 5324 est
1094 5269 1196 5342 gland,
1212 5270 1239 5325 id
1268 5280 1309 5326 esf
1323 5288 1487 5344 peuntuens
1501 5273 1630 5347 gaudium

84 5370 134 5427 η,
149 5356 194 5413 vel
208 5358 235 5412 in
249 5358 386 5430 prioritate
401 5359 540 5431 temporis,
830 5353 889 5409 sine
895 5355 1056 5415 admistione
1062 5357 1427 5419 deforisffoereditutisdico
1435 5361 1631 5419 distribuenda

84 5452 100 5499 ι
118 5439 157 5497 ιιι)
185 5440 317 5512 apostolis
344 5443 508 5500 descensum
519 5443 582 5500 facit
597 5443 632 5500 ad
647 5440 781 5500 beneficia
830 5441 858 5497 in
873 5444 1040 5516 quibuslibet
1059 5447 1171 5504 sanctis.
1185 5447 1221 5504 Et
1234 5453 1264 5502 ut
1278 5449 1370 5507 sciatis
1391 5467 1453 5522 quae
1467 5449 1502 5506 sit
1516 5450 1630 5523 nuqui-
