3742 5986
157 269 227 324 ttss
775 257 919 320 ortanus
937 253 1187 315 nanthuarius
1745 252 1815 308 1110

157 389 193 445 sit
207 406 237 447 ι8
251 391 403 458 Dominica,
418 391 508 464 primo
522 392 558 447 de
571 388 724 456 Dominica,
738 393 801 460 post
815 387 850 442 de
863 377 994 441 octavaA
1044 384 1089 436 08.
1106 382 1263 439 luhibemus
1277 399 1312 439 ne
1338 381 1373 438 de
1398 388 1498 438 caetero
1511 394 1635 436 conversi
1650 377 1696 434 181
1711 374 1816 432 redditi

158 477 261 547 liaris,
279 487 306 536 et
320 487 383 551 post
395 481 430 536 de
445 479 620 551 martyribus.
1008 468 1129 540 equitent
1144 472 1173 525 iu
1187 472 1290 542 campis
1305 470 1338 544 [f.
1355 470 1384 526 in
1405 469 1509 543 cappis]
1524 470 1619 543 nigris.

193 569 239 622 ts.
258 565 310 636 Qui
325 569 524 639 professionem
535 566 629 622 iecerit
652 565 680 619 iu
694 565 791 620 ordine
811 568 916 627 nostro,
932 566 960 615 81
1043 561 1088 613 00.
1104 558 1255 631 anungitnr
1269 559 1407 632 prioribus
1435 560 1462 613 in
1490 558 1589 614 virtute
1617 563 1719 612 sancte
1745 554 1815 610 obe-

159 652 266 721 exisrit,
279 662 304 711 81
314 664 412 726 postea
426 654 544 721 redierit,
561 669 616 709 non
642 653 719 709 iaciat
736 653 834 708 iterum
848 649 958 721 proies·
1007 646 1117 703 dientiae
1130 655 1158 702 81
1174 648 1371 720 precipiturne
1386 653 1552 719 praesumant
1566 647 1631 701 dare
1648 642 1815 716 parentibus

160 740 279 809 sionem,
296 744 345 798 sed
357 744 447 798 statim
461 744 599 814 promittat
613 741 805 798 obedientiam.
1008 736 1052 792 vel
1077 737 1202 810 cognatis
1220 737 1279 794 siue
1307 752 1443 793 consensu
1461 735 1564 808 aliquid
1592 735 1637 790 vel
1657 733 1754 806 ahqua
1783 730 1818 786 de

193 830 238 885 10.
254 831 379 886 llonachi
395 832 440 903 qui
455 847 511 887 non
525 839 586 886 suut
596 831 763 896 sacerdotes,
776 829 959 884 dicantunum
1009 827 1088 882 bonis
1103 827 1211 894 domus,
1227 826 1300 883 trude
1315 826 1412 882 domus
1422 832 1561 899 gravetur.
1842 804 1847 812 ⁴

159 916 317 987 psalterium
333 935 384 990 pro
400 920 546 976 tricenario
561 934 693 977 concesso
707 918 761 973 illis
775 916 886 988 quinon
897 922 961 968 sunt
1046 919 1105 970 100.
1123 915 1300 971 Declaramus
1315 923 1341 971 81
1350 914 1485 981 volumus,
1499 913 1571 985 qued
1585 912 1619 969 de
1633 919 1736 969 cetero
1751 909 1815 965 nul-

157 1003 193 1061 de
207 1004 299 1061 domo.
1008 1002 1052 1058 lus
1066 1003 1141 1074 prior
1155 1003 1267 1074 recipiat
1279 1002 1398 1074 aliquam
1411 1016 1555 1075 personam
1565 1001 1599 1057 ad
1613 1000 1742 1056 ordinem
1754 998 1813 1054 sine

199 1097 243 1149 80.
260 1093 379 1151 Sabbato
391 1096 565 1165 Jejuuiorum,
582 1095 656 1168 legat
670 1095 746 1167 prior
760 1092 880 1165 quintam
900 1091 959 1147 lec·
1009 1106 1144 1147 consensu
1155 1099 1182 1147 et
1191 1091 1328 1148 voluntate
1338 1100 1488 1148 conventus
1504 1090 1547 1146 sui
1561 1089 1604 1147 181
1619 1088 1734 1158 majoris
1747 1101 1814 1160 par·

159 1188 272 1254 tionem,
289 1185 352 1242 licet
369 1184 399 1238 in
420 1200 499 1239 mane
520 1183 710 1240 celebraverit.
1009 1187 1053 1243 rig,

196 1281 240 1332 81.
255 1275 410 1345 adprecor
425 1272 545 1344 priorum
556 1270 816 1343 supervenientium,
831 1268 883 1322 nisi
893 1266 960 1338 ipsis
1047 1278 1107 1332 101,
1125 1275 1301 1347 ognimus,
1322 1275 1395 1348 quod
1409 1275 1519 1347 redditi,
1537 1281 1592 1331 qam
1607 1273 1712 1338 cleriei,
1729 1287 1813 1344 quam

159 1364 351 1439 presentibus,
364 1376 419 1416 11011
432 1361 513 1416 delur
528 1360 669 1416 monachis
683 1357 807 1430 pittantia
816 1356 912 1412 diebus
926 1357 960 1410 ab
1010 1364 1073 1421 laici
1081 1371 1223 1421 teneantur
1235 1365 1269 1420 ad
1285 1364 1421 1421 silentium
1438 1379 1445 1419 :
1460 1363 1607 1435 aliquando
1634 1360 1745 1416 ratione
1760 1359 1814 1415 loci

158 1453 255 1511 ordine
283 1449 433 1518 concessis,
462 1463 514 1504 ¹¹0⁰
541 1455 638 1504 exeant
664 1448 785 1512 domum,
802 1459 960 1516 0110588111·
1010 1454 1081 1509 sicut
1094 1454 1121 1508 in
1140 1453 1259 1509 ecclesia
1273 1461 1299 1509 81
1317 1453 1346 1508 in
1359 1451 1514 1517 refectorio,
1534 1450 1577 1507 vel
1602 1450 1755 1515 inmensa,
1770 1448 1813 1503 rel

159 1541 254 1597 tisndi·
1010 1541 1038 1596 iu
1061 1541 1200 1608 claustr03
1217 1541 1362 1614 aliquando
1376 1540 1481 1596 ratione
1505 1554 1641 1610 persone,
1658 1538 1732 1594 sicut
1750 1552 1812 1594 cum

196 1633 238 1686 82.
258 1622 773 1689 0101881081851010011111,10011018
796 1620 911 1677 lechone
934 1619 962 1673 in
1011 1631 1137 1701 personis
1155 1646 1215 1702 quae
1229 1638 1357 1699 tenemur
1370 1629 1404 1685 ad
1427 1628 1574 1684 silentium·

160 1716 302 1788 capitulo.
332 1722 358 1769 n
390 1712 622 1784 propositisque
649 1709 827 1783 proponenda
855 1715 916 1764 sunt
945 1724 996 1786 an
1047 1721 1107 1776 roa.
1125 1719 1164 1774 ue
1178 1718 1316 1774 resrrsss.
1337 1716 1485 1783 aeneum,
1509 1714 1644 1789 ttugoms,
1660 1712 1812 1779 amorosa,

159 1805 261 1879 1100111,
277 1802 420 1859 ⁰0¹1s0⁵²i¹¹¹
435 1800 588 1872 0080111110,
605 1807 632 1856 el
644 1800 755 1855 omnino
780 1798 814 1854 de
841 1795 958 1869 01011010
1009 1807 1117 1879 quaudo
1127 1807 1249 1878 paschali
1262 1815 1385 1877 tempore
1396 1804 1546 1870 evenerint,
1557 1803 1625 1860 nibil
1639 1804 1812 1868 immutatur,

160 1892 285 1969 generali
300 1891 487 1947 excludantur.

196 1987 239 2037 83.
252 1981 346 2037 Oratio
359 1981 393 2035 de
408 1978 499 2050 vigilia
514 1978 542 2033 S.
558 1977 674 2032 Andreae
697 1983 724 2031 81
737 1974 799 2031 festi
818 1974 846 2030 S.
872 1973 960 2046 spice

160 2072 203 2129 bis
213 2069 389 2128 continuatim
404 2068 536 2124 dicantur.

196 2162 241 2217 at.
266 2146 463 2215 'inobedientes
506 2156 625 2212 scienter
651 2153 877 2219 visitatoribus,a
904 2151 960 2207 suis

160 2248 299 2321 prioribus
316 2244 421 2302 absolvi
434 2259 489 2301 uon
499 2250 624 2315 possunt.

198 2341 243 2394 80.
259 2336 430 2401 visitatores,
447 2333 492 2389 ubi
502 2333 653 2390 invenerint
668 2331 741 2404 quod
768 2330 894 2387 monachi
910 2345 960 2384 ex·

162 2433 206 2484 tra
233 2425 375 2483 clausuras
401 2425 544 2480 domorum
577 2420 722 2477 comedere
749 2424 959 2485 consueverunt,

162 2513 388 2574 consuetudinem
404 2511 604 2583 reprehendant
619 2517 646 2567 ct
660 2509 804 2581 castigent.

197 2606 242 2662 88.
257 2603 319 2660 Non
340 2601 497 2659 revelentur
512 2607 620 2657 secreta
633 2598 745 2655 ordinis.

197 2695 242 2749 at.
258 2691 349 2747 Credit
363 2691 442 2759 ordo,
458 2690 531 2762 quod
547 2696 673 2744 statutum
688 2684 879 2759 Lugdunensis
892 2699 960 2741 con·

161 2781 217 2840 ciiii
230 2795 286 2838 non
299 2787 389 2836 arceat
402 2794 453 2834 nos
467 2778 503 2834 ad
517 2777 710 2843 inclinandum,
726 2775 833 2848 quoties
846 2775 899 2830 hoc
908 2790 961 2830 no-

161 2885 226 2928 men
239 2866 440 2935 descenditur,
455 2866 504 2923 sed
519 2865 565 2922 frat
584 2866 653 2923 sicut
674 2872 748 2921 8818.

197 2963 243 3016 88.
259 2957 355 3031 ntique
369 2955 495 3013 monialis
509 2970 563 3012 uon
578 2955 699 3010 mittatur
713 2954 748 3010 dc
763 2953 845 3009 domo
859 2968 963 3024 suaper

162 3046 324 3115 visitatores,
341 3045 393 3101 nisi
408 3061 458 3117 pro
477 3060 549 3101 nova
571 3044 694 3116 plantula
720 3041 912 3112 constmenda,
935 3047 962 3097 et

162 3145 227 3195 tunc
241 3135 404 3194 8811888818
418 3120 519 3207 prioris
533 3134 681 3190 Carthasiae
695 3130 740 3189 vel
753 3130 862 3203 capituli
876 3145 964 3203 gene·

163 3226 243 3284 ralis.

199 3319 244 3370 80.
273 3313 400 3371 llouachi
414 3312 460 3386 qui
485 3312 647 3376 missisunt,
663 3309 750 3383 etqui
776 3308 917 3364 mittentur
929 3307 964 3363 de

164 3410 265 3463 caetero
280 3404 315 3460 ad
326 3404 424 3460 domos
434 3402 538 3458 ordinis
546 3401 581 3457 ad
589 3399 788 3473 professionem
797 3396 962 3464 faciendam,

163 3492 240 3551 illam
252 3493 354 3550 iaciant
372 3491 444 3548 inira
457 3507 591 3547 mensem.

200 3587 244 3639 00.
268 3583 376 3639 Priores
401 3581 447 3653 qui
471 3587 654 3637 exonerantur
671 3577 706 3634 ds
734 3576 895 3648 hospitibus,
910 3572 964 3628 illis

165 3678 291 3729 tenentur
309 3685 445 3743 expensas
464 3667 638 3725 necessarias
651 3666 817 3722 ministrare.

200 3763 245 3817 01.
271 3760 354 3816 ldissa
378 3757 575 3815 beneficiorum
597 3756 680 3813 debet
698 3754 776 3812 reddi
791 3755 820 3810 in
833 3754 903 3811 festo
923 3766 964 3808 au

166 3848 324 3915 lectionum,
345 3847 425 3905 etiam
441 3847 590 3904 tricenario
608 3846 732 3901 durante.

202 3942 250 3996 01.
270 3937 435 4009 Quocunque
450 3936 495 3992 die
508 3935 640 4008 contingit
655 3940 755 3990 octava
769 3930 962 4004 Apparitiouis,

165 4026 283 4084 sialiter
299 4025 354 4082 dici
375 4041 430 4081 non
443 4025 530 4097 possit
553 4022 758 4095 responsorium
781 4023 911 4086 Domino,
928 4036 965 4077 nc

164 4116 197 4174 ln
210 4117 266 4184 irc,
282 4122 352 4183 818,
368 4114 435 4185 ipsae
449 4121 551 4170 octavae
564 4111 629 4168 hant
643 4110 764 4167 Sabbata
771 4108 945 4182 precedenti.

200 4227 245 4280 03.
262 4222 427 4279 Ordiuamus
438 4228 463 4277 et
474 4220 609 4285 volumus,
628 4225 656 4273 ut
671 4215 853 4289 praebendarii
876 4232 964 4273 secu·

163 4312 239 4369 lares
254 4312 289 4368 de
310 4318 407 4367 cetam
421 4325 476 4365 non
503 4307 670 4379 recipiantur
685 4306 712 4362 in
728 4305 822 4361 ordine
841 4305 900 4360 sinc
928 4305 964 4360 li·

165 4400 256 4459 centia
270 4392 532 4473 mpituti'genemtis
546 4396 589 4454 vel
604 4395 703 4468 prioris
717 4393 866 4450 Carthusiae
881 4409 965 4466 super

165 4505 277 4546 annum.

199 4598 243 4653 9l.
278 4596 380 4653 Omnes
416 4593 473 4649 ludi
501 4593 639 4649 manuales
667 4589 832 4662 apersonis
860 4588 964 4646 ordinis

165 4686 310 4744 evitentur.

199 4795 244 4849 05.
261 4791 410 4849 Garciones
425 4806 480 4845 non
500 4788 690 4860 permittantur
711 4786 786 4843 exire
801 4792 964 4858 potestatem

163 4881 323 4950 carthusie,
345 4880 456 4936 sedente
488 4877 606 4949 capitulo
636 4876 768 4949 generali,
783 4891 834 4931 nec
857 4874 964 4946 priores

163 4985 259 5028 eorum
273 4969 338 5025 dent
354 4968 394 5024 eis
405 4967 549 5039 pecuniam
570 4967 604 5021 ad
628 4965 785 5022 bibendum.

198 5079 243 5133 00.
266 5075 432 5132 Ordinamus
445 5082 472 5130 et
486 5075 622 5138 volumus,
639 5070 749 5144 quodsi
764 5069 862 5142 aliquoe
872 5085 966 5142 perso.

161 5180 205 5223 818
221 5166 256 5221 (18
269 5163 365 5220 ordine
382 5162 591 5220 Mendicantium
605 5167 722 5230 recepte
737 5165 809 5224 sunt,
826 5158 868 5215 181
891 5158 964 5214 8881-

161 5255 270 5326 piantur
282 5253 368 5324 (quod
381 5253 425 5310 vix
440 5252 496 5321 1181)
511 5265 567 5306 888
595 5248 700 5320 possint
714 5247 816 5302 habere
830 5246 964 5302 obedien·

161 5343 227 5400 uam
241 5342 300 5397 siue
315 5341 421 5398 licentia
436 5338 547 5410 capituli
563 5336 711 5410 generalis.

196 5446 445 5504 asertoribus
472 5445 572 5502 Viridis
598 5444 755 5502 conceditur
778 5443 871 5500 tertius
886 5441 965 5498 cleri-

162 5552 222 5595 cus.

1009 1895 1074 1968 quin
1090 1895 1137 1950 1181
1162 1895 1231 1951 81881
1258 1904 1321 1951 8818
1333 1895 1451 1962 Pascha,
1469 1901 1599 1966 quantum
1614 1892 1650 1948 ad
1678 1891 1816 1948 homelias

1010 1991 1037 2040 et
1051 1983 1193 2056 evangelia
1213 1992 1239 2040 et
1254 1983 1393 2054 epistolas,
1410 1992 1464 2038 tam
1480 1982 1605 2038 inmissa
1620 1997 1701 2054 quam
1713 1980 1743 2035 in
1756 1995 1813 2034 ma·

1010 2071 1113 2128 tutinis.

1047 2163 1107 2215 103.
1124 2160 1284 2217 visitatores
1298 2161 1472 2233 nonpossint
1487 2159 1611 2219 emittere
1626 2157 1752 2230 hospites
1767 2173 1817 2213 ex-

1010 2256 1051 2304 tra
1065 2249 1233 2321 provinciam
1247 2266 1328 2322 quam
1340 2249 1460 2317 visitant,
1476 2249 1529 2304 nisi
1551 2248 1693 2303 mitterent
1715 2246 1745 2302 18
1764 2246 1817 2302 do·

1009 2353 1084 2393 mum
1105 2338 1177 2394 unde
1200 2338 1295 2395 ultimo
1308 2338 1407 2394 iuennt
1420 2337 1547 2410 professi.

1048 2427 1109 2482 101.
1126 2426 1300 2484 Statutumde
1311 2427 1444 2485 velatione
1464 2425 1634 2493 monialium,
1650 2441 1715 2498 quae
1730 2422 1819 2482 officia

1009 2517 1156 2574 habuerint
1170 2524 1197 2572 81
1210 2515 1370 2582 dimiserint,
1388 2516 1554 2588 approbatur
1568 2522 1595 2571 81
1609 2513 1799 2571 conlimatur.

1047 2607 1108 2661 1011.
1138 2604 1305 2677 iujungimus
1324 2603 1509 2661 visitatoribus
1528 2601 1644 2670 ordinis,
1660 2603 1738 2674 quod
1761 2617 1819 2657 non

1011 2702 1156 2751 vereantur
1178 2693 1320 2768 injungere
1342 2693 1479 2765 prioribus
1494 2691 1568 2765 quod
1595 2698 1690 2764 petant
1704 2689 1818 2746 miseri-

1011 2784 1143 2853 cordiam,
1162 2783 1375 2855 quotiescunque
1396 2781 1584 2839 rationabilem
1611 2795 1725 2838 causam
1740 2779 1819 2836 vide·

1011 2871 1064 2929 rint
1077 2886 1224 2943 apparere,
1240 2877 1267 2927 et
1284 2870 1402 2927 manime
1416 2870 1470 2926 illis
1493 2886 1563 2943 quos
1585 2869 1614 2925 in
1628 2870 1683 2926 hoc
1698 2867 1817 2925 viderint

1013 2960 1175 3017 obstinatos.

1050 3053 1110 3105 100.
1122 3048 1324 3106 Deliberationc
1338 3047 1454 3121 provida
1468 3046 1651 3114 statuendum,
1668 3046 1743 3120 quod
1760 3044 1816 3118 qut·

1015 3154 1122 3211 cunque
1137 3136 1263 3193 subditus
1285 3137 1435 3194 monachus
1450 3136 1494 3192 181
1504 3151 1655 3193 conversus
1666 3138 1818 3196 seureddi·

1014 3237 1067 3295 tus,
1093 3226 1257 3284 commiserit
1285 3225 1389 3283 crimen
1412 3223 1484 3295 furti,
1502 3241 1550 3281 seu
1574 3224 1758 3297 alienationis,
1773 3227 1818 3285 181

1013 3317 1189 3389 proprietatis
1212 3315 1281 3371 ultra
1319 3314 1441 3371 valorem
1463 3314 1545 3370 trium
1574 3313 1735 3381 solidorum,
1766 3332 1818 3375 nec

1013 3406 1072 3478 ipse
1086 3405 1171 3478 priori
1187 3418 1236 3460 suo
1252 3403 1347 3459 saltem
1364 3402 1516 3459 constitutis
1529 3402 1701 3474 temporibus
1714 3404 1745 3459 in
1760 3412 1818 3461 sta·

1014 3494 1077 3551 tutis
1093 3493 1235 3551 confessus
1245 3492 1335 3561 luerit,
1350 3492 1410 3564 ipso
1423 3491 1495 3548 iacto
1523 3491 1687 3547 sententiam
1701 3509 1818 3550 excom·

1013 3582 1204 3640 manicationis
1228 3580 1357 3649 incurrat,
1374 3588 1400 3637 ct
1421 3580 1494 3636 banc
1520 3581 1684 3636 senteutiam
1712 3581 1819 3637 denun-

1013 3673 1081 3728 11881
1104 3672 1183 3727 88818
1208 3670 1322 3743 singulis
1350 3671 1468 3741 priores,
1490 3668 1534 3725 181
1558 3669 1625 3741 ipsis
1654 3666 1818 3726 absentibus

1013 3759 1110 3818 vicarii
1124 3760 1152 3815 in
1162 3759 1289 3816 domibus
1299 3758 1355 3814 suis
1365 3757 1393 3813 in
1403 3757 1546 3815 Dominica
1555 3757 1648 3814 hamis
1663 3756 1819 3829 palmarum

1013 3850 1095 3906 latam
1126 3865 1177 3921 per
1202 3847 1348 3921 capitulum
1385 3845 1531 3919 generale;
1555 3845 1608 3902 hoc
1627 3845 1723 3902 addito
1745 3846 1819 3919 quod

1014 3939 1122 4010 priores
1129 3937 1235 4010 possint
1245 3935 1389 3993 absolvere
1403 3935 1473 3992 sicut
1481 3934 1567 4007 prius,
1579 3941 1606 3990 81
1621 3933 1717 3992 vicarii
1728 3951 1818 4010 usque

1015 4026 1050 4082 ad
1060 4026 1205 4083 adventum
1221 4023 1332 4098 prioris.

1051 4116 1112 4172 107.
1129 4115 1263 4171 Statutum
1278 4119 1362 4168 estut
1377 4111 1532 4185 quicunque
1548 4125 1701 4168 conversus
1716 4111 1752 4169 de
1768 4127 1818 4169 aaa·

1015 4210 1072 4260 tero
1091 4211 1232 4275 peccatum
1271 4201 1472 4258 incontinentia
1496 4199 1674 4270 commiserit,
1703 4200 1817 4256 domum

1015 4307 1092 4348 suam
1110 4298 1241 4363 perpetuo
1257 4288 1369 4354 amittat,
1387 4297 1413 4345 et
1436 4287 1472 4344 ad
1483 4295 1583 4344 statum
1597 4286 1708 4354 redditi,
1726 4288 1817 4360 quoad

1014 4380 1113 4437 victum
1142 4389 1168 4437 81
1195 4380 1305 4435 barbam
1330 4378 1501 4444 reducantur,
1519 4386 1545 4434 et
1572 4376 1672 4434 cellam
1691 4377 1819 4434 amittant

1014 4470 1073 4527 sine
1093 4484 1141 4541 spe
1164 4467 1386 4539 dispensationis.

1051 4560 1112 4613 108.
1129 4557 1261 4614 Similiter
1289 4556 1385 4612 cellam
1401 4554 1498 4611 amittit
1517 4554 1672 4628 quicunque
1695 4555 1818 4626 priorem

1015 4663 1092 4702 suum
1113 4645 1303 4713 diffamaverit,
1319 4653 1366 4700 aut
1385 4645 1514 4699 damnum
1539 4643 1635 4699 domus
1650 4657 1820 4714 procurare·

1015 4736 1058 4803 rit,
1075 4735 1248 4792 sollicitando
1276 4733 1427 4791 creditores
1441 4733 1478 4789 nd
1501 4731 1688 4804 recuperanda
1712 4730 1818 4798 debita,

1015 4825 1058 4880 vel
1081 4824 1249 4880 exhortando
1276 4823 1382 4895 aliquos
1400 4821 1435 4876 ad
1458 4820 1590 4893 capienda
1617 4819 1691 4876 bona
1707 4821 1818 4887 domus,

1014 4912 1058 4969 rel
1072 4912 1125 4967 alia
1135 4912 1236 4968 damna
1249 4910 1399 4968 inferendo.

1052 5003 1112 5057 108.
1129 5000 1198 5056 illud
1212 5000 1285 5056 idem
1295 5000 1456 5057 observetur
1469 4998 1497 5054 iu
1511 4997 1546 5053 de
1560 4996 1630 5053 iurtc
1643 5003 1669 5053 81
1692 4997 1820 5071 proprie·

1014 5097 1068 5145 tate
1084 5088 1226 5146 convictis.

1051 5181 1112 5234 110.
1130 5178 1264 5233 statutum
1278 5176 1376 5234 iactum
1392 5176 1466 5234 circa
1476 5174 1602 5231 victualia
1616 5190 1822 5232 conversorum

1015 5272 1076 5332 stet,
1092 5265 1128 5322 de
1142 5265 1281 5321 duobus...
1303 5280 1405 5337 panum
1430 5271 1535 5336 etpane
1563 5276 1716 5330 avenaceo,
1735 5271 1762 5320 81
1786 5264 1822 5320 dc

1013 5354 1076 5412 vino
1101 5354 1193 5410 dando
1229 5353 1400 5410 solummodo
1425 5351 1593 5423 temporibus
1619 5351 1744 5420 statutis,
1774 5368 1822 5409 se-

1012 5444 1131 5501 cundum
1162 5442 1278 5499 formam
1301 5442 1329 5497 in
1371 5441 1488 5508 statutis,
1513 5446 1668 5498 contentam
1704 5437 1824 5497 firmiter

1012 5533 1190 5591 observetur:
1205 5530 1241 5587 ita
1251 5532 1333 5604 quod,
1349 5547 1404 5588 non
1423 5529 1592 5587 obstantibus
1606 5527 1752 5602 aliquibus
1762 5545 1826 5588 ecn-
