3750 5984
60 197 128 251 tots
682 244 684 248 ,
753 192 841 250 VITA,
856 218 892 237 ..
910 191 974 252 up,
994 194 1027 253 q,
1640 188 1709 256 ΝΜ

65 318 267 389 manicationis,
284 326 379 391 quaet
406 334 500 391 regem
523 317 639 391 amplius
661 315 820 374 exacerbari
835 318 902 380 eta
948 319 1098 377 Discedens
1116 322 1208 394 itaque
1223 339 1239 378 a
1253 323 1411 393 londoniis,
1427 324 1462 381 ad
1491 339 1569 381 suam
1595 322 1709 381 festinus
1795 321 1801 328 ’

65 420 141 459 suam
157 403 446 502 eorumianocentiam
475 402 631 474 proveniret
653 401 808 475 periclitari.
915 409 1064 480 repedabat
1087 411 1252 481 Ecclesiam,
1281 413 1353 468 unda
1381 412 1550 484 proponebat
1571 411 1710 485 dispositis

102 493 165 548 llaec
181 492 227 546 ubt
242 506 371 563 episcopo
387 499 603 558 rnnotuerunt,‹
629 506 685 546 non
701 497 750 557 est,
766 489 862 560 inquit,
915 493 1040 548 omnihus
1069 494 1104 549 ad
1123 511 1218 568 regem
1238 495 1416 553 transfretare
1443 496 1533 566 citius,
1556 503 1585 551 ut
1626 509 1711 566 supra

65 580 180 635 istorum
195 595 305 635 servare
328 595 372 634 res
395 587 514 635 nostras.
532 580 601 635 liant
623 586 736 645 tanturn,
753 585 780 634 et
806 592 862 643 res,
916 580 1019 637 dictum
1036 590 1089 637 est.
1099 583 1178 639 Mane
1200 582 1284 656 igitur
1299 585 1417 656 quadam
1441 584 1486 640 die
1505 584 1648 640 Dominica
1660 598 1710 654 per

66 684 122 722 non
137 677 189 723 tam
204 676 324 735 nostras,
341 684 422 740 quam
443 683 488 723 res
512 667 630 724 dominae
648 674 749 724 uostrae
763 672 864 722 sauctae
915 669 1008 724 villam
1023 685 1105 742 quam
1120 671 1325 728 castrehantam
1334 672 1478 745 antiquitas
1493 670 1710 729 nominariinsti·

67 756 118 812 Dei
135 755 277 829 genitricis
303 756 404 822 blaviae,
422 764 450 811 ut
463 756 502 812 eis
531 755 676 822 videbitur,
707 761 861 811 tractent·
916 758 975 824 tuit,
1002 759 1103 830 agebat
1126 759 1186 815 iter.
1204 761 1327 833 Cumque
1344 761 1401 830 jam
1425 776 1495 832 pene
1523 768 1595 816 totus
1622 759 1710 815 comi-

67 846 132 901 llaec
161 845 265 911 dicens,
283 845 392 916 protulit
406 861 421 901 e
437 845 497 900 sinu
523 844 660 900 fimbriam
683 843 864 908 stolaslineae‚
916 854 989 902 tatus
1017 847 1090 902 illius
1121 849 1318 919 praecessisset,
1349 848 1418 920 ipse,
1456 864 1518 904 cum
1540 846 1712 920 paucissimis

71 950 125 1006 qua
140 935 210 990 collo
239 949 298 1004 suo,
330 933 394 989 dum
418 934 470 990 iter
494 941 599 1007 ageret,
621 947 731 1004 semper
745 945 866 1003 appensa
916 934 998 991 sociis
1013 934 1084 991 villae
1099 936 1217 992 madium
1235 936 1387 1009 ingressus,
1414 951 1515 1010 magno
1550 919 1639 1008 vulgi'
1658 933 1710 991 cla·

70 1024 198 1078 utebatur
213 1022 263 1077 suh
291 1037 377 1094 cappa
391 1038 451 1088 sua,
480 1037 595 1094 eamque
623 1036 706 1076 mann
734 1020 864 1091 agitans:
916 1023 1035 1078 mitantis
1049 1024 1170 1080 clamore
1185 1024 1275 1081 subito
1295 1024 1419 1082 vallatur.
1434 1026 1570 1080 Exoratur
1582 1030 1673 1080 antem
1694 1037 1712 1078 a

72 1133 83 1163 ι
101 1112 167 1168 llaeo
182 1119 264 1179 certe,
279 1111 375 1183 inquit,
392 1110 514 1167 restituet
527 1110 606 1166 nobis
620 1124 707 1182 usque
722 1108 758 1164 ad
773 1115 866 1165 extre·
917 1112 1017 1183 populo
1031 1112 1184 1168 conlluente
1200 1121 1228 1168 ut
1247 1113 1394 1185 quemdam
1416 1111 1612 1169 convicaneum
1634 1125 1713 1166 sunm

71 1216 146 1254 mum
174 1198 294 1266 obolum,
313 1222 324 1248 a
342 1198 475 1271 quidquid
488 1198 534 1253 isti
547 1197 673 1253 duxerint
694 1196 865 1268 rapiendum.
918 1199 1099 1257 asarvissimo
1114 1201 1237 1256 daemone
1259 1201 1413 1268 obsessum,
1433 1215 1518 1257 sacrae
1539 1216 1596 1256 suae
1621 1199 1714 1255 dexte·

71 1288 244 1360 veniensque
258 1287 285 1342 in
296 1287 386 1343 villam
402 1303 481 1342 suam
494 1286 690 1360 Buggedenam
702 1284 867 1357 appellatum
917 1288 1190 1361 reconsignatione
1233 1288 1394 1362 dignaretur
1430 1287 1601 1344 benedicere.
1625 1286 1714 1356 Quem

72 1376 130 1447 (ubi
145 1376 294 1431 litteramm
324 1375 597 1447 archiepiscopalium
616 1373 788 1446 supradictus
802 1387 868 1443 por·
918 1384 947 1431 ut
974 1376 1041 1431 vidit
1070 1383 1167 1447 aperto
1192 1375 1290 1432 domus
1307 1392 1363 1432 suae
1391 1376 1461 1433 ostio
1488 1375 1602 1432 interius
1622 1376 1715 1445 jacere

71 1465 135 1520 titor
162 1463 196 1519 ad
225 1464 300 1519 illum
321 1472 439 1531 venerat,
463 1464 633 1535 ubiquaque
655 1462 691 1517 de
718 1460 818 1517 tuenda
832 1458 868 1515 li·
919 1464 1043 1536 ligatum,
1059 1479 1122 1520 mox
1136 1464 1231 1536 spiritu
1259 1473 1331 1520 totus
1345 1463 1492 1536 infremuit,
1508 1480 1559 1521 nec
1573 1470 1717 1521 contentus

72 1552 370 1608 hertateecclesiastica
384 1551 469 1608 divini
494 1551 631 1624 quondam
663 1549 768 1607 oraculi
791 1547 867 1620 peri·
919 1553 1004 1622 illurn,
1017 1560 1046 1608 ut
1061 1560 1153 1608 erata
1182 1552 1304 1623 remotis,
1334 1552 1507 1620 benedicere,
1536 1567 1606 1626 equo
1634 1567 1716 1624 quem

72 1641 164 1698 culum
178 1657 227 1712 per
240 1641 426 1707 monitionem,
444 1648 473 1695 ut
493 1640 593 1695 dudum
610 1655 690 1710 supra
705 1652 906 1731 commemoB
920 1641 1030 1698 sederat
1053 1641 1205 1706 descendit,
1222 1641 1260 1698 ita
1282 1641 1376 1698 dicens
1393 1660 1399 1696 :
1418 1662 1430 1694 a
1459 1641 1530 1698 Proh
1544 1638 1638 1697 neiasl
1658 1640 1716 1697 haec

71 1738 159 1785 ratum
183 1737 242 1795 est,
258 1729 412 1800 acceperat)
434 1728 499 1798 justi
513 1727 642 1785 continuo
666 1727 770 1783 litteras
797 1724 866 1792 fieri,
922 1731 1014 1804 utique
1033 1747 1088 1789 non
1104 1747 1134 1787 se
1162 1738 1237 1787 recte
1273 1729 1384 1788 habent.
1403 1753 1414 1779 a
1435 1729 1571 1786 Cernebat
1598 1743 1716 1801 namque

72 1819 169 1890 quihus
185 1816 357 1889 praecipiebat
369 1816 567 1874 archidiaconis
581 1824 608 1872 et
623 1814 734 1872 decanis
747 1814 869 1871 locorum
921 1819 1053 1876 daemonis
1076 1819 1212 1892 captivum
1245 1819 1337 1889 iacere
1366 1817 1501 1889 supinum,
1522 1823 1657 1889 caputque
1683 1816 1718 1872 ad

73 1907 112 1979 (in
128 1906 226 1979 quibus
240 1904 701 1977 constitutaesuerintpossessiones
724 1903 872 1974 suaelqua·
921 1916 1039 1981 pestem,
1054 1917 1081 1964 et
1108 1922 1206 1965 mnnns
1228 1907 1351 1980 singulas
1373 1906 1407 1963 ad
1429 1904 1554 1979 singulos
1575 1904 1719 1961 hincinde

73 2004 163 2063 tanus,
179 1995 302 2051 adunatis
313 2011 407 2051 secum
426 1993 594 2051 vincinarum
613 1991 798 2049 Ecclesiarum
813 2007 872 2062 pre·
921 1997 1038 2069 paxillos
1052 1994 1337 2054 numnaltiusdefrxos
1351 1995 1454 2051 bebere
1470 1993 1619 2066 religatas;
1634 1993 1719 2066 pedes

75 2084 202 2154 sbyteris,
218 2099 290 2149 mox,
307 2092 336 2138 ut
349 2083 377 2138 in
395 2090 488 2155 partes
512 2081 619 2137 illorum
649 2079 774 2137 venirent
789 2094 870 2135 exse·
923 2101 1030 2162 quoque
1045 2085 1147 2158 pariter
1155 2085 1253 2155 juncti,
1269 2083 1333 2156 palo
1348 2089 1423 2139 erant
1435 2081 1548 2139 astricti.
1564 2080 1653 2155 Ipsius
1668 2097 1719 2137 au-

74 2180 183 2228 cutorcs
202 2171 356 2241 memorati,
380 2171 495 2243 pulsatis
519 2169 661 2241 campanis
688 2168 868 2240 accensisque
923 2183 977 2232 cern
992 2175 1065 2232 nenti
1079 2174 1240 2230 mirabiliter
1263 2172 1424 2228 rotabantur
1441 2170 1590 2243 ingyrum,
1606 2184 1721 2226 oenunc

74 2260 197 2317 candelis
211 2275 306 2316 omnes
321 2259 382 2315 illos
397 2260 563 2329 subjicerent
578 2257 754 2324 anathemati,
766 2257 812 2329 qui
827 2272 873 2313 res
922 2265 950 2320 in
965 2265 1048 2332 bene,
1065 2279 1137 2320 nune
1155 2263 1183 2318 in
1199 2262 1272 2318 illam
1287 2269 1392 2333 partem
1406 2258 1557 2317 miserabili
1571 2258 1624 2314 utu
1650 2272 1720 2315 con-

77 2348 201 2406 ecclesiae
225 2364 281 2404 suae
303 2347 437 2404 violenter
451 2348 623 2421 contingere,
640 2354 667 2402 et
680 2345 779 2415 injuste
791 2361 874 2402 occu·
924 2353 1112 2426 torquebarnr,
1138 2352 1217 2409 Nune
1234 2350 1357 2423 lingnam
1371 2349 1398 2404 in
1421 2349 1585 2405 immensum
1608 2354 1720 2419 proven.

74 2436 241 2536 parasite
269 2436 452 2508 Pfaecipiflssdo
482 2436 539 2493 Sive
567 2434 771 2508 Obsequsssdth
799 2450 873 2504 lliae·
924 2442 1008 2498 dehat
1023 2442 1058 2499 ab
1079 2457 1135 2510 ore,
1152 2457 1224 2497 nunc
1238 2438 1365 2496 dentibus
1381 2436 1524 2505 stridebat,
1555 2450 1628 2492 nunc
1647 2433 1722 2491 hiatu

76 2533 265 2598 sumisslsssssi·
860 2557 865 2563 ·
925 2530 1045 2587 lancium
1060 2529 1258 2586 immanissimo
1273 2526 1397 2600 patulum
1417 2524 1533 2600 gutturis
1550 2531 1680 2592 meatum,
1692 2537 1724 2578 ao

112 2617 160 2671 llis
175 2615 288 2671 inbuto
303 2615 412 2670 modum
440 2612 589 2684 dispositis,
607 2628 669 2670 tum
695 2627 790 2668 omnes
805 2627 875 2682 pens
926 2621 949 2675 si
969 2619 1106 2693 quoddam
1120 2620 1218 2690 ingens
1233 2617 1390 2672 barathrum
1405 2621 1487 2685 esset,
1504 2619 1531 2670 et
1556 2609 1722 2668 intuentibus

77 2706 119 2762 sni
132 2713 205 2761 metu
220 2712 246 2760 et
259 2701 462 2775 perturbatione
473 2701 628 2758 vehementi
643 2702 812 2767 fluctuarent,
828 2700 875 2757 ille
925 2709 1068 2765 horridum
1089 2706 1303 2763 demonstrabat.
1320 2704 1363 2761 td
1373 2719 1456 2777 quem
1479 2699 1580 2774 praesul
1595 2698 1724 2757 velociter

79 2795 190 2850 demum
211 2793 310 2850 iessilllo
333 2800 474 2862 exceptus,
497 2790 567 2847 adsi
588 2789 654 2845 nihil
679 2787 874 2862 inquietudinis
926 2813 1083 2865 accurrens,
1098 2796 1171 2853 sacto
1186 2810 1265 2867 super
1281 2810 1344 2851 gum
1360 2792 1439 2866 signo
1454 2797 1556 2848 sgngtae
1567 2787 1668 2855 prunis,
1683 2788 1724 2842 in.

78 2882 242 2954 pertulisset,
281 2879 472 2936 suavissimum
508 2879 537 2934 in
573 2893 699 2951 sopOrsm
738 2876 875 2948 extemplo
927 2887 1036 2944 clinavit
1055 2902 1095 2956 se,
1121 2892 1146 2941 et
1170 2884 1310 2941 dexteram
1325 2880 1483 2954 aliquandiu
1499 2893 1585 2952 prope
1598 2893 1631 2934 os
1651 2874 1724 2932 illius

79 2972 201 3026 membra
217 2969 327 3026 laxavit.
351 2969 409 3024 Nec
426 2983 509 3025 causa
526 2968 577 3024 ista
603 2967 638 3022 ad
666 2965 761 3022 intima
783 2964 875 3021 cordis
928 2976 1038 3033 tenebre
1060 2989 1221 3046 oppansam,
1244 2971 1434 3044 evangelicum
1448 2967 1557 3025 interim
1577 2964 1725 3038 capitulum

78 3061 137 3130 eius
147 3073 265 3131 unquam
280 3056 453 3129 Pineil'lbai·
469 3058 509 3112 Ea
535 3070 642 3128 (1110111ε
656 3062 736 3109 ”⁰⁰¹0
751 3052 876 3109 crebrius
926 3064 1047 3122 scilicet:
1063 3084 1074 3114 ι
1092 3063 1123 3118 ln
1139 3060 1274 3133 principio
1302 3067 1358 3115 erat
1373 3058 1494 3114 Verbum
1508 3056 1601 3127 (loon.
1617 3068 1637 3110 t.
1655 3054 1692 3122 t),
1711 3075 1722 3102 a

80 3149 160 3205 solito
175 3155 201 3202 et
215 3146 353 3211 intentius,
370 3160 403 3202 ac
417 3145 490 3202 velut
503 3161 566 3201 cum
581 3141 776 3199 vehementiori
791 3140 875 3212 spiri·
927 3168 994 3210 νοω
1009 3165 1158 3223 suppresse
1181 3163 1354 3221 percurrens,
1375 3148 1409 3202 Ει
1438 3143 1568 3202 cernebat
1594 3140 1725 3197 miserum

82 3244 126 3292 ²⁰⁸
138 3236 268 3308 impulsu,
292 3251 376 3292 amca
400 3235 497 3291 iterare
512 3249 566 3288 110ss
582 3231 732 3287 dssissiebai
754 3230 839 3299 tata).
927 3241 997 3298 iuter
1010 3241 1068 3297 haec
1083 3245 1174 3311 caput,
1192 3237 1265 3310 quod
1276 3238 1328 3293 huc
1338 3235 1457 3306 illucque
1471 3231 1658 3288 indesinenter
1668 3227 1728 3301 agi-

927 3338 984 3386 tare
999 3333 1188 3395 consueverat,
1200 3326 1341 3381 immotum
1352 3323 1456 3379 habere
1466 3329 1492 3377 et
1503 3319 1633 3393 quietum,
1642 3326 1672 3374 ut
1682 3333 1726 3374 so·

392 3404 505 3461 CAPUT
518 3403 555 3458 X·
927 3419 984 3475 lent
998 3433 1091 3485 canes,
1108 3431 1169 3473 curn
1197 3414 1266 3471 ictus
1286 3413 1381 3469 timent
1403 3408 1616 3483 castigantium
1632 3406 1727 3464 oculos

85 3545 160 3633 Quod
174 3560 383 3632 archiepiscopo
408 3556 577 3622 consulenti,
595 3557 627 3609 at
649 3554 777 3609 mitteret
791 3565 878 3623 peco-
930 3523 993 3565 vem
1004 3506 1054 3561 snb
1069 3503 1301 3604 ³⁵P¹⁰¹⁹⁰dieum
1316 3499 1434 3600 quidim
1452 3496 1606 3555 s⁰¹m¹d¹m⁵
1621 3502 1686 3596 nita
1699 3510 1727 3549 ω

118 3634 197 3688 niam
211 3632 280 3704 ,ψ’
297 3631 345 3702 qm·
367 3645 431 3684 eam
455 3626 580 3691 sitiebat,
609 3626 684 3680 ,mg
713 3623 880 3694 hydropicu,
929 3603 1034 3668 partem
1048 3609 1153 3650 vanam
1167 3591 1328 3649 meticulose
1343 3589 1476 3658 dingere.
1487 3586 1620 3642 Percurso
1634 3590 1728 3654 itaque

117 3719 220 3776 aquam
237 3700 382 3773 respondit
397 3719 405 3753 :
423 3719 434 3748 a
451 3699 480 3754 Si
495 3700 552 3768 ipsc
569 3694 736 3767 hydropicus
758 3696 811 3757 est,
831 3708 879 3763 epo
929 3681 1089 3756 Evangelio,
1106 3689 1135 3736 ut
1149 3681 1185 3736 ad
1202 3681 1302 3745 locum,
1312 3677 1359 3733 ubi
1375 3674 1473 3732 dicitur
1488 3692 1519 3728 :s
1536 3674 1650 3729 Plenum
1662 3685 1727 3745 gra-

118 3791 191 3847 ‘llml
205 3789 263 3829 '²072
274 3788 330 3840 ⁶²'⁰r
350 3795 361 3817 ’
378 3774 406 3826 ei
422 3769 455 3824 αθ
464 3769 612 3825 imiimi
623 3764 700 3838 “llud
711 3761 879 3820 Ciiilssil‘l'li
930 3773 974 3828 tiae
988 3779 1014 3826 ct
1033 3769 1153 3826 veritatis
1168 3768 1258 3840 (aad,
1271 3768 1325 3837 11),
1346 3786 1357 3815 a
1375 3763 1459 3831 venit,
1479 3761 1565 3819 erexit
1579 3776 1609 3817 se
1621 3759 1727 3833 episco-

117 3844 276 3916 saecundi.
930 3876 980 3934 pus
995 3867 1022 3916 ct
1030 3859 1177 3931 patientem
1190 3855 1346 3929 aliquandiu
1355 3851 1453 3909 tacitus
1462 3849 1663 3908 considerabat.
1676 3845 1728 3917 Qui
1781 3902 1785 3911 ,

118 3972 158 4026 Εο
174 3968 308 4040 siquidem
336 3963 464 4038 temporis
492 3960 607 4018 articulo
629 3959 705 4032 (1119)
720 3973 773 4031 quo
795 3954 881 4030 regiae
931 3956 1043 4023 repente
1054 3949 1081 4004 iu
1096 3956 1201 4020 partem
1216 3946 1331 4002 alteram
1340 3943 1444 4000 vultum
1464 3940 1498 3996 ab
1516 3939 1563 3996 illo
1576 3937 1727 4001 declinans,

82 4056 268 4116 insectationis
283 4054 403 4126 procella
417 4053 444 4108 in
459 4049 657 4108 Lincolniensis
671 4046 803 4105 Ecclesia
831 4061 881 4117 pa·
929 4038 1052 4111 linguam
1066 4052 1142 4093 more
1157 4032 1349 4091 subsannantis
1365 4030 1492 4104 produxit
1507 4028 1542 4084 ab
1561 4043 1620 4084 ore.

83 4156 195 4211 starem,
217 4144 391 4215 semetipsum
408 4157 458 4214 pro
488 4140 583 4197 ovibus
608 4136 664 4194 suis
688 4141 879 4208 exponentem,
966 4127 1043 4183 Tunc
1064 4125 1222 4197 indignatus
1240 4121 1285 4178 ille
1306 4129 1432 4176 strenuus
1453 4115 1594 4189 potestatis
1608 4113 1730 4170 adversa

82 4236 200 4308 primum
213 4232 346 4298 efferbuit,
369 4231 396 4286 id
425 4228 523 4286 accidit
559 4227 631 4300 quod
655 4224 806 4281 referimus.
842 4223 882 4278 Ea
933 4215 1094 4283 debellator,
1118 4227 1216 4284 aquam
1239 4217 1266 4265 et
1283 4207 1368 4263 salem
1394 4220 1470 4262 more
1497 4200 1682 4260 ecclesiastico
1703 4205 1731 4257 at

84 4339 202 4395 namque
212 4328 373 4392 tempestate
383 4319 455 4374 idem
465 4316 582 4389 pervigil
592 4310 816 4371 ovilisitominici
831 4325 881 4367 cu·
934 4305 987 4359 ritu
1001 4301 1141 4359 celerrime
1156 4297 1322 4355 benedicens
1332 4291 1610 4367 atquecommisceus,
1632 4304 1731 4362 asper-

83 4424 141 4469 stos
157 4411 310 4467 Londonias
335 4409 448 4474 adierat,
466 4422 528 4462 cum
550 4402 755 4473 archiepiscopo
778 4377 922 4455 ceteri-1)
937 4392 972 4448 sit
982 4405 1065 4463 super
1088 4388 1175 4458 illum,
1188 4385 1288 4456 jubens
1322 4398 1431 4455 quoque
1454 4378 1689 4440 circumstantibus
1705 4384 1734 4433 ut

85 4518 153 4574 sque
169 4500 245 4572 regni
260 4498 431 4570 optimatibus
446 4509 529 4565 super
544 4500 620 4548 tanto
633 4489 744 4562 negotio
759 4493 883 4543 tractatu·
936 4482 971 4536 de
990 4479 1087 4535 cadem
1102 4493 1170 4549 aqua
1189 4475 1214 4530 ci
1225 4475 1252 4530 in
1266 4489 1297 4530 os
1312 4473 1458 4528 mitterent.
1474 4470 1509 4526 Et
1519 4469 1556 4526 ita
1568 4468 1636 4526 dans
1646 4465 1734 4523 omni·

85 4608 143 4646 rus.
160 4588 296 4659 liquibus
310 4587 337 4640 in
353 4584 440 4640 solum
461 4580 566 4638 consilii
582 4577 740 4650 reportavit,
758 4584 786 4631 ut
799 4589 884 4647 pecu·
937 4569 988 4624 bus
1003 4565 1232 4633 benedictionem,
1244 4578 1344 4635 equum
1357 4559 1480 4616 ascendit
1496 4566 1577 4630 atquc
1595 4553 1732 4612 discessit.

86 4679 138 4734 niae
153 4677 271 4750 ingentis
286 4689 419 4729 summam
433 4688 448 4725 a
463 4669 570 4727 clericis
585 4667 642 4724 suis
658 4665 790 4737 erigeret,
802 4678 885 4736 quam
938 4655 1138 4713 benedicebant
1161 4668 1226 4708 vero
1255 4650 1331 4706 illum
1352 4647 1471 4705 universi
1485 4655 1510 4702 et
1522 4643 1632 4716 singuli,
1655 4657 1735 4698 asse-

86 4768 120 4823 ad
137 4766 286 4822 sedandum
303 4763 377 4835 regis
393 4759 467 4815 avari
479 4758 600 4814 furorem
621 4755 646 4810 ei
660 4771 711 4826 per
738 4751 885 4825 quemlihet
939 4752 1031 4801 rentes
1041 4742 1113 4815 quod
1125 4757 1221 4797 eorum
1236 4739 1389 4811 episcopus,
1407 4735 1486 4808 paulo
1501 4741 1563 4788 ante
1581 4731 1677 4787 eadem
1690 4728 1736 4786 via

87 4874 119 4911 ex
137 4855 193 4910 suis
213 4851 329 4911 celerius
341 4849 498 4905 destinaret.
515 4846 558 4902 tit
573 4858 690 4914 namque
704 4840 886 4912 archiepisco
939 4832 1122 4897 descendens,
1137 4846 1197 4887 cum
1223 4829 1336 4885 vidisset
1354 4823 1560 4886 daemoniacum,
1585 4817 1669 4874 nimio
1697 4825 1737 4871 ta-

86 4961 137 5016 pus
155 4959 161 4998 :
181 4967 192 4989 «ι
209 4944 250 4996 hu
266 4939 386 5003 nescitis,
399 4937 508 4992 domine
531 4933 670 5004 episcope,
696 4926 771 5002 quia,
786 4937 815 4984 nt
836 4928 886 4998 hy-
939 4929 998 4977 ctus
1013 4934 1125 4992 pavore,
1143 4934 1243 4990 equum
1255 4916 1299 4973 cui
1314 4913 1444 4970 insiderat
1454 4906 1608 4966 calcaribus
1622 4920 1736 4977 urgens,

87 5031 217 5103 dropicus
228 5044 338 5101 aquam,
355 5027 392 5081 ita
406 5024 534 5081 domiuus
549 5037 594 5077 rex
611 5019 667 5075 sitit
688 5014 854 5090 pecuniam?
874 5036 885 5065 a
938 5025 992 5066 non
1008 5008 1097 5064 solum
1111 5007 1216 5079 absque
1231 5002 1409 5061 subventione
1423 4998 1555 5054 miserum
1568 4991 1735 5066 pertransie-

89 5122 138 5175 Cui
151 5120 231 5177 citius
246 5133 320 5173 moro
336 5131 386 5171 suo
401 5114 446 5170 ille
462 5110 640 5183 responderat
658 5124 664 5161 :
682 5132 693 5155 «ι
713 5108 795 5162 Plane
824 5103 888 5159 etsi
938 5098 982 5166 rit,
999 5097 1057 5160 sed,
1067 5105 1197 5166 tanquam
1208 5095 1323 5165 ipsemet
1334 5089 1411 5146 iuriis
1432 5092 1572 5159 ageretur,
1593 5097 1665 5154 equo
1675 5097 1741 5138 cur·

88 5210 147 5281 ipse
170 5205 335 5279 hydropicus
350 5211 400 5270 est,
417 5202 465 5259 sed
486 5216 539 5274 ego
554 5214 624 5272 aqua
653 5212 708 5252 nou
724 5211 781 5262 ero,
808 5207 888 5265 quam
937 5194 1014 5243 rcnte
1021 5183 1166 5257 aufugerit.
1179 5183 1227 5239 Vir
1235 5189 1325 5238 autem
1341 5178 1396 5245 ille,
1412 5172 1671 5232 extuncliberatusa
1681 5169 1741 5224 daa-

90 5299 135 5353 ille
150 5295 292 5369 deglutiat.
937 5289 1028 5339 mone,
1042 5273 1125 5328 vitam
1148 5287 1225 5327 suam
1238 5270 1265 5325 in
1282 5275 1423 5340 posterum
1445 5264 1474 5320 in
1486 5261 1614 5319 omnibus
1638 5254 1742 5314 studuit

126 5475 195 5537 tila)
210 5475 293 5535 lmen,
306 5475 394 5535 dequo
407 5471 498 5524 dictum
511 5472 547 5520 cst
560 5467 602 5519 lib.
617 5481 644 5529 tt,
658 5479 680 5517 c.
694 5466 720 5515 8.

125 5545 193 5608 (119)
207 5542 362 5595 circuirem
382 5538 439 5592 aunt
452 5537 527 5600 taor,
541 5548 588 5600 quo
599 5535 715 5599 primum,
729 5536 755 5584 ut
768 5541 824 5582 mox
844 5523 965 5590 sequitur,
979 5519 1092 5575 etlerbuit
1111 5519 1148 5570 ira
1161 5518 1227 5583 regis
1238 5518 1263 5568 ln
1275 5513 1412 5576 hugonem.
