3742 5986
100 218 136 272 57
417 210 607 270 EXPOSITIO
631 215 668 271 ΙΝ
689 214 880 272 EPISTOLAS
904 214 1016 273 PAULI.
1036 246 1071 258 —
1091 215 1129 271 IN
1147 215 1256 272 EPIST.
1274 218 1322 274 Ab
1341 217 1426 275 ROM.
1714 224 1749 279 tta

102 337 328 411 ampliusvivere
342 337 448 393 debetis
455 338 488 393 in
502 346 617 410 peccato
626 341 687 408 illo,
699 340 763 413 quia
773 358 811 397 on
823 343 936 413 iqua-A
951 357 1098 413 possumus
1108 357 1164 397 non
1172 341 1275 399 servire
1285 351 1410 414 peccato.
1421 346 1493 402 Nam
1502 344 1549 401 ille
1560 347 1608 418 qai
1618 350 1750 404 mortuas

103 429 177 484 ratis
187 429 401 502 vosqsteanqae
412 427 694 501 baptisatisumusin
704 429 813 486 cbristo
824 432 899 498 lesa,
953 434 995 486 est
1012 430 1040 484 in
1056 430 1202 501 baptismo,
1216 447 1232 485 a
1246 439 1360 503 peccato
1374 434 1505 490 liberatus
1517 443 1567 491 est.
1578 434 1637 491 Nec
1647 436 1699 491 bec
1709 450 1750 491 se·

106 516 134 572 id
149 525 191 572 est
215 532 265 588 per
283 515 479 572 institutionem
504 517 611 582 Christi¹
635 517 678 573 vel
696 533 745 589 per
765 518 907 574 Christum
951 518 1018 585 lum,
1035 519 1084 574 sed
1100 519 1183 573 etiam
1191 521 1372 591 justificatas
1387 527 1546 597 apeecolo.

104 613 312 662 consecrantem
324 605 405 661 uobis
418 605 564 676 baptisma.
580 607 637 662 Nos
647 607 738 679 utique
753 608 900 681 baptizati,
986 608 1132 680 Postquam
1147 608 1181 663 de
1196 609 1282 679 prima
1296 611 1507 679 resurrectione,
1519 620 1630 684 quaeest
1639 611 1749 683 animae,
1851 609 1852 613 ’

102 695 130 751 id
145 702 188 750 est
202 693 286 749 abluti
300 710 315 748 a
330 694 448 765 peccatis
470 696 613 751 samaria
628 700 747 751 mortem
762 697 902 769 ipsias‚id
951 695 1114 751 sufficienter
1147 697 1263 767 edocuit,
1296 700 1432 771 quomodo
1465 708 1538 756 esset
1567 701 1748 768 observanda,

104 792 147 839 est
161 784 189 837 in
203 782 408 838 similitudinem
427 783 523 838 mortis
547 784 614 853 ejus,
630 792 659 840 ut
673 784 743 840 sicut
757 784 801 840 ille
817 784 901 840 semel
952 784 1091 858 subjungit
1106 785 1140 840 de
1164 787 1294 853 secunda,
1311 787 1406 844 diceus
1423 805 1430 843 :
1445 789 1502 844 Nos
1526 804 1587 845 eam
1611 790 1750 845 babituros

103 880 227 927 mortuus
251 880 292 927 est
315 880 342 926 et
364 887 473 942 semper·
493 872 566 938 vivit,
593 872 630 927 ita
654 880 681 928 et
700 889 750 928 nos
775 873 859 928 semel
873 873 901 927 in
950 872 1047 928 merito
1069 873 1165 943 prima
1185 873 1254 930 bene
1271 875 1431 930 custoditiae.
1449 877 1536 948 thue
1552 878 1640 950 magis
1655 877 1750 949 capia·

103 960 244 1032 baptismo
274 960 393 1031 peccatis
421 961 581 1028 moriamur,
615 968 642 1016 et
662 962 690 1016 in
709 959 901 1032 justificatione
951 975 1013 1015 mur
1036 976 1129 1015 amore
1152 962 1221 1031 ejus,
1260 963 1336 1034 ponit
1366 965 1629 1021 commendationem
1652 965 1748 1037 ipsius,

104 1066 218 1121 semper
232 1049 363 1105 vivamus.
380 1048 454 1104 Sicut
469 1049 593 1121 probavit
612 1049 686 1122 quod
701 1049 785 1105 semel
802 1049 901 1119 justili-
952 1049 1080 1119 aperiens
1104 1066 1184 1121 quam
1209 1050 1291 1124 digna
1312 1051 1347 1107 sit
1370 1061 1397 1108 et
1420 1069 1502 1125 quam
1523 1054 1605 1121 utilis,
1630 1054 1749 1111 dicens:

104 1138 158 1194 cati
173 1138 270 1192 iterum
294 1153 409 1210 peccare
424 1153 479 1193 non
500 1139 642 1206 debemus,
657 1139 697 1195 sic
711 1139 791 1194 etiam
806 1139 902 1210 probat
952 1137 1014 1192 Non
1031 1137 1119 1193 solum
1138 1138 1237 1193 mortui
1250 1149 1361 1210 peccato
1372 1139 1561 1210 justificamur,
1579 1159 1640 1214 quae
1651 1141 1750 1212 justili-

104 1226 177 1299 quod
191 1242 209 1281 a
224 1235 337 1297 peccato
361 1242 411 1282 nos
433 1227 504 1282 bene
522 1227 660 1283 continere
682 1244 835 1299 possumus,
861 1227 901 1282 di·
952 1226 1021 1282 catio
1037 1234 1079 1282 est
1093 1226 1183 1298 prima
1198 1228 1369 1295 resurrectio,
1388 1230 1530 1286 sedetiam
1546 1233 1571 1288 si
1585 1232 1692 1288 mortui
1706 1249 1752 1288 stt·

104 1330 173 1370 cens
188 1333 195 1370 :
212 1316 282 1370 Vere
295 1314 432 1385 justificati
449 1323 611 1387 potestatem
627 1316 767 1385 babemus,
785 1317 807 1370 si
823 1316 901 1372 volu·
951 1332 1015 1371 mas
1028 1324 1150 1387 peccato,
1171 1316 1224 1372 boc
1251 1323 1292 1372 est
1306 1333 1370 1373 cum
1384 1319 1501 1384 Christo,
1518 1327 1558 1390 ut,
1573 1320 1750 1391 quemadmo-

104 1419 177 1472 mus,
195 1419 249 1460 non
263 1403 405 1474 peccandi.
416 1405 487 1460 Nom
498 1420 548 1460 nos
560 1406 719 1479 consepulti
728 1421 835 1472 samos,
847 1421 902 1460 non
951 1403 1017 1458 dum
1033 1403 1154 1459 Christus
1174 1404 1260 1460 semel
1284 1414 1414 1472 mortuus,
1437 1422 1574 1479 nunquam
1589 1408 1623 1463 ad
1638 1408 1750 1479 deposi-

104 1493 194 1547 solum
210 1491 308 1548 mortui
327 1509 392 1548 cam
413 1493 532 1559 Christo,
559 1495 591 1549 in
609 1498 729 1550 moriem
741 1511 792 1566 pcr
806 1494 901 1567 bapti·
951 1500 1006 1547 tam
1027 1500 1187 1548 vetustatem
1211 1492 1299 1559 rediit,
1320 1495 1360 1550 sic
1382 1503 1409 1550 et
1432 1510 1482 1550 nos
1498 1496 1583 1551 semel
1596 1512 1646 1567 per
1659 1497 1750 1568 bapti-

104 1598 210 1648 smam,
234 1581 307 1653 quod
330 1583 562 1653 quemadmodum
587 1582 711 1638 Christus
735 1583 763 1638 in
778 1583 902 1654 sepulcro
952 1597 1040 1635 smum
1057 1581 1085 1634 in
1099 1589 1213 1652 peccato
1229 1582 1337 1648 mortui,
1354 1599 1409 1639 uon
1424 1591 1593 1639 revertamur
1606 1585 1641 1639 ad
1651 1600 1749 1656 peeca-

103 1670 211 1742 positus
235 1678 396 1741 potestatem
420 1686 474 1726 non
499 1670 594 1726 babuit
617 1670 766 1727 secundum
790 1686 901 1727 carnem
912 1703 939 1763 B
953 1675 1019 1734 tum,
1038 1669 1181 1725 credimus
1196 1669 1290 1742 utique
1312 1677 1339 1726 et
1363 1686 1413 1727 nos
1429 1671 1510 1727 etiam
1522 1674 1645 1728 vivemus
1660 1673 1688 1726 in
1702 1688 1752 1728 se-

104 1774 217 1813 manum
234 1759 276 1814 vel
290 1759 390 1830 pedem
405 1760 552 1816 extendere
566 1759 601 1814 ad
616 1767 693 1817 actus
703 1760 804 1815 veteris
816 1759 903 1815 bomi-
952 1757 1041 1812 cunda
1058 1758 1258 1814 resurreetione
1273 1759 1368 1826 simol,
1391 1758 1418 1813 id
1434 1767 1475 1815 est
1489 1759 1551 1816 iacti
1566 1760 1750 1831 impassibiles

105 1847 159 1914 nis,
175 1848 216 1902 sic
230 1855 256 1902 et
278 1847 367 1914 nobis,
391 1848 414 1902 si
428 1849 562 1914 volumus,
582 1848 610 1903 in
632 1847 767 1920 baptismo
781 1856 903 1920 potesta·
954 1853 980 1901 et
996 1845 1184 1912 immortales;
1201 1862 1290 1919 neque
1305 1848 1356 1902 boc
1371 1846 1435 1903 alibi
1449 1848 1501 1903 nisi
1515 1864 1580 1904 cam
1590 1848 1708 1914 Christo,
1722 1849 1750 1904 id

106 1944 161 1991 tem
177 1936 253 1992 dedit
273 1937 330 2006 jam
355 1936 469 2007 amplius
488 1951 543 1992 non
566 1936 720 1992 revertendi
735 1937 770 1992 ad
785 1945 903 1993 vetusta·
953 1941 995 1989 est
1010 1933 1037 1988 in
1053 1934 1140 1991 oculis
1156 1935 1213 2004 ejus
1237 1936 1359 1991 vivemus
1381 1936 1462 2008 positi
1475 1936 1703 2008 incorruptibiles.
1720 1936 1749 1992 Si

105 2033 161 2080 tem
189 2024 305 2095 peccati.
330 2025 372 2081 Ad
396 2026 448 2082 boc
466 2025 558 2097 utique
581 2025 732 2097 consepulti
752 2042 854 2092 sumus,
871 2030 904 2082 ut
953 2023 1052 2077 mortui
1069 2039 1163 2078 sumus
1178 2039 1238 2079 eum
1249 2023 1367 2091 Christo,
1383 2023 1505 2095 prolecto
1523 2025 1660 2081 credimus
1676 2024 1749 2097 quod

108 2113 246 2186 quomodo
263 2114 389 2170 Christos
403 2114 531 2170 surrexit
546 2131 564 2170 a
577 2114 709 2184 mortuis,
718 2130 773 2170 non
787 2115 903 2186 amplius
953 2111 1077 2168 vivemus
1094 2127 1156 2168 cum
1172 2111 1287 2179 Christo,
1311 2115 1432 2169 scientes
1450 2113 1504 2170 boc
1527 2114 1598 2187 qood
1621 2113 1749 2169 Christos

107 2209 299 2273 resumpturus
318 2209 408 2258 actum
431 2202 602 2258 mortalitatis
624 2203 750 2272 (surrevit
765 2203 837 2269 dico,
853 2220 904 2276 per
953 2217 1072 2271 serpens
1087 2218 1104 2257 a
1119 2202 1239 2257 mortuis
1249 2204 1312 2274 jum
1326 2218 1383 2258 non
1396 2204 1527 2268 moritur,
1544 2201 1573 2257 id
1581 2209 1623 2257 est
1629 2202 1684 2271 jam
1695 2217 1750 2257 non

103 2291 227 2363 pieriam
244 2292 351 2357 Patris,
366 2291 394 2346 id
410 2298 451 2346 est
465 2307 515 2363 per
529 2291 648 2347 Verbum
663 2291 714 2346 sibi
729 2292 843 2359 unitum,
860 2291 904 2348 vel
953 2288 1067 2344 ulterius
1090 2298 1207 2344 mortem
1229 2288 1367 2361 gustabit;
1383 2289 1446 2362 quia
1468 2288 1553 2346 semel
1576 2297 1699 2345 mortuus
1713 2290 1749 2345 ad

105 2387 222 2451 propter
235 2378 461 2450 magnificandam
476 2379 592 2453 gloriam
607 2379 715 2451 Patris),
730 2382 773 2436 ila
786 2395 837 2436 nos
851 2396 903 2453 po·
950 2375 1173 2447 justificationem
1197 2377 1319 2432 omnium
1343 2377 1478 2434 sufficiens
1499 2378 1557 2434 luit.
1581 2379 1639 2435 Nec
1660 2378 1749 2434 solum

103 2469 157 2523 siti
172 2470 205 2523 ia
219 2470 346 2524 cantate
356 2469 431 2536 oitoe,
449 2467 477 2522 id
496 2475 537 2523 est
551 2467 579 2522 in
594 2469 790 2525 resurrectione
805 2469 903 2525 animae
953 2481 1009 2521 nou
1023 2465 1148 2536 moritur,
1166 2466 1214 2521 sed
1229 2466 1311 2521 etiam
1325 2481 1401 2522 mors
1411 2483 1468 2522 non
1478 2468 1610 2523 illialtro
1620 2467 1749 2524 domina·

103 2572 156 2627 per
178 2555 343 2627 baptismum
364 2555 526 2626 justificatae,
548 2556 723 2613 ambutemus
737 2555 903 2628 proficiendo
933 2587 936 2592 ·
953 2555 1040 2610 bitur.
1057 2553 1181 2609 Dominis
1194 2554 1288 2610 mortis
1303 2562 1365 2609 sunt
1377 2572 1384 2608 ε
1396 2555 1502 2621 Fames,
1515 2555 1642 2623 esuries„
1657 2554 1749 2610 febres

105 2645 133 2698 in
149 2652 261 2715 accepta
276 2644 405 2700 novitate.
422 2645 493 2700 Vere
508 2645 535 2698 in
549 2644 667 2702 novitate
682 2645 743 2700 vitae
757 2661 903 2716 possumus
953 2650 979 2698 ct
999 2659 1168 2714 quaecunque
1191 2642 1318 2699 miseria.
1342 2643 1427 2714 Caput
1447 2644 1528 2698 etiam
1553 2652 1580 2699 et
1604 2643 1750 2715 completio

104 2732 258 2789 ambulare.
282 2733 352 2788 Nam
373 2748 424 2788 nos
448 2749 542 2788 sumus
566 2732 669 2788 slmiles
697 2733 903 2789 resurrectionis
953 2730 1074 2786 omnium
1094 2731 1277 2800 miseriarum,
1294 2747 1379 2786 mors.
1395 2731 1450 2787 Sed
1464 2748 1515 2788 uec
1530 2747 1614 2798 mors,
1630 2747 1682 2788 nec
1696 2731 1749 2786 mi-

105 2823 177 2891 ejus,
193 2821 266 2893 quia,
292 2821 521 2893 quemadmodum
544 2821 665 2876 Christus
688 2837 836 2895 resurgens
850 2837 902 2878 no·
953 2818 1033 2876 serite
1057 2835 1116 2892 quae
1140 2827 1203 2874 sunt
1216 2819 1376 2890 praenuntiae
1398 2819 1509 2887 mortis,
1538 2820 1750 2876 dominabuntur

104 2927 157 2965 vus
172 2911 254 2966 bomo
267 2909 324 2977 luit,
350 2910 428 2965 itaet
451 2926 502 2965 nos
525 2926 575 2980 per
590 2910 755 2982 baptismum
770 2919 903 2966 vetustate
952 2907 1067 2979 amplius
1091 2908 1197 2964 Christo
1222 2907 1307 2964 semel
1330 2916 1449 2964 mortuo.
1472 2909 1543 2964 llere
1558 2907 1679 2964 Christus
1691 2908 1749 2978 jam

104 2999 211 3071 peccati
226 2999 361 3070 deposita,
385 2998 412 3053 in
427 2998 546 3055 novitate
561 2999 696 3055 bonorum
711 3015 823 3071 operum
839 2999 902 3055 novi
953 3012 1008 3051 non
1023 2996 1145 3052 moritur.
1161 2998 1230 3052 Nam
1245 2997 1298 3053 hoc
1312 2996 1383 3071 qued
1397 3001 1711 3070 mortuuscstpeceoto,
1721 2996 1749 3052 id

104 3087 233 3142 homines
248 3087 342 3142 simus.
358 3087 393 3142 Et
413 3103 477 3143 vere
491 3086 593 3142 similes
616 3086 824 3143 resurrectionis
847 3055 936 3142 eri-⁰
952 3093 993 3140 est
1007 3085 1041 3139 ad
1055 3085 1269 3142 destructionem
1283 3085 1397 3158 peccati,
1412 3090 1541 3143 mortuus
1555 3089 1597 3142 cst
1612 3086 1709 3153 semel,
1721 3084 1749 3141 id

104 3191 177 3240 mus,
188 3178 214 3231 si
230 3178 419 3248 complantati
429 3192 549 3242 somam
566 3190 618 3231 uec
627 3191 678 3247 per
692 3191 742 3231 nos
752 3177 804 3232 boc
813 3182 904 3247 potest
953 3182 994 3230 est
1008 3173 1093 3230 semel
1107 3173 1177 3230 mori
1192 3173 1306 3231 suffecit.

104 3351 169 3408 dini
183 3354 283 3409 mortis
297 3355 367 3426 ejus,
383 3352 466 3408 idest
482 3352 504 3407 si
519 3353 678 3408 commortui
687 3352 818 3408 fuerimus
827 3351 904 3407 Chri·
952 3351 1041 3418 nohis,
1058 3351 1259 3423 perseverando
1274 3351 1302 3406 in
1316 3359 1429 3423 accepta
1435 3351 1635 3421 justificatione.
1648 3352 1749 3407 Probat

104 3450 158 3508 sto,
175 3457 207 3496 ea
223 3440 301 3497 36
316 3440 501 3508 similitudine,
516 3448 544 3496 ut
558 3441 629 3497 sicut
648 3441 693 3496 ille
708 3440 792 3496 semel
815 3441 903 3512 depo·
952 3439 1033 3494 etiam
1057 3440 1129 3512 quod
1152 3455 1225 3495 mors
1249 3439 1322 3494 ultra
1343 3455 1398 3494 non
1419 3440 1602 3495 dominabitur
1628 3440 1746 3496 Christo.

104 3530 166 3584 sitis
180 3530 296 3586 miseriis
308 3530 409 3587 veteris
424 3529 550 3597 bominis,
567 3530 600 3585 ad
616 3529 677 3585 illas
688 3530 757 3584 ultra
767 3544 822 3585 non
832 3530 904 3585 red·
952 3529 1022 3583 Nam
1037 3528 1089 3583 boc
1103 3529 1175 3600 qood
1189 3528 1258 3583 civil
1271 3528 1340 3583 uiuit
1355 3528 1416 3583 Deo.
1434 3528 1462 3582 id
1477 3537 1517 3582 est
1532 3526 1587 3583 vita
1602 3528 1652 3584 Dei
1664 3547 1671 3595 ;
1685 3527 1748 3600 quia

102 3619 144 3686 iit,
162 3619 202 3674 sic
216 3626 243 3674 et
257 3634 318 3686 nos,
340 3618 367 3674 in
387 3618 521 3690 baptismo
535 3618 619 3673 semel
634 3618 758 3689 deposita
772 3625 903 3673 vetustate
953 3616 976 3671 si
991 3616 1220 3688 quemadmodum
1236 3615 1309 3671 Deus
1324 3615 1389 3672 vivit
1402 3614 1566 3672 aeternaliter
1579 3615 1672 3671 etsine
1682 3630 1748 3671 cor-

103 3707 223 3778 peccati,
249 3707 284 3762 ad
306 3707 372 3762 illud
393 3706 462 3761 ultra
486 3722 542 3762 non
567 3705 766 3778 regrediamur.
787 3706 815 3761 Si
830 3705 903 3761 enim
952 3703 1088 3774 mptione‚
1111 3703 1234 3775 prolecto
1257 3703 1361 3758 nullum
1381 3703 1531 3758 dominium
1555 3703 1583 3757 in
1606 3719 1640 3759 eo
1654 3703 1748 3759 mortis

104 3796 145 3851 sic
160 3795 332 3867 complantati
356 3811 451 3850 sumus
472 3794 640 3850 similitudini
660 3794 756 3849 mortis
772 3795 841 3864 ejus,
860 3796 902 3850 si·
952 3791 1011 3847 erit.
1029 3791 1108 3860 Quod
1122 3791 1188 3846 dixit
1202 3792 1230 3847 in
1243 3799 1300 3848 toto
1324 3791 1425 3848 debere
1439 3791 1571 3848 commori
1585 3791 1702 3859 cbristo,
1719 3799 1750 3848 ut
1807 3830 1810 3836 ,

102 3886 167 3940 mul
178 3887 265 3940 etiam
277 3883 373 3939 merito
387 3883 488 3939 unitate
503 3883 599 3938 mortis
609 3885 717 3939 emmas
726 3881 903 3953 complantati
952 3879 978 3935 ei
992 3880 1176 3944 convivamus,
1199 3880 1309 3950 adaptat
1324 3880 1405 3936 modo
1420 3880 1560 3948 Romanis,
1577 3895 1691 3952 quorum
1706 3879 1750 3936 bic

102 3972 274 4028 similitudini
289 3973 505 4028 resurrectionis
520 3971 596 4042 ejus,
612 3971 640 4025 in
654 3971 774 4027 novitate
787 3986 903 4042 operum
952 3968 1110 4025 intendebat
1125 3967 1305 4034 instructioni,
1322 3968 1417 4025 dicens
1434 3967 1681 4042 :Quandoquidem
1696 3984 1748 4024 ne-

104 4061 290 4134 proficientes.
306 4059 488 4131 complantati
503 4060 536 4114 ab
551 4060 597 4114 illa
612 4059 787 4116 similitudine
801 4059 902 4114 dictum
952 4073 1030 4114 cesse
1050 4064 1092 4112 est
1112 4057 1244 4112 commori
1269 4056 1384 4123 Christo,
1402 4057 1425 4111 si
1441 4057 1565 4113 volumus
1580 4056 1672 4112 vivere
1687 4072 1748 4113 cum

104 4158 157 4214 est,
173 4165 227 4220 qua
242 4165 333 4204 ramus
347 4148 426 4204 bonae
448 4146 563 4214 arboris,
588 4155 685 4203 trunco
703 4147 782 4202 malae
796 4147 903 4203 arboris
952 4161 1002 4212 e0;
1027 4147 1078 4210 ito,
1109 4145 1137 4200 id
1165 4152 1207 4200 est
1234 4145 1285 4201 bac
1313 4144 1414 4201 ratione
1436 4145 1524 4201 edocti
1547 4161 1603 4209 vos,
1620 4144 1746 4214 Romani,

87 4237 245 4304 inseritur,
262 4236 418 4308 fructusque
434 4251 520 4292 novos
538 4235 640 4290 ibidem
654 4234 738 4303 iacit,·
754 4235 793 4291 sic
809 4243 835 4290 et
849 4251 902 4290 no·
952 4235 1118 4290 existimate
1134 4249 1179 4289 vos
1194 4233 1305 4305 quidem
1320 4249 1377 4289 esre
1393 4237 1518 4289 mortuos
1532 4237 1657 4306 peccato,
1667 4232 1694 4288 id
1707 4240 1749 4288 est

106 4327 177 4381 vitas
188 4323 388 4395 justificationis
402 4325 504 4381 inserta
520 4333 616 4380 trunco
629 4331 729 4379 nostrae
750 4324 901 4392 vetustatis,
952 4322 1054 4378 credite
1069 4336 1118 4377 vos
1132 4330 1256 4377 mortuos
1271 4336 1332 4376 esse
1346 4321 1375 4375 in
1388 4320 1534 4393 baptismo,
1555 4337 1590 4376 ne
1604 4320 1675 4377 ultra
1688 4337 1749 4376 ma-

107 4414 243 4471 erstiucto
260 4429 358 4485 sapore
373 4413 468 4478 veteri,
485 4413 587 4469 fruetus
602 4412 685 4468 iaciat
699 4412 808 4468 insertae
821 4411 939 4472 novi-D
953 4427 1018 4465 num
1033 4409 1179 4482 porrigatis
1193 4409 1226 4464 ad
1241 4417 1330 4465 actum
1344 4409 1466 4480 peccati;
1484 4410 1589 4482 quodsi
1604 4409 1639 4465 ita
1650 4408 1749 4465 mortui

105 4503 181 4558 tatis.
198 4502 306 4558 Similes
328 4501 421 4575 utique
443 4486 539 4557 mortis
558 4500 803 4556 Christidebemus
818 4500 901 4556 lieri:
952 4500 1027 4564 estis
1059 4498 1209 4553 existimate
1235 4498 1314 4553 etiam
1342 4513 1391 4553 vos
1418 4498 1541 4554 uiuentes
1569 4499 1633 4563 Deo,
1657 4497 1685 4553 id
1708 4505 1750 4554 est

104 4593 233 4647 Scientes
244 4591 366 4663 becquia
376 4594 455 4646 octos
464 4591 545 4646 bomo
554 4592 652 4645 noster
661 4589 820 4646 aimiricum
828 4588 904 4644 Chri·
952 4587 979 4642 in
993 4595 1103 4658 accepta
1115 4585 1308 4656 justificatione
1323 4586 1421 4642 auimae
1446 4586 1568 4642 viventes
1580 4595 1607 4642 et
1621 4588 1674 4643 boc
1687 4603 1748 4642 me-

106 4684 150 4735 sto
166 4680 322 4750 affixusest
332 4681 412 4736 cruci
424 4696 431 4734 :
443 4679 477 4732 ad
487 4677 550 4746 boc,
562 4681 595 4733 at
605 4678 772 4733 destruatur
782 4679 813 4732 in
824 4677 902 4732 nobis
953 4675 1003 4732 rito
1017 4676 1045 4730 in
1060 4674 1235 4747 corruptione
1249 4691 1396 4747 corporum
1409 4674 1528 4731 victuros
1545 4689 1551 4730 :
1568 4684 1595 4731 et
1603 4677 1655 4732 boc
1663 4683 1749 4731 totum

107 4784 210 4840 corpas
224 4767 350 4839 peccati;
361 4767 396 4821 ita
411 4767 567 4821 destruatur
580 4781 680 4837 corpus
690 4773 813 4821 nostrum
827 4766 855 4820 in
870 4780 903 4822 eo
952 4767 984 4822 in
1002 4764 1111 4820 Christo
1124 4766 1200 4831 lesa,
1216 4764 1243 4819 id
1258 4773 1300 4820 est
1310 4781 1359 4835 per
1370 4763 1506 4820 Christum
1515 4764 1619 4831 lesum,
1633 4764 1678 4835 qui
1687 4764 1749 4820 etin

105 4856 180 4928 quod
193 4855 335 4926 peccabat,
351 4859 384 4910 ut
400 4854 841 4926 ultraconseruiomuapeccoto,
854 4854 903 4909 sed
952 4852 1081 4924 prasenti
1101 4852 1241 4922 justilicat,
1263 4860 1291 4907 et
1312 4853 1340 4907 in
1356 4850 1548 4921 justificatione
1581 4868 1750 4923 permaneu-

105 4944 251 5015 imperium
266 4943 415 4998 babeamus
437 4959 521 5014 super
539 4949 692 5014 peccatum.
709 4941 840 4997 Dominus
854 4942 903 4997 Je-
953 4940 1025 4995 tibus
1039 4941 1120 4996 vitam
1135 4949 1262 4996 aeternam
1285 4949 1428 5012 praeparat.
1451 4938 1531 5009 Quod
1545 4939 1649 4996 dixerat
1665 4958 1749 5014 supe-

105 5049 153 5088 sus
168 5031 241 5087 aliud
257 5048 344 5105 genus
359 5031 454 5087 mortis
469 5031 492 5086 si
502 5030 583 5087 vellet
609 5029 710 5102 eligere
735 5038 837 5101 posset,
854 5030 904 5086 sed
953 5029 1020 5095 rius,
1037 5045 1087 5084 nos
1110 5038 1231 5085 mortuos
1252 5046 1313 5085 esse
1336 5036 1459 5100 peccato,
1481 5037 1507 5084 et
1526 5029 1673 5085 vivendum
1688 5047 1750 5087 esse

104 5138 161 5177 non
177 5121 236 5175 sine
251 5120 381 5192 mysterio
406 5118 566 5193 eruciaffigi
582 5118 671 5192 magis
686 5119 779 5187 voluit,
796 5118 903 5191 signiti-
955 5117 1363 5184 3'1Deo‚videusb0minem
1378 5117 1545 5173 nullomodo
1560 5118 1682 5188 possein
1698 5120 1750 5174 hac
1807 5159 1811 5171 .

104 5226 173 5266 cans
188 5209 278 5276 nobis,
294 5217 322 5263 ut
337 5207 564 5280 quemadmodum
578 5223 675 5262 manus
690 5215 716 5263 et
730 5207 824 5278 pedes,
841 5223 903 5262 sen·
952 5205 1007 5261 vita
1023 5222 1052 5261 se
1067 5206 1196 5262 cohibere
1211 5223 1227 5262 a
1246 5206 1407 5276 venialibus,
1432 5206 1593 5262 determinat
1608 5206 1635 5260 in
1651 5205 1750 5278 quibus

104 5315 153 5354 sus
170 5297 274 5354 seilicet
292 5298 428 5353 humanus
450 5295 544 5351 affixos
570 5295 675 5364 babuit,
691 5296 731 5352 sic
745 5303 771 5351 et
785 5311 836 5350 nos
849 5309 904 5350 uon
953 5295 1071 5366 peccatis
1094 5295 1164 5351 mori
1185 5296 1334 5351 debeamus
1349 5303 1376 5351 et
1390 5295 1526 5367 possimus
1543 5310 1549 5348 τ
1565 5293 1654 5349 sciens
1668 5293 1750 5348 iomi-

106 5387 195 5442 solum
210 5402 305 5458 opera,
317 5386 366 5442 sed
381 5386 462 5442 etiam
479 5401 576 5440 sensus
586 5383 681 5441 affixos
695 5385 852 5450 babeamus,
869 5400 903 5440 ne
953 5391 1007 5438 tem
1022 5385 1126 5456 peccati
1143 5384 1301 5440 naturaliter
1315 5386 1405 5441 inesse
1420 5385 1527 5457 cuique.
1549 5382 1602 5438 Sed
1613 5397 1670 5451 ram
1685 5397 1752 5437 con-

105 5475 263 5549 cogitemus
279 5475 323 5531 vel
338 5490 483 5547 operemur
497 5473 580 5530 mala.
596 5474 630 5530 Et
645 5473 715 5533 bene
730 5473 862 5530 debemus
877 5480 904 5532 et
953 5473 1051 5533 tortato
1065 5472 1151 5534 libero
1169 5472 1293 5543 arbitrio,
1317 5490 1463 5553 possumus
1485 5486 1613 5536 coercere
1629 5469 1750 5534 fomitem
