3742 5986
79 223 109 275 ot
401 217 594 276 Exrosttto
613 217 650 275 nt
668 214 861 274 Ertstotts
879 215 991 272 raum.
1011 245 1047 258 -
1065 215 1103 272 IN
1121 214 1231 271 horst.
1252 215 1300 271 AD
1319 212 1405 271 hou.
1694 211 1728 268 δι

78 344 107 399 id
124 351 176 414 est,
192 343 220 399 in
235 343 433 416 plenitudinem
445 344 568 414 justitia.
591 342 669 414 lmpii
690 349 806 399 mortem
833 341 917 404 ha·A
934 363 945 388 v
962 339 1062 397 malum
1077 341 1129 397 hoc
1143 355 1207 414 ago.
1224 339 1253 396 Si
1268 347 1357 395 autem
1379 338 1452 411 quod
1475 336 1539 394 nolo
1560 335 1627 392 illud
1646 332 1729 402 facio,

82 432 159 498 hent,
178 432 230 489 sed
244 448 293 488 vos
306 433 413 488 habetis
435 433 522 502 finem
545 433 634 489 vitam
648 435 796 488 aurnum.
812 431 883 485 Vere
934 450 945 481 ι
960 430 1017 499 jam
1032 444 1087 484 non
1101 444 1154 502 ego
1164 444 1265 499 operor
1279 428 1354 495 illud,
1376 427 1425 483 sed
1441 427 1512 500 quod
1527 423 1672 480 habitatin
1685 438 1730 479 me

82 537 160 577 mors
177 528 218 577 est
232 519 294 576 linis
318 521 440 577 illorum:
461 537 525 576 nam
549 538 624 579 mors
647 526 690 576 est
707 519 883 592 stipendium
934 527 1111 589 «peccatum.
1121 517 1233 573 lnvenio
1249 517 1333 589 igitur
1341 516 1430 587 legem
1439 514 1541 571 volenti
1549 512 1616 569 mihi
1635 511 1731 568 iacere

80 611 204 682 peccati,
222 608 249 664 id
264 617 314 676 εει,
330 618 474 682 peccatum
498 609 634 664 ministrat
651 610 724 664 hanc
738 607 846 679 stipem,
855 605 884 661 id
934 607 1075 673 «honum,
1091 605 1219 678 quoniam
1242 604 1308 659 mihi
1331 604 1432 659 malum
1456 603 1570 672 adjacet.
1593 600 1730 657 Condcle-

82 707 124 753 est
140 705 265 754 mortem.
283 697 453 769 Stipendium
466 698 575 764 dicitur,
593 699 646 754 hoc
660 697 734 770 quod
749 695 881 762 tribunus,
934 716 945 746 ι
963 703 1022 751 ator
1036 695 1108 751 enim
1123 694 1178 767 legi
1186 693 1235 749 Dei
1244 694 1394 750 secundum
1404 692 1563 748 interiorem
1577 690 1729 745 hominem.
1751 706 1753 711 ¹

82 785 130 841 vel
144 795 256 858 praetor,
273 795 387 858 pensata
404 788 532 843 mercede
553 786 657 854 militis,
672 785 807 840 ministrat
815 783 841 839 ei
855 783 884 838 in
934 804 945 834 ι
963 783 1049 838 Video
1064 792 1154 838 autem
1168 782 1248 837 aliam
1262 782 1353 855 legem
1372 781 1400 836 in
1423 780 1553 836 membris
1579 779 1657 847 meis,
1687 792 1730 834 re·

81 875 215 930 exercitu.
232 877 304 931 llors
318 876 433 931 habetur
446 892 479 932 ex
502 883 626 947 peccato,
650 873 883 930 sedvitooeterno
934 879 1129 945 «pugnantem
1152 870 1207 944 legi
1230 870 1326 926 mentis
1340 886 1418 936 mem,
1445 877 1472 925 et
1486 868 1670 940 captivantem
1684 880 1729 922 me

82 963 202 1019 habetur
215 981 266 1036 per
279 965 403 1035 gratiam
417 965 478 1020 Det.
501 964 573 1021 Licet
587 963 661 1020 enim
675 962 784 1034 aliquod
799 960 883 1016 meri-
935 983 946 1005 ι
963 959 1109 1032 [captivum
1130 975 1173 1015 me
1184 957 1337 1031 dueentem]
1361 959 1389 1014 in
1403 957 1465 1032 lege
1489 956 1595 1028 peccati
1614 971 1674 1028 qum
1689 960 1732 1010 est

80 1059 141 1106 tum
156 1052 192 1107 sit
205 1051 252 1120 ibi,
281 1052 369 1124 prima
393 1060 485 1108 tamen
511 1050 667 1122 justificatio
694 1050 744 1106 suit
772 1067 805 1105 ex
825 1049 884 1106 sola
935 1071 946 1096 u
968 1048 996 1102 in
1011 1048 1142 1103 membris
1156 1047 1235 1103 meis.
1252 1046 1347 1102 Infelix
1362 1047 1516 1120 egohomo,
1530 1044 1590 1117 quis
1601 1059 1646 1099 me
1659 1042 1731 1099 liba·

80 1140 183 1212 gratia.
207 1143 240 1196 Et
268 1141 382 1197 directio
409 1141 471 1197 vitae
503 1158 564 1214 quae
591 1140 721 1213 sequitur,
738 1147 765 1195 et
787 1138 884 1194 eadem
936 1137 1035 1191 «rabit
1050 1137 1084 1192 de
1104 1151 1220 1207 corpore
1234 1136 1329 1191 mortis
1356 1136 1464 1206 hujus?
1486 1133 1580 1191 Gratia
1605 1131 1664 1198 Dei,
1681 1147 1731 1202 per

80 1229 172 1300 gratia
197 1229 279 1302 longe
294 1229 409 1300 amplius
439 1246 520 1303 quam
548 1228 679 1284 meruerit
706 1235 882 1294 remunerat;
935 1226 1057 1281 «lesum
1083 1224 1219 1280 Christum
1244 1224 1389 1279 Dominum
1410 1230 1544 1279 nostrum.
1570 1221 1655 1295 Igitur
1678 1234 1730 1290 ego

83 1315 173 1389 gratia
202 1317 249 1372 dat
263 1316 346 1374 vitam
362 1326 512 1386 eternam3
529 1327 555 1374 ει
572 1320 622 1375 hoc
636 1319 667 1374 iu
683 1316 793 1373 Christo
807 1317 881 1383 iesu,
935 1338 946 1362 ιι
963 1314 1023 1386 ipse
1038 1321 1128 1370 mente
1143 1312 1233 1370 servio
1247 1313 1303 1386 legi
1317 1311 1378 1383 Dei,
1393 1327 1475 1369 carne
1495 1319 1586 1367 autem
1601 1308 1731 1381 legipec·

80 1414 112 1470 id
140 1423 183 1471 est
209 1432 260 1487 per
286 1416 378 1473 lesum
408 1417 543 1472 Christum
569 1415 716 1473 Dominum
749 1423 882 1471 nostrum.
935 1400 1056 1460 attii-³

399 1558 512 1615 CAPUT
524 1559 581 1615 vlt.
1253 1557 1411 1599 anrosmro.

124 1665 196 1719 «An
219 1663 361 1737 ignoratis,
384 1665 484 1721 iratres
508 1665 669 1737 (scientibus
698 1664 770 1721 enim
793 1663 919 1760 legemB
968 1666 1037 1737 Quin
1051 1666 1178 1739 superius
1191 1666 1258 1722 satis
1273 1667 1435 1739 probaverat
1454 1665 1555 1722 debere
1569 1680 1617 1720 eos
1632 1662 1732 1734 subjici

84 1773 97 1799 v
116 1749 226 1823 loquor)
248 1753 314 1825 quia
336 1753 380 1809 lex
399 1754 427 1808 in
449 1754 560 1810 homine
587 1754 752 1822 dominatur,
782 1760 883 1825 quanto
933 1756 1040 1830 gratiae,
1057 1764 1084 1811 et
1105 1755 1280 1812 serviendum
1293 1752 1355 1811 esse
1370 1755 1437 1822 Deo,
1453 1770 1488 1809 ne
1504 1753 1586 1809 modo
1604 1752 1631 1806 in
1650 1752 1731 1826 lega-

84 1862 96 1885 a
117 1847 240 1910 tempore
254 1840 340 1896 viviti
352 1843 421 1896 Nam
436 1858 496 1914 qum
516 1841 567 1897 sub
582 1842 640 1898 viro
655 1850 696 1898 est
725 1841 831 1905 mulier,
848 1840 885 1896 vi·
931 1845 1137 1915 libusputarent
1151 1859 1180 1899 εε
1190 1843 1292 1899 debere
1308 1843 1412 1898 servire
1422 1843 1480 1898 Deo
1490 1843 1643 1913 (peccatum
1658 1839 1731 1895 enim

85 1948 98 1975 ‹
117 1935 198 1983 vente
214 1928 273 1984 viro
301 1929 413 2003 alligata
427 1938 469 1985 εει
495 1929 560 2003 legi,
591 1930 614 1984 si
642 1938 731 1986 autem
760 1936 884 1984 mortuus
933 1949 995 1989 esse
1017 1932 1176 2002 eredebant,
1201 1932 1224 1987 si
1237 1932 1317 1987 etiam
1331 1931 1359 1986 in
1374 1938 1497 2001 tempore
1521 1929 1616 2002 gratiae
1630 1927 1730 2003 legalia
1814 1941 1817 1952 ·

87 2014 204 2070 «luant
218 2016 259 2072 vir
273 2017 341 2088 ejus,
369 2018 455 2073 saluta
470 2026 511 2074 est
535 2017 628 2092 alege
652 2018 710 2073 viri.
745 2015 884 2091 lgiturvi-
933 2021 1182 2093 praetermitterent)
1206 2021 1304 2092 probat
1325 2020 1424 2075 Paulus
1446 2034 1502 2074 non
1526 2018 1640 2073 ulterius
1669 2033 1729 2073 ser·

85 2125 98 2149 υ
123 2111 203 2159 vente
228 2105 286 2161 viro
309 2105 426 2179 [marito]
450 2106 590 2162 vocabitur
611 2107 742 2176 adultera,
768 2104 885 2160 siluerit
933 2109 1062 2165 viandum
1076 2124 1137 2164 esse
1151 2108 1179 2163 in
1193 2108 1338 2181 legalibus,
1356 2124 1416 2180 qum
1429 2107 1452 2162 si
1471 2106 1611 2174 deserunt,
1622 2121 1678 2161 non
1689 2111 1731 2160 est

87 2217 100 2247 ι
119 2209 181 2252 cum
196 2194 249 2250 alio
263 2194 320 2250 viro
344 2215 351 2262 ;
368 2195 391 2250 si
405 2203 496 2251 autem
510 2204 631 2251 mortuus
645 2195 725 2250 luerit
747 2194 788 2251 vir
815 2194 883 2263 ejus,
934 2205 1075 2270 paccatum
1092 2216 1100 2264 ς
1117 2196 1140 2252 si
1155 2196 1266 2263 iaciunt,
1281 2197 1322 2252 rei
1347 2204 1418 2251 sunt.
1433 2196 1496 2251 Non
1517 2194 1590 2251 enim
1612 2193 1731 2250 tenenda

86 2309 99 2338 ι
118 2286 236 2341 liberata
257 2291 299 2338 est
315 2299 331 2338 a
348 2284 410 2356 lage
425 2285 484 2351 viri,
513 2293 542 2341 nt
563 2300 618 2340 non
646 2284 681 2339 sit
703 2283 833 2349 adultera,
861 2281 885 2337 si
935 2295 976 2343 est
989 2286 1097 2352 umbra,
1112 2294 1257 2358 postquam
1272 2285 1345 2342 venit
1359 2285 1467 2351 veritas,
1478 2290 1505 2339 et
1519 2299 1581 2340 cum
1595 2282 1731 2340 carnalem

87 2397 100 2425 ι
123 2390 186 2430 carm
202 2372 256 2428 alio
277 2371 358 2427 luerit
380 2373 448 2429 viro.
465 2374 568 2446 ltaque,
597 2372 697 2428 iratres
719 2371 783 2437 mei,
795 2379 821 2427 ει
836 2386 885 2427 vos
935 2375 1024 2449 legem
1040 2374 1166 2445 expellat,
1184 2373 1314 2445 spirituali
1327 2373 1383 2446 legi
1397 2373 1491 2445 alligat
1500 2388 1558 2429 eos.
1574 2371 1676 2427 Littera
1690 2370 1731 2427 sic

87 2485 100 2515 ι
122 2461 278 2518 mortificati
293 2461 424 2534 estislegi
439 2478 602 2533 percorpus
626 2461 726 2517 Christi
752 2476 759 2515 :
783 2469 812 2516 ut
826 2459 886 2515 sitis
932 2463 1056 2537 jungitur
1075 2480 1081 2516 :
1098 2465 1151 2518 Per
1165 2461 1303 2517 Christum
1325 2463 1416 2518 iesum
1432 2470 1472 2518 εει
1487 2460 1542 2518 vita
1551 2467 1654 2516 aeterna
1667 2467 1730 2514 tan-

87 2575 100 2603 «
119 2568 170 2607 vos
191 2550 303 2606 alterius
320 2550 414 2622 quiex
430 2550 543 2606 mortuis
562 2550 721 2618 resurrexit,
738 2557 767 2605 ut
788 2548 893 2605 fructi·
935 2561 1001 2607 tum.
1016 2553 1085 2607 Nam
1099 2550 1325 2623 perlegemnon;
1339 2550 1449 2622 quiauu
1463 2550 1603 2620 ignoratis
1611 2551 1729 2620 fratrea,

87 2662 100 2690 ι
119 2637 207 2695 ficetis
222 2639 289 2694 Deo.
307 2638 451 2694 Cumenim
463 2655 586 2695 essemus
594 2639 622 2694 in
637 2653 727 2708 carno,
742 2636 886 2709 passiones
935 2648 964 2695 ut
977 2639 1067 2713 magis
1082 2638 1181 2695 excitet
1190 2639 1224 2694 ad
1240 2637 1407 2694 intellectum
1431 2638 1511 2708 huius
1526 2636 1575 2704 rei,
1593 2644 1620 2692 ct
1634 2635 1732 2692 iratres

86 2750 100 2780 ι
125 2735 302 2800 peccatorum
322 2743 383 2799 quae
409 2742 458 2799 per
485 2727 576 2801 legem
600 2735 676 2783 erant
704 2726 886 2798 operabantur
935 2737 1023 2792 vocat,
1040 2729 1234 2801 etinterrogat.
1247 2727 1305 2782 Nec
1316 2726 1443 2799 ignorare
1453 2725 1559 2782 debetis
1569 2725 1733 2805 (εειεηιιὺιεε

87 2838 100 2865 ‹
118 2816 147 2870 in
163 2815 291 2871 membris
310 2815 408 2870 nostris
433 2824 461 2871 ut
490 2814 683 2872 fructificarent
697 2814 787 2870 morti.
807 2813 885 2872 39
935 2819 1013 2874 enim
1029 2814 1316 2889 iopcmloquor)quia,
1330 2815 1354 2870 si
1369 2816 1439 2870 bene
1453 2813 1593 2881 consultis,
1606 2814 1679 2869 idem
1692 2812 1734 2867 in·

87 2926 100 2953 ι
118 2905 200 2960 Nunc
227 2913 317 2958 autem
341 2902 422 2960 soluti
439 2920 565 2959 sumusa
585 2904 647 2977 lege
657 2903 762 2970 mortis,
783 2903 810 2958 in
832 2919 886 2976 qua
936 2905 1059 2963 venietis.
1071 2903 1320 2978 Anignoratisdico
1331 2906 1397 2975 cuia
1407 2904 1454 2960 lex
1465 2919 1634 2976 quacunque
1643 2901 1733 2975 posita

88 3014 101 3043 ι
119 2992 319 3062 detinebamur,
343 2991 380 3048 ita
407 3001 436 3047 ut
449 2992 600 3048 serviamus
610 2992 638 3047 in
666 2991 784 3048 novitate
806 2991 886 3062 spiri·
937 2995 981 3062 sit,
997 2994 1162 3051 minatur
1176 2995 1208 3049 iu
1223 2994 1345 3060 herniae,
1361 3009 1416 3048 non
1431 3009 1550 3064 semper,
1568 2991 1733 3064 sedqucrtto

89 3104 101 3127 ι
120 3089 175 3148 tus,
191 3089 218 3136 et
225 3096 280 3136 uon
288 3080 316 3136 in
324 3089 457 3137 vetustate
468 3081 572 3138 littera.
581 3079 651 3149 Quid
666 3095 732 3152 ergo
750 3055 922 3136 (ιίεεειεειΟ
938 3088 1060 3156 tempure
1075 3085 1144 3139 vivit
1158 3081 1202 3137 lex
1216 3082 1244 3138 in
1258 3098 1290 3138 co
1305 3081 1423 3148 bomine,
1444 3081 1488 3137 vel
1517 3082 1599 3136 homo
1626 3080 1677 3135 sub
1701 3094 1733 3136 ea

90 3190 102 3220 ι
120 3170 177 3224 Lex
192 3176 335 3240 peccatum
350 3177 392 3225 est
404 3169 419 3224 i
433 3169 510 3225 Absit
527 3169 533 3226 l
550 3169 605 3225 Sed
619 3177 760 3241 peccatum
774 3173 887 3224 nonco·
936 3171 998 3244 lege
1012 3172 1026 3225 ‘l
1040 3171 1120 3228 Velut
1134 3171 1156 3226 si
1171 3171 1200 3225 in
1214 3170 1335 3242 qualibet
1348 3171 1416 3226 urbe
1431 3168 1579 3241 preceptio
1589 3168 1680 3241 aliqua
1686 3183 1734 3240 po

89 3281 101 3304 ι
121 3255 217 3330 gnovi,
232 3256 285 3311 nisi
299 3272 349 3328 per
362 3257 464 3330 legem.
487 3257 557 3312 Nam
572 3255 820 3328 concupiscentiam
836 3271 888 3311 ne·
936 3269 1055 3327 neretur,
1071 3276 1158 3332 usque
1180 3260 1216 3315 ad
1229 3259 1424 3316 determinatos
1435 3259 1586 3332 annos,qui
1600 3257 1732 3314 intrahos

89 3366 101 3396 ι
119 3344 258 3410 sciebam,
288 3344 340 3400 nisi
366 3345 410 3401 lex
438 3344 540 3401 diceret
557 3363 564 3400 :
583 3366 595 3397 ι
619 3345 681 3400 Non
708 3344 889 3415 concupisces
937 3365 1024 3405 annos
1037 3356 1203 3420 praeceptum
1211 3347 1329 3420 positum
1345 3364 1400 3404 non
1415 3348 1575 3415 attenderet,
1590 3363 1652 3402 raus
1661 3352 1734 3402 esset

90 3458 101 3480 ι
120 3430 223 3503 (Haud.
240 3447 290 3502 xx,
309 3435 361 3501 173
378 3435 460 3490 Deut.
473 3449 500 3499 v,
518 3432 572 3504 te).
592 3454 604 3484 a
630 3431 782 3489 Occasione
798 3439 888 3488 autem
937 3437 1164 3510 transgressionis
1180 3436 1275 3507 posita
1292 3436 1373 3509 legis.
1397 3436 1450 3506 Qui
1467 3450 1531 3492 vero
1544 3434 1627 3491 finitis
1639 3436 1732 3491 deter-

90 3530 255 3593 ‘flctepl²‚
277 3528 420 3593 peccalum
443 3537 494 3593 pet
517 3521 675 3577 mandalum
690 3529 830 3593 operatum
847 3528 889 3576 est
937 3526 1047 3581 minatis
1060 3525 1138 3580 annis
1153 3523 1254 3582 iaceret
1276 3534 1369 3580 contra
1397 3524 1511 3595 positam
1538 3524 1638 3596 legem,
1668 3539 1734 3579 reus

89 3611 152 3670 ..in
166 3627 210 3666 me
224 3625 333 3667 omnem
356 3609 616 3681 concupiscentiam.
646 3609 711 3665 Sine
725 3609 787 3689 lege
816 3609 888 3665 enim
937 3613 1001 3669 inde
1015 3629 1070 3670 non
1084 3622 1166 3679 esset,
1183 3613 1248 3685 quia
1261 3620 1369 3683 tempus
1383 3612 1505 3682 ejusdem
1519 3611 1590 3685 legis
1601 3612 1656 3681 jam
1665 3626 1734 3682 prm·

90 3727 101 3756 ι
120 3709 267 3777 peccatum
281 3705 416 3755 mortuum
432 3705 500 3753 erat.
512 3699 572 3771 Ego
586 3706 676 3754 autem
690 3697 815 3754 vivebam
830 3698 889 3753 sine
938 3703 1056 3760 tarisset.
1073 3702 1119 3759 Sic
1133 3702 1168 3758 de
1182 3701 1244 3773 lege
1261 3701 1427 3767 ludaeorum,
1451 3700 1497 3773 qui
1508 3707 1631 3771 tempore
1645 3697 1734 3771 lloysi

91 3818 102 3842 v
121 3794 185 3865 lege
200 3786 421 3860 aliquando.Sed
435 3802 497 3843 cum
512 3786 632 3842 venisset
646 3787 812 3854 mandatum,
828 3801 891 3857 pcc
938 3791 1073 3863 usquead
1088 3799 1194 3862 tempus
1210 3789 1310 3846 Christi
1325 3805 1385 3846 eam
1403 3804 1459 3845 non
1486 3793 1645 3845 observaret
1669 3802 1734 3844 rcus

90 3907 102 3929 ι
119 3889 214 3938 catum
227 3876 334 3933 revixit.
351 3875 411 3946 Ego
425 3882 513 3931 autem
533 3882 658 3930 mortuus
674 3891 743 3941 sum,
755 3875 889 3931 etinven·
939 3887 1021 3935 esset.
1040 3878 1093 3934 Sed
1108 3886 1250 3950 postquam
1265 3878 1338 3934 venit
1353 3877 1447 3951 gratia,
1460 3878 1518 3948 jam
1541 3885 1648 3948 tempus
1675 3875 1735 3946 ejus

92 3995 102 4019 ι
122 3979 181 4024 tum
195 3975 236 4023 εει
250 3964 316 4020 mihi
334 3964 490 4020 mandatum
507 3962 580 4035 quod
595 3971 653 4019 erat
679 3964 713 4019 ad
728 3965 821 4029 vitam,
838 3965 890 4021 hoc
939 3967 1009 4041 legis
1023 3967 1163 4039 praeteriit,
1179 3973 1207 4022 et
1221 3966 1261 4023 sic
1274 3983 1337 4022 reus
1356 3982 1411 4023 non
1426 3975 1467 4021 est
1482 3966 1601 4039 quicum
1621 3964 1734 4021 deserit.

90 4083 101 4106 a
121 4072 185 4114 esse
200 4056 235 4110 ad
250 4061 376 4110 mortem.
392 4052 461 4107 Nam
471 4059 612 4123 peccatum
622 4051 766 4108 occasione
777 4059 890 4122 accepta
943 4058 1010 4112 Vere
1024 4056 1068 4112 lex
1077 4055 1165 4126 posita
1188 4054 1351 4122 dominatur,
1377 4054 1497 4127 quandiu
1509 4055 1591 4110 homo
1609 4052 1675 4110 vivit
1684 4052 1736 4108 sub

91 4170 103 4196 ι
120 4142 344 4217 permundatum
372 4139 479 4196 seduxit
500 4156 552 4205 me,
569 4147 596 4195 ει
618 4156 667 4211 per
690 4139 757 4194 illud
779 4140 889 4196 occidit.
940 4144 1012 4219 lege,
1029 4142 1072 4199 vel
1086 4144 1129 4200 lex
1144 4143 1172 4198 in
1182 4143 1302 4200 homine.
1314 4144 1386 4199 Nam
1399 4144 1442 4198 lex
1452 4142 1603 4216 conjugalis
1611 4142 1664 4197 ista
1673 4149 1735 4197 est:

90 4257 103 4284 ‹
120 4236 216 4306 Itaque
229 4232 273 4286 lex
295 4229 403 4302 quidem
419 4235 524 4294 sancta,
541 4234 568 4283 et
582 4228 739 4283 mandatum
754 4236 889 4297 sanctum,
941 4234 1041 4290 liulier
1056 4237 1173 4306 quaest
1188 4233 1238 4288 sub
1260 4234 1330 4300 uiro,
1355 4231 1469 4286 maritali
1492 4231 1574 4288 modo
1593 4230 1735 4301 loederata,

90 4328 150 4377 vet
174 4321 289 4391 justum,
319 4324 346 4373 et
377 4317 477 4372 bonum
500 4318 522 4386 (l
542 4317 609 4372 Tim.
626 4331 645 4383 1,
663 4320 700 4388 8).
721 4315 800 4385 Quod
822 4333 890 4389 ergo
941 4321 987 4376 illa
1001 4322 1122 4393 alligato
1132 4325 1174 4377 εει
1191 4321 1244 4392 legi
1254 4319 1315 4386 viri,
1336 4320 1443 4376 vivente
1464 4320 1541 4386 viro;
1561 4320 1610 4377 scd
1623 4321 1649 4375 εἰ
1662 4335 1737 4374 mor·

91 4433 104 4462 ι
120 4410 224 4463 honum
240 4415 291 4476 est,
308 4405 373 4460 mihi
382 4404 482 4462 iactum
497 4412 538 4460 est
550 4404 729 4460 morsihhsit
741 4403 747 4461 l
760 4405 813 4461 Sed
823 4408 926 4477 pec-D
942 4415 1008 4466 tuus
1027 4410 1116 4481 suerit
1138 4410 1263 4480 virejus,
1279 4410 1373 4466 soluto
1385 4413 1427 4465 εει
1446 4409 1552 4464 mulier
1566 4426 1584 4464 o
1599 4409 1658 4478 upa
1671 4408 1736 4465 oiri.

93 4520 104 4548 ι
121 4505 223 4563 catum,
240 4502 269 4549 ut
277 4501 407 4566 appareat
414 4502 568 4565 peccatum,
579 4509 629 4566 per
639 4494 739 4550 bonum
751 4503 891 4566 operatum
943 4494 1167 4569 Quandoquidem
1183 4496 1282 4552 mulier
1308 4496 1415 4552 vivente
1428 4496 1487 4552 viro
1509 4496 1619 4570 alligata
1645 4503 1686 4551 εει
1700 4495 1736 4552 ei.

93 4608 104 4637 ι
124 4594 166 4641 εει
179 4584 246 4639 mihi
264 4591 390 4650 mortem;
416 4589 446 4637 ut
467 4581 515 4639 fiat
532 4599 617 4654 supra
641 4584 752 4640 modum
774 4600 892 4655 peccans
943 4589 1033 4659 lpitur
1046 4587 1068 4641 si
1079 4587 1189 4642 macuta
1202 4587 1262 4642 uiro
1277 4600 1336 4652 suo,
1354 4584 1483 4642 hebuerit
1506 4601 1568 4642 rem
1588 4595 1654 4641 cum
1680 4585 1737 4641 olio

94 4697 105 4726 ι
128 4682 273 4746 peccatum
287 4688 338 4743 per
357 4671 526 4729 mandatum.
543 4672 647 4728 Scimus
670 4673 742 4728 enim
758 4673 820 4746 quia
848 4672 892 4728 lex
941 4672 1532 4746 airauocabituruduttero.Sedsivircjus
1541 4674 1740 4745 mortuusfua·

94 4786 106 4814 ι
125 4761 257 4835 spiritalis
267 4767 319 4816 est.
333 4761 394 4833 Ego
408 4767 498 4815 antem
523 4761 641 4817 carnalis
668 4778 737 4829 sum,
753 4761 892 4817 venunda-
942 4764 991 4830 rit,
1010 4763 1130 4818 liberata
1144 4766 1187 4818 εει
1202 4779 1220 4818 o
1235 4763 1292 4834 lege
1307 4762 1372 4828 uiri,
1395 4763 1480 4817 itaut
1492 4762 1519 4817 si
1532 4762 1623 4832 suerit
1632 4762 1738 4833 juncto

94 4874 107 4901 ι
126 4860 170 4905 tus
185 4851 234 4906 sub
248 4857 372 4922 peccato.
395 4847 474 4917 Quod
489 4848 561 4904 enim
575 4865 676 4920 operor
688 4866 742 4906 non
757 4849 890 4922 intelligo.
942 4867 1007 4908 cum
1018 4851 1075 4907 alio
1084 4851 1221 4923 uiro,jom
1235 4867 1293 4907 non
1298 4849 1448 4921 judicetur
1456 4849 1599 4906 adultero.
1607 4850 1699 4917 atita,
1711 4849 1740 4906 id

94 4963 106 4986 a
125 4939 188 4994 Non
202 4938 275 4994 enim
291 4937 364 5009 quod
390 4937 451 4992 volo
466 4937 588 5011 [honum]
603 4938 655 4994 hoc
669 4954 732 5012 ago,
748 4939 797 4994 sed
820 4938 893 5010 quod
942 4947 984 4994 est
998 4938 1079 4994 simili
1094 4939 1198 4994 ratione
1207 4936 1403 5010 fratres40
1414 4938 1526 4994 metum
1539 4937 1607 4994 εειιε
1618 4938 1738 5008 mortifi-

91 5051 103 5074 ·
123 5027 169 5082 odi
184 5025 307 5099 [malum]
331 5024 396 5080 illud
418 5025 498 5081 facio.
515 5025 541 5081 Si
561 5034 649 5082 autem
665 5027 811 5098 quodnolo
826 5027 892 5082 illud
941 5026 1000 5082 coti
1019 5027 1105 5082 veteri
1122 5028 1185 5098 tegi,
1202 5042 1262 5098 quae
1273 5026 1336 5081 data
1351 5025 1400 5080 luit
1415 5026 1586 5082 solummodo
1601 5042 1688 5099 nsque
1705 5026 1740 5082 ad

92 5139 103 5162 ·
124 5113 204 5181 iacio,
216 5113 357 5171 consentio
372 5112 427 5186 legi
441 5113 568 5185 quoniam
589 5114 659 5170 bona
679 5123 730 5170 εει.
747 5115 825 5172 Nunc
840 5131 892 5171 au·
941 5114 1088 5170 adventum
1098 5114 1207 5170 Christi.
1218 5113 1369 5170 llortificati
1380 5114 1442 5170 dico
1452 5131 1613 5187 percorpus
1624 5114 1739 5180 Christi,

92 5212 180 5258 utem
191 5203 249 5272 jam
263 5218 317 5257 non
328 5217 381 5275 ego
395 5216 495 5272 operor
509 5202 585 5272 illud,
601 5202 650 5258 scd
666 5203 737 5275 quod
754 5202 854 5258 habitat
864 5202 892 5258 in
941 5203 1025 5259 idest
1047 5219 1097 5274 per
1126 5203 1261 5258 Christum
1282 5202 1483 5271 advenientem,
1513 5203 1559 5275 qui
1579 5218 1688 5274 corpus,
1712 5200 1742 5260 id

94 5308 168 5347 «me
185 5300 335 5363 peccatum.
361 5290 510 5347 Scioenim
536 5292 598 5363 quia
614 5307 668 5346 non
679 5291 781 5346 habitat
795 5292 822 5346 in
836 5307 891 5363 me,
942 5291 1197 5362 cstvcritasipsius
1213 5291 1282 5363 legis
1306 5290 1364 5360 luit,
1394 5299 1421 5346 et
1441 5292 1518 5362 cujus
1544 5290 1666 5361 corporis
1695 5289 1740 5347 lex

93 5402 105 5427 ι
124 5379 178 5436 hoc
192 5387 233 5435 est
246 5379 275 5433 in
290 5395 372 5435 carne
396 5396 456 5435 mea
480 5379 591 5434 bonum.
612 5379 681 5434 Nam
695 5379 765 5436 velte
788 5380 893 5449 adiacet
942 5381 1040 5435 umbra
1054 5379 1113 5435 iuit.
1128 5381 1186 5435 Nec
1200 5379 1354 5436 mortificati
1370 5388 1398 5434 ut
1413 5379 1488 5436 vidui
1502 5377 1673 5444 remaneatis,
1692 5377 1742 5437 seo

95 5490 107 5520 ι
125 5467 202 5536 mihi,
216 5466 347 5540 perficere
371 5477 461 5524 autem
481 5469 581 5524 bonum
609 5483 666 5524 non
693 5468 811 5525 invenio.
831 5469 893 5526 Non
942 5472 975 5524 ut
989 5468 1088 5524 amodo
1102 5469 1168 5525 sitia
1182 5469 1312 5538 alterius,
1327 5471 1388 5540 eiua
1403 5469 1513 5526 scilicet
1522 5468 1571 5539 qui
1580 5466 1743 5524 resurrexit

94 5577 107 5607 ι
130 5555 204 5613 enim
219 5555 292 5629 quod
301 5555 364 5613 volo
378 5555 490 5627 bonum,
507 5557 560 5614 hoc
573 5555 662 5626 iaci03
678 5556 728 5614 scd
742 5556 893 5629 quodnolo
942 5572 979 5615 ec
991 5557 1123 5624 mortuis,
1132 5572 1182 5629 per
1192 5557 1267 5626 quod
1276 5555 1342 5615 satis
1357 5554 1582 5617 commendabilis
1595 5562 1638 5617 cat
1651 5553 1740 5615 vobis.
