3742 5986
138 237 190 291 907
616 233 765 290 JOANNIS
784 234 909 291 CARTll.
930 232 1120 290 Poaraatttt
1140 232 1309 289 tt0Nacttt.
1738 233 1792 286 908

51 359 60 367 ’
138 358 193 415 imo
208 375 269 432 quaa
283 358 390 414 insania
405 366 456 426 est,
473 358 496 413 si
510 357 575 414 caci
590 357 618 411 in
641 356 749 413 foveam
770 358 879 429 cadant,
895 358 1030 421 vi·Aest
1055 357 1171 413 Domino
1192 373 1252 425 suo,
1274 356 1299 412 si
1322 372 1377 412 non
1405 355 1485 412 faciat
1513 356 1575 428 plus
1596 371 1648 428 pro
1672 355 1793 413 Domino

137 447 249 503 dentem
264 463 372 521 quoque
387 448 487 504 cadere
502 446 596 501 vallet
613 446 636 499 si
658 462 727 516 quos
741 448 854 503 vesania
877 448 938 521 agi·
989 461 1069 517 quam
1086 445 1217 501 Dominus
1231 461 1282 516 pro
1297 447 1402 501 servo?
1417 445 1446 500 Si
1459 460 1526 502 uero
1548 445 1601 501 tale
1615 444 1683 516 quid
1698 459 1755 501 nec
1769 444 1797 498 in

138 541 187 602 tat,
202 536 335 608 inignem
351 535 486 602 desiliant,
503 535 663 606 prudentem
686 550 793 606 quoque
811 544 839 591 et
854 536 939 591 scion·
988 534 1134 604 praeceptis
1165 534 1223 602 ejus
1241 533 1374 601 invenire,
1407 549 1459 590 nec
1487 533 1559 604 apud
1583 542 1610 589 te
1634 534 1797 606 excogitare

139 631 194 680 tem
210 623 280 680 velle
294 624 537 696 pariterdesilirel
561 632 585 678 et
611 622 634 676 si
656 624 746 679 cuncti
765 625 937 694 damnentur,
988 629 1077 692 potes,
1094 622 1255 693 parsaltem
1270 622 1395 693 properi
1420 622 1505 678 debes
1528 623 1647 678 reddere
1669 621 1798 677 Creatori

139 712 343 769 damnationem
358 729 411 768 non
425 728 532 779 cavere,
550 729 640 787 neque
666 709 832 770 formidaret
847 712 940 781 Quare
989 718 1045 765 tuo.
1063 709 1142 778 Quod
1158 711 1182 765 si
1195 726 1246 766 nec
1269 710 1322 767 hoc
1343 710 1467 767 invenire
1489 718 1576 781 potes,
1602 709 1648 767 vel
1669 710 1707 765 ad
1731 709 1798 764 ittud

140 815 196 857 non
209 801 286 857 audis
302 818 309 856 ε
326 803 455 874 depasto
470 807 512 858 eat
526 805 572 860 vie
587 803 940 876 peccacatorum
989 798 1117 870 exiguum
1133 797 1297 865 ludendum,
1315 800 1387 871 quod
1396 814 1449 872 ego
1458 814 1576 866 moneo;
1592 807 1620 855 et
1633 798 1694 870 ipse
1707 798 1798 867 jubet,

140 891 358 963 pacatamque·
366 891 718 964 invenienteemltllctth.
726 889 940 961 v11,li.)Quare
988 886 1044 941 noli
1060 886 1173 941 ulterius
1188 887 1374 943 dissimulare.
1393 886 1473 957 Quod
1484 888 1596 960 quidem
1610 887 1636 944 ei
1649 887 1750 953 debes,
1767 901 1801 941 ex

141 978 282 1034 nouandis
293 979 485 1036 :Pusillucect
499 980 941 1054 pree,euiccmplacuitltomino
989 990 1022 1031 eo
1037 975 1110 1046 quod
1125 975 1287 1044 Christiana,
1304 976 1374 1033 sicut
1389 991 1471 1047 supra
1491 976 1593 1032 dictum
1614 983 1666 1042 est,
1683 973 1800 1048 proles-

142 1065 210 1122 dcre
220 1066 416 1123 haereditatem
426 1073 439 1124 t
449 1068 528 1138 (Lac,
541 1083 592 1136 an,
603 1072 661 1140 32.)
673 1068 766 1138 Quare
776 1083 830 1123 non
844 1067 939 1122 audis:
990 1063 1067 1120 sione
1081 1064 1224 1131 censeris;
1240 1064 1564 1133 sietiamiuinuocentia,
1575 1080 1659 1138 quam
1672 1064 1704 1120 in
1719 1077 1800 1120 sacro

136 1134 225 1211 'ltettt
239 1157 339 1223 acenti,
351 1158 526 1228 paucielecti
538 1162 550 1213 t
564 1158 675 1225 (batth.
688 1172 790 1224 xxvrn,
801 1159 857 1228 lo.)
869 1157 939 1228 Ego,
989 1150 1153 1222 baptismate
1175 1167 1334 1224 acceperas,
1356 1169 1575 1224 perseverasses.
1598 1152 1681 1223 Quod
1697 1152 1723 1208 si
1737 1168 1802 1223 pec·

142 1241 181 1297 mi
195 1242 380 1310 dilectissime,
396 1260 449 1300 non
465 1260 578 1316 possum
592 1245 674 1314 aliud,
699 1245 752 1300 nisi
775 1261 888 1301 monere
903 1253 938 1301 tc.
989 1247 1067 1295 calor
1081 1256 1121 1310 es,
1149 1240 1232 1311 imple
1256 1241 1422 1309 mandatum,
1448 1242 1526 1310 cnjus
1548 1241 1667 1298 faciendi
1690 1240 1802 1296 debitor

143 1329 171 1386 Si
185 1331 258 1386 enim
276 1331 310 1386 ad
323 1333 397 1404 quod
411 1333 557 1389 salubriter
578 1349 686 1401 moneo,
708 1342 734 1388 et
748 1333 849 1389 utinam
864 1334 940 1389 saln—
990 1343 1030 1393 es,
1047 1338 1073 1383 et
1087 1344 1178 1399 quare
1193 1328 1258 1401 quid
1273 1328 1358 1385 iacias
1382 1344 1432 1401 pro
1455 1329 1642 1387 satisfactione
1664 1338 1801 1402 peccato-

143 1418 238 1488 briter‚
261 1427 288 1475 te
318 1436 428 1491 possem
457 1430 483 1476 et
504 1421 639 1476 salubrius
663 1422 826 1492 compellere
847 1422 941 1493 (crode
990 1433 1062 1472 rum.
1088 1416 1116 1471 Si
1138 1432 1202 1472 vero
1225 1433 1277 1487 pro
1300 1417 1422 1489 utrisque
1445 1418 1513 1473 nihil
1533 1419 1634 1488 maius,
1658 1419 1731 1475 nihil
1753 1419 1803 1487 tibi

142 1507 219 1578 mihi)
235 1507 279 1563 vix
293 1508 369 1564 bidui
383 1509 541 1564 dilationem
557 1510 604 1565 tibi
629 1509 859 1567 concederemus!
878 1511 941 1566 Haeo
991 1504 1128 1561 efficacius
1143 1505 1271 1577 suppetit,
1289 1505 1331 1562 lac
1342 1505 1508 1563 voluntatem
1521 1506 1641 1576 Domini,
1655 1507 1801 1580 implendo

114 1598 121 1615 ¹
143 1595 253 1667 quidem
267 1596 375 1652 etmihi
389 1598 425 1653 ad
439 1598 670 1668 persuadendum,
688 1607 714 1654 et
725 1598 771 1653 tibi
782 1599 816 1654 ad
829 1615 942 1655 consen·
990 1594 1158 1662 mandalum,
1175 1601 1203 1649 el
1218 1594 1387 1665 repuiabilut‘
1400 1595 1447 1650 libi
1460 1611 1511 1667 pro
1526 1594 1719 1653 satisfactione
1734 1613 1801 1668 pec-

142 1683 265 1740 tiendum
280 1684 403 1742 sufficere
419 1702 500 1757 posse
515 1687 683 1743 uiderentur,
952 1690 1123 1775 Brutorum.
1147 1681 1176 1737 Si
1198 1682 1356 1753 inexpertus
1380 1691 1407 1741 te
1430 1700 1582 1752 monerem,
1603 1685 1708 1742 rectius
1734 1685 1803 1742 lorte

180 1774 234 1830 Sed
248 1782 331 1830 restat
345 1774 435 1831 adhuc
450 1775 625 1847 quodquinto
639 1776 700 1832 loco
715 1776 842 1847 superins
856 1776 942 1846 inspi-
994 1769 1198 1825 calculationem
1222 1769 1386 1826 difficultatis
1419 1787 1558 1844 opponere
1581 1789 1694 1845 posses.
1725 1775 1804 1830 Nunc

145 1862 271 1918 ciendum
286 1862 352 1931 dixi,
368 1863 471 1919 scilicet
487 1864 551 1935 quid
566 1866 616 1919 Dei
631 1864 714 1919 Filius
733 1879 782 1935 pro
797 1872 823 1920 te
838 1863 941 1930 lecerit,
994 1873 1058 1913 vero
1083 1858 1130 1930 qui
1154 1860 1207 1914 hoc
1233 1874 1332 1915 moneo
1357 1875 1418 1916 cum
1441 1869 1578 1932 expertus,
1593 1868 1621 1918 et
1634 1861 1805 1919 difficultatis

146 1959 275 2022 quantum
290 1951 350 2022 ipse
370 1951 464 2007 oculos
479 1951 571 2007 cordis
595 1951 748 2008 illuminare
776 1951 942 2024 dignabitur,
993 1946 1118 2002 timorem
1146 1948 1309 2003 removerim
1335 1955 1361 2004 et
1385 1948 1424 2020 (ut
1448 1949 1538 2005 minus
1560 1951 1670 2021 sapiens
1696 1950 1806 2024 loquor)

144 2039 336 2108 considerare;
352 2049 381 2094 ut
394 2040 535 2095 videamus
551 2049 641 2094 utrum
657 2040 727 2096 sorte
741 2039 842 2111 aliquid
855 2042 943 2111 majus
994 2035 1149 2106 exemptum
1164 2036 1383 2104 monstraverim,
1400 2045 1429 2092 ut
1448 2036 1491 2094 vel
1516 2039 1652 2110 sequaris,
1669 2038 1721 2112 qni
1735 2055 1805 2111 prae-

140 2127 252 2197 jusserit
271 2135 296 2183 te
322 2127 413 2184 lacere
434 2144 483 2199 pro
506 2144 547 2194 sea
572 2144 652 2200 quam
676 2130 735 2200 ipse
758 2127 851 2184 lecerit
866 2129 942 2199 prior
994 2123 1098 2178 cessise
1113 2123 1261 2191 debueras,
1276 2123 1368 2179 nullus
1382 2124 1432 2180 tibi
1454 2126 1526 2196 apud
1541 2142 1585 2182 me
1599 2127 1804 2194 calculationis,

141 2230 194 2287 pro
210 2223 246 2271 te.
262 2215 381 2271 Primum
399 2216 483 2287 igitur
505 2217 614 2272 attende
644 2234 714 2283 enm,
740 2217 878 2273 hominem
899 2217 941 2271 la·
993 2210 1083 2265 nullus
1097 2212 1169 2282 apud
1184 2214 1272 2268 Deum
1286 2213 1480 2281 excusationis,
1492 2213 1583 2269 nultus
1593 2216 1712 2272 omniuo
1727 2217 1804 2272 rain

143 2311 226 2371 ctum,
244 2303 314 2360 adeo
329 2319 478 2375 pauperem
493 2313 520 2360 et
534 2320 650 2377 egenum
661 2314 753 2360 utnon
769 2305 880 2360 baberet
895 2305 940 2360 ubi
994 2299 1086 2369 quitur
1117 2300 1341 2357 dissimulationis
1360 2301 1447 2357 locus.
1469 2305 1512 2358 Aa
1535 2303 1650 2375 ignoras
1674 2307 1753 2377 quod
1773 2321 1804 2360 ex

141 2401 223 2464 ceput
238 2393 391 2449 reclinaret.
406 2395 472 2449 Post
493 2394 545 2449 boc
568 2394 764 2463 animadverte,
777 2402 801 2449 et
817 2394 944 2448 attentius
994 2386 1067 2443 lacto
1081 2404 1143 2443 meo
1164 2389 1264 2460 pendet
1284 2389 1417 2458 judicium
1435 2391 1539 2445 tuum?
1559 2389 1642 2460 Quod
1664 2391 1692 2448 ei
1717 2394 1805 2450 adhue

142 2481 220 2553 quasi
235 2481 262 2536 in
289 2481 406 2552 quodam
434 2482 563 2537 thesauro
587 2481 685 2536 mentis
707 2489 759 2536 tuae
782 2481 941 2548 considera;
997 2475 1172 2532 dissimulare
1183 2478 1336 2545 contendis,
1349 2486 1440 2534 serlus
1451 2494 1511 2534 stim
1526 2480 1659 2551 quodpro
1675 2481 1805 2553 praesenti

141 2567 224 2634 lame,
240 2569 293 2638 siti,
311 2570 470 2625 lassitudine
484 2570 654 2626 laborantem
669 2589 676 2637 ;
693 2570 857 2641 opprobriis,
875 2586 943 2626 oon·
995 2564 1183 2622 exhortatione
1199 2566 1311 2623 accedet
1318 2566 1384 2622 mihi
1397 2566 1500 2639 aliquid
1514 2567 1620 2639 praemii
1635 2584 1650 2623 a
1665 2569 1802 2626 Domino:

141 2657 269 2724 tomellis,
287 2657 473 2728 blasphemiis,
490 2666 517 2712 et
543 2658 673 2713 conviciis
688 2657 815 2713 affectum
833 2676 840 2712 ε
855 2658 943 2729 ipsum
994 2651 1043 2707 tibi
1063 2662 1155 2709 autem
1180 2654 1326 2728 augebitur
1340 2663 1479 2727 peccatum
1501 2671 1552 2727 pro
1573 2664 1748 2730 contemptu.
1774 2659 1805 2714 Et

141 2760 249 2816 quoque
260 2745 428 2815 proditorem
442 2762 528 2816 nsque
548 2745 583 2800 ad
608 2761 743 2815 mensam,
760 2746 787 2800 in
804 2746 864 2817 ipsa
877 2762 944 2802 vero
995 2740 1059 2812 qnid
1083 2741 1197 2798 dicam?
1221 2743 1346 2800 lassescit
1372 2758 1471 2799 manus
1494 2752 1521 2799 et
1552 2759 1608 2800 nou
1634 2745 1742 2803 fatiscit
1764 2747 1805 2804 vel

142 2833 297 2905 proditione
321 2849 408 2905 usque
431 2833 465 2888 ad
492 2833 615 2889 osculum
639 2833 810 2904 pertulisse:
835 2835 943 2889 demum
995 2827 1128 2897 affectus;
1146 2831 1300 2903 languescit
1323 2833 1446 2901 dextera,
1473 2840 1499 2888 et
1520 2849 1576 2889 non
1599 2835 1730 2906 tepescit,
1751 2835 1805 2891 ino

142 2927 234 2975 autem
260 2919 390 2984 vinctum,
419 2920 506 2991 sputis
528 2919 642 2988 linitum,
676 2920 763 2992 alapis
787 2936 942 2987 excussum,
994 2917 1123 2975 fervescit
1138 2927 1164 2975 et
1174 2920 1290 2993 ignescit
1304 2921 1432 2979 charitas.
1446 2921 1541 2979 Adhuc
1555 2938 1626 2996 ergo
1646 2923 1687 2978 ad
1702 2932 1805 2997 myste-

142 3006 258 3080 flagellis
272 3023 392 3064 caesum:
408 3006 492 3063 falsos
507 3015 590 3063 testes
618 3008 800 3080 nequissimos
828 3024 944 3066 accusa·
995 3005 1067 3061 rium
1083 3008 1291 3080 redemptionis,
1308 3011 1381 3066 unde
1396 3010 1521 3082 superius
1544 3011 1690 3085 agebatur,
1710 3029 1803 3069 rever-

141 3104 232 3163 tores,
263 3104 291 3152 et
328 3096 450 3169 iniquum
487 3096 606 3166 judicem
636 3097 848 3164 sustinentem„
862 3073 981 3169 spinis0
997 3102 1095 3165 tamur,
1112 3096 1292 3154 etvideamus
1308 3098 1373 3171 quid
1388 3098 1497 3155 tibiilla
1517 3115 1579 3171 quae
1593 3100 1806 3171 praedicamur

140 3193 308 3254 coronatum,
323 3200 433 3241 crucem
448 3185 499 3239 sibi
523 3193 687 3257 portantem,
713 3201 775 3241 cnm
795 3185 947 3242 latronibus
996 3184 1126 3254 patiendo
1142 3185 1274 3241 Dominus
1298 3187 1450 3254 contulerit,
1476 3187 1500 3243 si
1524 3187 1593 3244 lorte
1614 3196 1663 3244 tua
1686 3205 1804 3262 namque

143 3273 311 3344 deputatum,
335 3273 437 3329 nudum
455 3273 482 3327 in
502 3288 584 3329 cruce
613 3274 786 3344 pendentem,
812 3275 849 3330 ibi
873 3275 946 3330 ludi·
996 3271 1118 3344 ignescat
1133 3274 1261 3341 charitas,
1278 3274 1322 3330 vel
1336 3284 1479 3332 moveatur
1496 3274 1621 3332 affectus.
1643 3277 1727 3333 Adsit
1740 3293 1805 3351 ergo

143 3361 233 3417 brium
258 3361 350 3432 populi
377 3360 508 3426 habitum,
538 3369 615 3418 aceto
645 3368 776 3433 potatum,
806 3370 946 3434 postremo
997 3361 1042 3417 itte
1058 3361 1104 3434 qui
1118 3362 1226 3436 linguas
1241 3362 1384 3419 infantium
1399 3363 1465 3420 lacit
1478 3363 1608 3433 disertas,
1624 3372 1652 3422 et
1668 3379 1742 3439 'que
1755 3367 1804 3422 sibi

143 3459 292 3507 momuum.
309 3450 373 3506 llaec
387 3450 488 3516 omnia,
501 3449 622 3522 inquam,
639 3450 714 3506 circa
729 3449 829 3521 ipsum,
845 3459 947 3522 quanto
997 3451 1095 3522 placita
1110 3459 1172 3506 sunt
1188 3451 1281 3508 dicere
1299 3452 1399 3509 donet.
1426 3453 1513 3523 adsit,
1536 3451 1661 3526 inquam,
1689 3455 1804 3526 Spiritus

144 3538 301 3612 diligentins
313 3546 401 3610 potes,
418 3538 496 3611 quasi
515 3538 565 3593 sub
586 3538 673 3595 oculis
688 3539 778 3611 posita
792 3540 945 3595 considera.
998 3545 1024 3595 et
1039 3555 1071 3594 co
1093 3539 1156 3611 igne
1179 3539 1331 3596 inflammet
1351 3541 1456 3599 viscera
1480 3542 1578 3598 anima
1591 3550 1646 3599 tuae
1660 3543 1767 3614 pariter
1779 3552 1805 3600 et

143 3626 211 3697 Quae
229 3628 340 3700 quidem
359 3629 451 3684 omnia
473 3627 648 3698 perferendo,
673 3636 699 3682 et
724 3628 882 3699 mysterium
904 3645 947 3684 re·
998 3643 1076 3695 meae,
1093 3644 1173 3699 quem
1188 3629 1411 3686 Dominuslesus
1433 3629 1507 3687 venit
1524 3630 1633 3688 mittere
1657 3632 1804 3689 interram

146 3715 311 3787 demptionis
324 3717 464 3788 implebat,
482 3723 508 3771 et
523 3716 592 3770 viam
610 3716 656 3770 tihi
686 3716 846 3772 imitationis
873 3723 949 3772 moni
998 3725 1025 3772 et
1040 3716 1125 3772 uoluit
1134 3718 1310 3774 vehementer
1331 3719 1439 3775 ardere.
1452 3718 1571 3775 Primum
1581 3719 1670 3792 igitur
1681 3721 1712 3792 (o
1724 3722 1805 3778 homo

145 3804 257 3859 atrebat.
276 3804 329 3860 Sed
344 3805 407 3877 quid
425 3811 465 3859 est
481 3804 556 3859 hoel
570 3804 645 3876 quid,
661 3805 782 3877 inquam,
805 3813 845 3860 est
860 3806 949 3861 Deum
999 3805 1058 3861 siue
1072 3806 1130 3862 Deo
1145 3821 1207 3862 eras
1221 3805 1250 3861 in
1274 3807 1386 3876 mundo,
1403 3807 1490 3865 Deum
1504 3815 1532 3864 et
1552 3808 1717 3866 Creatorem
1730 3817 1805 3865 tuum

147 3893 207 3948 haec
234 3891 310 3962 patil
339 3892 473 3959 attende,
499 3892 683 3949 animadverte
709 3893 846 3949 attentius.
877 3892 949 3962 Quid
998 3893 1203 3967 ignorans1in
1229 3894 1427 3966 prasentivita
1449 3895 1613 3952 adlabores
1636 3897 1805 3970 etpericnla

148 3979 233 4053 igitur
247 3987 289 4036 est
303 3981 390 4037 Deum
405 3981 543 4035 bominem
556 3980 616 4036 sieri
629 3982 644 4035 ‘t
658 3982 802 4053 videquid
816 3982 850 4037 sit
864 3983 948 4038 Deus.
998 3978 1165 4045 nascebaris,
1181 3978 1216 4035 de
1236 3979 1366 4050 praesenti
1390 3996 1455 4037 uero
1478 3979 1586 4037 miseria
1607 3981 1644 4037 ad
1668 3982 1806 4039 eruciatus

150 4068 219 4126 vide
233 4067 298 4140 quid
321 4069 412 4125 homo.
437 4068 509 4137 Quid
532 4077 573 4124 est
599 4071 685 4125 Deum
710 4070 847 4125 hominem
867 4070 951 4126 lieri?
999 4067 1180 4137 sempiternos
1194 4066 1431 4124 irremediabiliter
1439 4069 1539 4125 mebas
1554 4082 1562 4123 t
1579 4076 1607 4125 et
1620 4069 1711 4142 (quod
1724 4071 1806 4127 mise-

149 4156 220 4226 Quid
234 4162 277 4213 est
290 4157 366 4214 illum
381 4159 480 4223 omnia,
500 4157 547 4212 illa
570 4158 635 4229 pati,
659 4159 704 4230 qui
728 4159 818 4214 omnia
833 4159 951 4215 visibilia
999 4154 1110 4210 rabilius
1124 4154 1198 4226 esti)
1221 4156 1294 4212 hunc
1317 4157 1409 4227 ipsum
1431 4156 1592 4228 perditionis
1613 4165 1671 4215 tuae
1693 4159 1806 4216 modum

148 4245 331 4302 etinvtsinttte
347 4247 418 4319 regn
433 4246 613 4302 recondidit?
628 4246 698 4316 Quia
723 4255 764 4302 est
787 4247 862 4302 ntum
887 4264 950 4304 cru-
999 4243 1808 4322 ignorabasmndeateipsunuesctetus.Qutannuaque

149 4333 242 4405 ciiigi,
267 4335 313 4406 qui
343 4333 519 4391 crucifixores
540 4351 605 4391 suos
631 4351 685 4391 nou
707 4336 825 4391 solnma
847 4336 951 4393 scelere
1000 4330 1092 4399 linem,
1115 4347 1202 4404 neque
1227 4333 1391 4405 principium
1415 4342 1490 4390 litum
1513 4349 1639 4403 noveras,
1667 4337 1806 4410 quomodo

149 4422 306 4493 prohibere,
331 4423 529 4479 verumetiam
555 4423 614 4479 solo
639 4431 705 4479 nutu
725 4432 832 4495 poterat
855 4427 988 4486 omnesl)
1002 4420 1119 4492 teipsum
1151 4420 1279 4479 sciebas?
1302 4421 1383 4478 Venit
1405 4422 1496 4495 itaque
1518 4422 1666 4480 miseratus
1681 4425 1718 4480 ah
1742 4426 1807 4495 alto,

151 4510 228 4582 quasi
243 4510 445 4567 culiccmunum
456 4513 622 4568 conterere?
635 4512 702 4582 Qnae
712 4519 785 4566 tanta
798 4512 944 4580 humilitas,
998 4509 1072 4566 venit
1085 4511 1120 4564 ad
1134 4517 1160 4564 te
1175 4508 1257 4564 Filius
1266 4510 1326 4580 Dei,
1343 4510 1470 4567 etlumen
1479 4527 1574 4568 verum
1584 4511 1633 4567 tibi
1648 4512 1678 4569 in
1691 4514 1809 4588 regione

151 4617 212 4671 quae
225 4608 299 4655 tanta
312 4599 441 4672 patientia
455 4599 498 4656 vel
515 4600 662 4672 excogitari
679 4600 745 4655 alias
760 4601 869 4671 potest?
879 4600 948 4670 Quae
1000 4598 1104 4654 umbra
1116 4598 1213 4654 mortis
1232 4598 1364 4654 habitanti
1380 4599 1543 4657 illucescens
1565 4599 1731 4672 ignorantiae
1755 4612 1808 4658 tuae

151 4703 219 4744 vero
243 4688 373 4744 bonitas?
398 4705 458 4760 quaa
482 4688 635 4755 clementia,
662 4696 691 4742 ut
715 4689 788 4744 Deus
811 4688 871 4745 haec
897 4705 949 4760 pro
999 4686 1128 4742 tenebras
1155 4686 1273 4758 repolit;
1299 4687 1387 4743 Deum
1415 4695 1443 4743 et
1475 4688 1633 4745 Creatorem
1661 4696 1742 4746 tuum
1759 4691 1808 4753 tibi

152 4777 272 4844 homine,
302 4777 415 4833 Creator
441 4792 490 4847 pro
519 4785 640 4832 creatura
664 4777 806 4847 patiatur?
834 4778 875 4833 Ad
896 4779 950 4834 boc
1000 4775 1179 4842 ostendendo,
1195 4783 1221 4830 et
1235 4783 1335 4831 statum
1348 4783 1423 4831 tuum
1447 4775 1563 4845 (scilicet
1585 4777 1661 4833 unde
1675 4794 1765 4847 esses,
1784 4787 1810 4836 et

151 4862 345 4930 meditandum,
362 4862 462 4916 adhoc
480 4861 644 4927 mirandum,
662 4862 820 4934 cujusquam
842 4863 950 4917 animus
1002 4864 1139 4935 quomodo
1154 4863 1242 4935 esses)
1264 4863 1313 4919 tibi
1335 4863 1546 4921 manifestando.
1568 4863 1621 4934 Qui
1645 4881 1707 4922 eres
1735 4865 1807 4924 filius

153 4958 237 5021 tepet,
252 4952 412 5021 cuiusquam
426 4966 504 5004 mens
519 4957 629 5029 torpore
644 4949 771 5023 languida
786 4952 951 5008 marcct‘lEt
1000 4951 1170 5023 perditionis,
1188 4951 1234 5024 qui
1249 4968 1310 5008 eras
1334 4969 1381 5008 vas
1403 4954 1452 5010 irae
1471 4960 1500 5009 et
1518 4954 1702 5026 contumeliae,
1736 4955 1808 5014 inter

154 5038 220 5092 mihi
245 5039 386 5109 quisquam
409 5038 518 5110 aliquod
543 5038 630 5109 ipsius
653 5047 819 5110 praeceptum
841 5040 949 5105 durum,
1001 5056 1065 5095 vasa
1088 5040 1209 5106 honoris,
1235 5040 1429 5098 misericordiae
1451 5043 1557 5113 posuit;
1582 5058 1638 5099 non
1657 5043 1750 5101 solum
1773 5046 1807 5101 ab

155 5124 199 5180 vel
214 5125 321 5180 difficile
336 5126 417 5181 audet
431 5125 573 5180 nominare
584 5126 597 5178 l
610 5125 682 5193 Quid
689 5127 762 5182 enim
772 5127 952 5183 retribuemus
1001 5136 1101 5183 aeterna
1116 5128 1288 5184 damnatione
1302 5129 1452 5200 eripiendo,
1465 5131 1514 5186 sed
1530 5130 1660 5187 advitam
1674 5140 1807 5190 aternam

155 5213 272 5269 Domino
288 5229 338 5284 pro
352 5213 478 5268 omnibus
492 5230 553 5285 quae
563 5214 795 5270 reu-ibuitnobtst
809 5215 837 5271 Si
847 5215 953 5271 invenis
1002 5215 1194 5273 miserabiliter
1231 5217 1393 5288 reparando.
1432 5218 1593 5274 Paradisum
1629 5220 1805 5290 perdideras,

155 5301 259 5371 aliquid
272 5301 345 5374 qnod
359 5301 442 5357 iacias
457 5316 507 5371 pro
522 5303 582 5372 ipso
591 5302 689 5370 majus,
702 5318 781 5373 quam
792 5301 851 5372 ipse
860 5302 954 5359 lecerit
1004 5304 1102 5359 coelum
1117 5304 1253 5376 recepisti.
1279 5304 1331 5374 Qui
1354 5321 1414 5361 eras
1435 5306 1571 5378 particeps
1593 5307 1806 5380 demoniorum,

156 5403 209 5460 pro
223 5396 258 5455 tc,
283 5388 427 5446 consilium
455 5387 546 5444 laudo.
577 5389 646 5444 Nam
670 5389 722 5445 hoc
750 5389 841 5461 utique
868 5390 954 5445 debes
1004 5390 1092 5449 lactus
1107 5409 1137 5449 cs
1156 5394 1281 5451 conscius
1305 5401 1332 5450 et
1350 5394 1441 5451 socius
1464 5395 1634 5469 angelorum.
1661 5397 1718 5453 Sed
1741 5397 1806 5471 quid

159 5475 281 5533 Creatori
291 5485 318 5534 et
328 5476 502 5547 Redemptori
511 5485 567 5533 tuo.
584 5476 651 5545 Quis
665 5477 739 5534 enim
748 5493 844 5535 seruus
860 5485 954 5552 gratus
1004 5480 1118 5538 dicam?
1131 5482 1192 5553 plus
1206 5482 1296 5540 adhuc
1310 5483 1410 5551 dicam,
1427 5483 1462 5539 de
1476 5499 1558 5541 servo
1571 5485 1720 5556 adoptatus
1734 5486 1805 5543 esin
