3742 5986
109 190 161 244 189

418 185 610 244 Expostulo
628 186 666 243 lN
683 183 874 243 EPISTOLAS
894 183 1010 242 thum.
1027 215 1063 228 -
1077 186 1115 243 lN
1132 186 1243 244 aelst.
1267 187 1279 244 l
1298 186 1346 244 ab
1365 185 1451 244 uolt.

1711 188 1767 244 tto

113 313 207 368 sicnes
222 311 278 368 sint
293 309 533 383 ministrationum,
555 319 644 368 umen
663 310 739 368 Mem
753 316 796 366 est
822 309 915 366 Domi·
926 308 951 371 Α
964 309 992 365 id
1007 317 1049 367 est
1062 310 1180 379 diversa,
1203 274 1282 369 sunt*
1296 328 1387 369 unum
1401 329 1511 386 eorpus.
1528 313 1569 368 lta
1583 310 1706 369 Christus
1719 311 1766 369 di-

114 419 171 458 nus
184 401 232 474 qui
246 400 294 456 dat
308 402 424 474 gratiam
439 401 467 455 in
483 416 536 473 qua
552 400 745 456 ministramus.

152 491 221 546 Sunt
230 491 313 546 etiam
327 489 476 546 divisiones
485 490 683 561 operationum,
700 505 761 562 quae
780 488 808 544 in
822 486 916 544 nobis-

116 579 186 651 ipsis
197 579 268 635 bene
282 593 436 651 operamur,
451 578 565 643 orando,
588 578 736 650 vigilando,
743 577 891 647 jejunando
906 594 915 644 ;

119 676 146 724 et
161 669 207 724 hae
222 668 394 740 operationes
409 666 590 724 sunteffectus
617 666 776 740 gratiarum.
793 667 828 721 lit
850 667 917 721 ticet

117 757 218 814 diuina
232 759 293 813 sint
306 757 494 830 operationes,
509 761 605 813 tamen
619 757 694 812 wem
708 759 750 812 est
768 757 852 821 Dein,
868 755 917 827 qut

117 847 357 919 operaturomnia
369 861 537 917 quaecunque
545 852 700 917 opportuna
710 844 783 900 videt
794 843 874 898 saluti
883 844 915 898 in

113 936 255 991 omnibus.
276 933 356 1003 Quod
366 934 403 989 ita
413 934 468 1003 ait:
485 935 559 990 ldem
580 933 705 1005 Spiritus,
730 932 803 988 idem
818 930 916 987 Domi·

113 1040 177 1094 nus,
193 1024 269 1081 idem
278 1023 372 1091 Deus;
387 1031 443 1079 non
466 1023 538 1095 quod
555 1023 679 1078 diversas
701 1021 834 1092 intelligat
848 1021 915 1076 sub-

111 1112 239 1180 stantias,
264 1112 313 1168 sed
336 1119 365 1167 ut
391 1111 549 1168 Trinitatem
566 1111 595 1166 in
625 1110 761 1183 personis,
784 1108 914 1165 unitatem

117 1202 248 1274 designet
261 1201 290 1256 in
305 1201 463 1256 substantia.
484 1201 519 1255 Et
529 1199 591 1257 licet
603 1208 666 1255 sunt
689 1198 837 1254 divisiones
847 1212 915 1272 pra·

116 1290 232 1357 tiaram,
252 1296 343 1345 tamen
358 1291 512 1363 unicuique
526 1289 613 1345 datur
625 1286 916 1360 manifestatioSpiri·

966 415 1047 456 versa
1070 406 1193 456 membra
1216 401 1297 456 habet
1315 401 1344 455 in
1364 401 1489 458 Ecclesia
1506 420 1512 468 ;
1529 409 1662 458 ettamen
1682 401 1710 456 in
1731 416 1766 457 eo
1858 395 1859 398 ’

966 489 1052 560 capite
1068 506 1151 544 unum
1161 497 1242 545 sunt:
1259 505 1310 545 uec
1326 490 1421 544 mirum
1438 509 1445 557 3
1462 491 1526 562 quia
1541 490 1609 547 sicut
1625 506 1676 561 ρει
1692 505 1766 545 εειιι·

966 579 1028 633 dem
1044 578 1160 633 animam
1175 579 1283 634 diversa
1297 580 1418 634 membra
1437 579 1539 647 vivunt,
1560 579 1599 635 sic
1612 595 1662 650 per
1689 595 1766 635 eum·

966 668 1028 722 dem
1044 668 1170 739 spiritum
1184 669 1312 724 universa
1326 669 1449 725 membre
1463 669 1521 739 ejus
1536 676 1677 741 reguntur.
1694 670 1764 725 Vere

967 757 1089 811 Christus
1100 764 1142 813 εει
1152 775 1236 813 unum
1251 774 1367 830 corpus:
1381 758 1487 814 etenim
1498 774 1594 816 omnes
1605 773 1656 814 nos
1665 774 1764 815 sumttt

966 846 1104 919 baptizati
1116 855 1143 903 et
1157 846 1286 903 vivificati
1301 849 1334 902 in
1349 864 1405 905 uno
1416 848 1535 921 Spiritu,
1551 856 1721 904 transeuntes
1734 847 1764 903 in

966 951 1048 989 unum
1061 950 1161 1007 corpus
1176 935 1285 991 Christi.
1301 937 1402 993 Omnes
1415 936 1478 993 dico
1493 936 1686 1003 indifferenter,
1705 937 1763 993 siue

966 1023 1051 1078 simus
1064 1024 1165 1091 iudaei,
1177 1026 1234 1081 siae
1248 1026 1379 1096 pentiles,
1396 1026 1453 1081 siae
1462 1028 1545 1092 serui,
1561 1025 1715 1082 siocliberi.
1727 1024 1763 1080 lit

966 1112 1035 1169 sicut
1044 1113 1178 1184 baptizati,
1194 1113 1234 1169 sie
1246 1114 1325 1168 etiam
1347 1131 1444 1171 omnes
1459 1122 1521 1186 post
1535 1114 1700 1186 baptismum
1714 1130 1762 1187 po·

966 1202 1021 1257 tati
1035 1218 1135 1259 sumus
1150 1218 1207 1258 uno
1222 1202 1373 1275 eodemque
1387 1203 1497 1276 Spiritu
1507 1203 1536 1258 in
1545 1200 1760 1270 confirmatione,

966 1298 993 1345 et
1006 1290 1034 1345 in
1049 1291 1155 1347 caeteris
1170 1291 1310 1346 ordinibus
1324 1291 1465 1348 Ecclesia.
1486 1292 1557 1347 Vere
1571 1307 1623 1348 uos
1636 1289 1762 1362 baptizati

119 1383 178 1448 tus,
190 1378 220 1433 id
228 1386 270 1434 est
278 1377 388 1450 aliquod
403 1377 503 1433 bonum
520 1394 571 1449 per
585 1376 658 1450 quod
677 1375 793 1448 Spiritus
805 1374 915 1446 operari
966 1396 1175 1450 sumusomnes,
1190 1380 1217 1435 id
1232 1387 1275 1435 est
1289 1396 1354 1436 vere
1373 1397 1466 1436 sumus
1489 1380 1599 1436 diversa
1624 1380 1760 1435 membra.

114 1466 142 1521 in
158 1483 195 1523 eo
209 1465 407 1533 manifestetur,
418 1467 454 1522 ad
467 1467 635 1522 utilitatem.
648 1465 693 1521 Sic
708 1464 780 1520 enim
796 1463 861 1519 utile
875 1471 917 1518 εει
965 1469 1046 1535 Nam,
1056 1469 1129 1525 sieut
1139 1485 1240 1542 eorpus
1250 1469 1759 1536 hominisnonertunummembr'um,

111 1555 316 1611 minusdonum
331 1555 376 1612 cui
391 1555 481 1621 datur,
505 1554 574 1611 sicut
583 1554 671 1624 majus
695 1553 797 1610 donum
825 1551 914 1608 alteri.
965 1558 1013 1613 sect
1040 1560 1189 1626 multa,·et
1205 1574 1256 1630 per
1279 1558 1367 1614 simile
1389 1574 1444 1614 non
1466 1567 1508 1614 εει
1535 1558 1655 1614 Christus
1678 1573 1762 1613 unum

107 1645 184 1700 Deus
199 1644 271 1700 enim
284 1659 339 1700 non
357 1644 506 1701 secundum
530 1643 627 1699 merita
650 1642 789 1697 hominum
812 1640 950 1736 gratiasB
965 1638 1127 1704 membrum,
1145 1638 1194 1693 sed
1208 1638 1302 1693 multa.
1319 1638 1387 1693 lllud
1398 1638 1480 1694 etiam
1495 1646 1579 1694 totam
1599 1637 1683 1694 refert
1698 1653 1761 1692 sen·

111 1750 177 1789 suas
187 1731 324 1788 distribuit
338 1750 345 1787 ε
361 1731 521 1804 plerumque
540 1731 613 1788 enim
635 1730 724 1786 minus
752 1730 836 1804 digno
850 1744 912 1785 ma·
964 1726 1086 1783 tentiam.
1101 1727 1180 1782 Nunc
1202 1725 1310 1782 inferta
1335 1727 1478 1798 superiori,
1502 1727 1574 1799 quod
1585 1743 1636 1783 nos
1663 1741 1761 1782 omnes

107 1820 153 1892 jus
178 1821 303 1889 donum3
325 1820 486 1893 plerumque
507 1819 628 1893 digniori
656 1818 745 1874 minus
760 1819 836 1874 datur
847 1836 854 1872 ε
866 1834 913 1873 se·
964 1831 1017 1871 uno
1033 1814 1134 1886 Spiritu
1150 1814 1278 1886 baptizati
1292 1822 1317 1871 et
1332 1816 1426 1886 potati,
1442 1832 1537 1870 sumus
1557 1832 1641 1871 unum
1660 1830 1760 1887 corpus

108 1911 231 1968 cundum
246 1909 318 1983 quod
343 1911 417 1965 Deus
441 1908 513 1964 videt
528 1910 600 1965 hunc
616 1907 702 1980 magis
731 1915 912 1979 opportunum
963 1904 1062 1959 Christi
1079 1922 1086 1970 ;
1103 1904 1166 1976 quia
1181 1920 1263 1958 unum
1281 1923 1288 1959 :
1305 1904 1388 1978 igitur
1402 1907 1428 1960 si
1442 1905 1613 1977 diaeritpes,
1629 1905 1657 1960 id
1666 1913 1708 1960 εει
1717 1905 1760 1962 iu·

109 1999 143 2054 ad
158 1999 227 2054 illud
237 1998 430 2068 exercendum,
446 1997 520 2052 illum
542 1997 577 2053 ad
588 1997 680 2063 aliud;
696 2004 835 2052 enumerat
850 2011 912 2067 gra·
962 1993 1045 2050 serius
1060 1993 1213 2049 membrum
1227 1992 1256 2047 in
1270 1993 1404 2061 Ecclesia,
1415 1995 1549 2066 quoniam
1557 2010 1615 2050 non
1626 2012 1690 2051 sum
1702 2011 1760 2052 mo·

110 2088 172 2158 tias,
200 2087 296 2144 dicens
313 2103 319 2141 :
338 2085 491 2143 Divisiones
528 2086 620 2158 utique
648 2093 711 2141 sunt
747 2085 907 2158 gratiamm.
963 2098 1027 2149 nus,
1041 2080 1069 2136 id
1085 2089 1125 2137 est
1135 2081 1196 2136 talis
1216 2089 1344 2153 operator
1365 2088 1395 2137 ut
1404 2082 1467 2149 tlle;
1483 2081 1546 2138 idco
1560 2099 1618 2139 non
1645 2084 1758 2142 sumde

108 2178 183 2235 Nam
198 2177 252 2233 alit
265 2176 388 2247 quidem,
404 2175 484 2231 idest
506 2174 624 2231 discrete
654 2175 741 2230 datur
755 2190 806 2246 per
820 2172 912 2246 Spiri-
962 2187 1077 2244 corpore
1090 2170 1189 2226 Christi
1201 2189 1208 2236 ;
1218 2187 1276 2227 non
1290 2172 1351 2227 ideo
1365 2173 1493 2244 sequitur
1506 2187 1572 2228 eum
1581 2188 1640 2228 raon
1653 2188 1713 2229 esre
1725 2172 1758 2230 de

113 2270 178 2322 tum
195 2264 337 2338 sapientia,
355 2263 383 2319 id
397 2270 438 2319 εει
464 2263 583 2336 cognitio
597 2262 760 2329 divinorum,
778 2266 806 2318 et
820 2276 911 2318 sermo
962 2275 1076 2332 corpore
1092 2259 1205 2314 Christi.
1225 2258 1304 2328 Quod
1315 2266 1356 2316 est
1371 2259 1465 2316 dicere
1482 2278 1490 2316 ι
1505 2260 1553 2316 llle
1566 2260 1612 2332 qui
1628 2268 1670 2316 est
1686 2260 1759 2318 inle-

109 2355 273 2428 sapientioe,
289 2360 318 2408 ut
332 2351 452 2424 gratiose
467 2352 557 2424 eloqui
567 2351 653 2424 possit
664 2352 736 2423 quod
751 2349 911 2422 benesapit.
962 2348 1020 2404 rior
1034 2364 1088 2404 non
1103 2357 1193 2420 potest
1203 2365 1233 2404 se
1261 2349 1425 2421 abrumpere
1443 2348 1479 2403 ab
1506 2349 1608 2405 unitate
1636 2349 1735 2406 Christi
1749 2369 1757 2419 3

110 2444 279 2499 Atiiautem
293 2442 372 2496 detur
385 2443 507 2498 scientia
533 2439 702 2496 dehumanis
720 2448 746 2495 et
760 2455 859 2505 senno,
883 2447 912 2494 ut
962 2437 1024 2509 quia
1039 2438 1121 2493 habet
1138 2437 1220 2493 alium
1235 2437 1403 2510 superiorem
1432 2452 1462 2494 εε
1476 2437 1502 2493 in
1518 2438 1615 2495 eodem
1641 2454 1759 2510 corpore
1850 2509 1856 2516 ⁸

109 2532 240 2604 expedite
254 2530 382 2603 loquatur
397 2530 471 2603 quod
485 2530 555 2596 scit;
572 2537 599 2586 et
610 2528 822 2586 hocsecundurn
833 2545 912 2585 eum·
961 2526 1070 2595 Christi.
1086 2527 1120 2581 Et
1135 2527 1204 2582 sicut
1218 2543 1267 2599 pes
1289 2543 1343 2582 non
1357 2527 1537 2599 abrumpitur,
1568 2527 1700 2600 quianon
1718 2537 1761 2585 ast

107 2622 174 2678 dem
192 2621 342 2694 Spiritum,
354 2619 465 2675 excluso
476 2618 707 2675 meritohomiuis.
720 2618 811 2674 Alteri
824 2618 911 2675 datar
960 2631 1059 2671 manus
1075 2615 1131 2681 ;ita
1145 2617 1171 2671 si
1192 2616 1301 2672 dixerit
1328 2619 1418 2682 auris,
1434 2616 1460 2671 id
1476 2623 1519 2672 cst
1531 2617 1578 2672 ille
1602 2634 1684 2689 quem
1706 2633 1758 2690 per

113 2711 197 2781 fides,
213 2709 242 2764 id
257 2715 298 2765 est
310 2707 341 2765 1
350 2706 429 2765 34
440 2707 483 2763 vel
497 2707 646 2764 constantia
661 2706 734 2775 fidei,
750 2714 779 2761 ut
792 2722 842 2778 pro
857 2705 910 2762 tide
960 2703 1042 2759 alium
1053 2704 1196 2760 docentem
1210 2711 1318 2776 oportet
1336 2705 1500 2778 intelligere,
1528 2708 1593 2779 quia
1607 2723 1666 2763 non
1692 2723 1758 2763 sum

113 2798 216 2854 tuenda
233 2812 288 2853 uon
301 2797 405 2852 dubitet
419 2797 497 2853 mori.
515 2796 564 2854 Vel
582 2795 661 2864 fides,
679 2796 741 2868 quia
769 2795 843 2850 novit
862 2811 910 2851 sa·
960 2795 1068 2860 ocutus,
1084 2793 1112 2849 id
1127 2801 1168 2849 εει
1183 2793 1247 2866 quia
1260 2809 1309 2865 per
1316 2810 1358 2850 me
1373 2810 1428 2849 non
1438 2794 1530 2850 omnia
1537 2794 1680 2869 intelligo;
1695 2795 1758 2852 ideo

105 2893 247 2944 eramenta
261 2885 343 2952 lidei;
360 2894 387 2942 et
400 2886 454 2942 hoc
469 2888 500 2942 in
514 2886 609 2942 eodem
625 2886 744 2958 Spiritu.
762 2886 819 2941 dlii
831 2885 911 2942 datur
959 2900 1017 2941 non
1032 2900 1096 2940 sum
1110 2883 1143 2939 de
1158 2899 1293 2956 corpore;
1307 2900 1365 2940 non
1375 2886 1504 2958 requitur
1512 2885 1573 2943 ideo
1583 2902 1641 2941 non
1651 2901 1709 2942 esse
1724 2884 1758 2943 de

104 2978 204 3051 pratia
218 2975 390 3042 sanitatum,
405 2983 435 3030 ut
457 2991 508 3045 per
534 2974 659 3029 virtutem
682 2974 793 3046 spiritus
822 2973 909 3046 possit
959 2988 1084 3046 corpore.

107 3065 251 3138 depellere
261 3063 373 3119 morbos
389 3071 435 3131 ;et
445 3063 497 3120 hoc
511 3064 768 3135 inunoeodemque
788 3064 908 3136 Spiritu,
924 3039 948 3100 0
995 3063 1107 3117 Dixerat
1117 3062 1442 3137 superius,quodcorpus
1452 3080 1510 3120 non
1520 3067 1661 3120 estunam
1668 3079 1758 3121 mem-

106 3155 172 3228 quia
186 3152 305 3209 taedebat
320 3168 381 3208 eum
393 3151 508 3226 singulis
527 3151 606 3207 donis
621 3151 743 3223 spiritum
759 3167 908 3223 apponere,
959 3151 1051 3218 irum,
1069 3151 1118 3207 sed
1132 3166 1188 3207 non
1202 3151 1469 3208 dederetrationem.
1479 3151 1570 3221 Quare
1583 3160 1609 3208 et
1620 3153 1672 3209 hoc
1685 3169 1758 3211 nunc

106 3241 316 3315 comprehendit
329 3248 442 3298 caeteras
463 3241 575 3314 gratias,
601 3248 627 3297 ot
641 3241 676 3296 ad
707 3241 830 3296 ultimum
850 3241 910 3296 sub
959 3240 1059 3303 subdit,
1075 3239 1188 3296 dicem:
1205 3241 1277 3296 Vere
1291 3242 1374 3308 auris,
1390 3242 1453 3297 licet
1468 3258 1523 3298 non
1539 3243 1573 3297 sit
1587 3241 1693 3313 oculus,
1713 3250 1757 3298 ta-

107 3333 148 3388 dit
160 3347 257 3388 omnes
272 3330 330 3385 dari
359 3346 409 3401 per
433 3329 571 3401 Spiritum.
599 3330 657 3385 Atii
678 3329 756 3384 datur
784 3331 910 3402 operatio
959 3346 1021 3384 men
1037 3337 1078 3385 est
1093 3328 1254 3400 decarpere
1271 3348 1279 3395 ;
1294 3330 1358 3402 quia
1373 3330 1397 3385 si
1411 3330 1473 3387 ideo
1487 3347 1541 3387 non
1559 3340 1641 3398 esset,
1659 3348 1758 3404 seque-

106 3421 260 3491 virtutum,
277 3419 356 3475 idest
369 3418 564 3475 miraculorum
580 3434 640 3490 quse
653 3426 748 3475 contra
758 3418 848 3490 legem
859 3434 909 3472 na·
959 3427 1035 3475 retur
1045 3418 1118 3490 quod
1134 3417 1230 3474 oculus
1241 3427 1314 3474 esset
1330 3426 1415 3474 totum
1430 3434 1540 3491 corpus.
1553 3421 1608 3476 Sed
1622 3420 1646 3476 si
1660 3422 1758 3478 oculus

104 3519 176 3565 turae
191 3507 269 3575 liunt,
293 3515 322 3563 ut
344 3523 447 3565 cacum
472 3507 634 3577 illuminare,
660 3515 796 3563 mortuum
819 3507 909 3564 susci·

107 3608 180 3654 tare.
198 3598 256 3653 Alii
271 3597 351 3652 datur
367 3598 526 3671 prophetia,
541 3597 569 3651 id
593 3604 635 3652 est
658 3596 786 3652 revelatio
802 3595 909 3652 futuro·
958 3597 987 3651 in
1000 3612 1127 3668 corpore.
1139 3597 1173 3651 Et
1191 3597 1213 3652 si
1229 3595 1336 3651 auditus
1364 3605 1405 3652 εει
1421 3604 1504 3653 totum
1528 3612 1639 3669 corpus,
1653 3598 1699 3653 ubi
1714 3607 1757 3654 εει

106 3703 181 3753 rum,
199 3686 243 3741 vel
257 3685 411 3742 intellectus
438 3685 651 3757 scripturarum.
681 3686 737 3741 dlii
761 3686 839 3741 datur
852 3686 909 3743 dis·
958 3685 1113 3741 odoratus?
1128 3686 1226 3742 lterum
1241 3686 1364 3758 penuria.
1381 3686 1434 3742 Per
1448 3686 1602 3754 odoratum,
1618 3686 1758 3744 discretio·

109 3776 201 3832 aretio
217 3776 370 3849 spirituum
389 3793 397 3842 ;
414 3775 477 3847 quia
495 3774 545 3830 scit
561 3774 726 3841 discernere,
744 3791 797 3846 quo
812 3774 909 3846 spiritu
958 3791 1020 3830 nem
1031 3775 1095 3830 boni
1110 3784 1137 3831 et
1159 3776 1225 3831 mali
1239 3775 1396 3848 accipimus.
1425 3776 1467 3832 Ne
1482 3785 1573 3832 autem
1585 3776 1613 3831 in
1640 3792 1757 3849 corpore

103 3864 225 3938 quisque
239 3872 369 3935 operetur
379 3863 493 3935 aliquid,
510 3863 553 3918 vcl
577 3863 711 3935 loquatur.
728 3865 785 3920 Atii
811 3863 909 3919 dantur
958 3872 1032 3920 esset
1047 3865 1106 3922 baec
1122 3865 1246 3937 penuria,
1262 3865 1353 3936 posuit
1368 3880 1441 3922 nunc
1454 3866 1527 3921 Deus
1544 3866 1653 3922 diuersa
1666 3883 1757 3922 mem·

105 3969 215 4025 penora
230 3954 395 4025 linpuarum
413 3967 419 4006 :
435 3951 558 4024 quiescit
574 3951 649 4024 loqui
663 3952 781 4008 diversis
796 3952 906 4026 linguis.
958 3953 1019 4024 bra,
1035 3955 1249 4027 unumquodque
1264 3970 1358 4010 eorum
1373 3954 1402 4009 in
1418 3970 1472 4011 uno
1486 3970 1609 4026 corpore,
1628 3955 1696 4012 sieut
1710 3972 1756 4013 vo-

104 4043 166 4098 Alii
182 4042 263 4095 datur
277 4043 479 4114 interpretatio
489 4057 653 4097 sermonum
669 4061 678 4109 ‚·
694 4042 767 4113 quod
782 4040 908 4098 Graecum
957 4043 1006 4098 luit
1019 4043 1186 4099 distribuens
1205 4043 1246 4100 eis
1263 4043 1377 4117 gratias.
1403 4044 1467 4100 Non
1481 4044 1568 4101 solum
1587 4053 1699 4118 propter
1709 4061 1757 4103 re·

104 4131 159 4187 seit
172 4129 344 4201 interpretari
365 4145 414 4200 per
441 4130 576 4196 Latinum,
599 4129 668 4186 vele
698 4145 842 4187 converso.
859 4131 908 4187 Vel
958 4132 1120 4188 movendam
1140 4133 1293 4204 penuriam,
1309 4150 1392 4189 unum
1421 4134 1573 4190 membrum
1587 4149 1642 4190 non
1657 4143 1696 4191 est
1712 4143 1756 4192 to·

101 4217 294 4290 interpretatio
309 4234 477 4287 sermonum,
503 4218 531 4274 id
550 4227 591 4274 est
612 4218 746 4290 expositio
760 4219 907 4293 allegoria·
957 4229 1014 4276 tum
1029 4236 1140 4292 corpus,
1163 4221 1311 4277 sedetiam
1333 4222 1395 4278 ideo
1414 4239 1476 4279 esse
1490 4239 1543 4278 non
1571 4231 1679 4294 potest;
1693 4225 1756 4297 quia

103 4308 225 4365 rumEt
240 4323 303 4363 cum
324 4306 440 4364 diversis
455 4308 513 4363 huc
547 4307 654 4362 diversa
683 4309 789 4375 dentur,
816 4317 907 4365 tamen
958 4311 983 4366 si
998 4314 1092 4366 essent
1106 4312 1203 4367 omnio
1212 4312 1437 4367 membraunum
1448 4313 1615 4380 membrum,
1636 4312 1753 4372 135

104 4397 165 4452 bac
173 4398 270 4453 omnio
277 4401 413 4468 operatur
422 4396 670 4469 unusutqueidem
678 4397 812 4470 Spiritus,
825 4406 942 4470 quem1)
957 4399 1005 4454 ubi
1014 4403 1087 4455 esset
1099 4400 1220 4471 eorpus?
1231 4400 1334 4455 Periret
1344 4400 1435 4472 utique
1444 4416 1554 4472 corpus,
1563 4401 1625 4473 quia
1635 4402 1657 4458 si
1665 4403 1757 4459 omnia

104 4501 188 4557 supra
204 4485 297 4542 vocavi
312 4485 399 4540 Deum
418 4492 444 4540 et
459 4484 603 4540 Dominum
620 4486 764 4560 :Spiritus
779 4486 849 4556 dico,
861 4487 907 4542 di·
958 4487 1082 4543 membra
1093 4496 1184 4544 essent
1207 4504 1312 4556 manus,
1329 4505 1381 4545 nec
1398 4489 1438 4546 sic
1463 4499 1535 4546 essct
1548 4506 1648 4563 corpus
1669 4492 1757 4548 homi·

104 4575 206 4631 uidens
221 4575 344 4646 stapulis
358 4575 455 4647 proult
467 4574 539 4641 uult,
551 4573 579 4629 id
593 4582 632 4629 est
647 4574 836 4648 pergratiam,
853 4590 907 4631 non
957 4576 1009 4631 nis.
1028 4577 1055 4633 Si
1071 4577 1167 4633 iterum
1194 4594 1291 4634 omnes
1319 4578 1346 4632 in
1369 4579 1494 4636 Ecclesia
1517 4589 1609 4636 essent
1627 4582 1755 4653 apostoli,

103 4679 157 4736 per
171 4663 312 4719 meritum.
957 4666 1001 4722 vel
1016 4683 1099 4722 unum
1117 4666 1229 4739 aliquid,
1248 4683 1300 4724 nec
1323 4667 1374 4740 ipsi
1402 4668 1485 4725 iidem
1508 4678 1600 4725 essent
1628 4672 1754 4742 apostoli,

142 4751 194 4806 llic
209 4751 303 4823 incipit
321 4749 467 4806 ostendere
482 4750 670 4806 diversitatem
684 4752 869 4808 membrorum
879 4752 908 4808 in
958 4772 1021 4813 cum
1034 4772 1088 4812 non
1100 4763 1192 4813 essent
1207 4757 1305 4830 quibus
1324 4757 1513 4829 praedicarent.
1529 4758 1756 4831 Quandoquidem

103 4840 206 4897 eodem
220 4840 317 4912 capite,
339 4839 384 4912 qui
407 4848 449 4895 εει
477 4839 614 4908 Christus;
642 4848 668 4896 et
697 4841 832 4912 quomodo
863 4842 908 4898 illa
958 4845 981 4901 si
996 4862 1080 4901 unum
1094 4846 1248 4902 membrum
1263 4854 1347 4902 totum
1363 4863 1464 4918 corpus
1479 4847 1585 4914 dicitur,
1603 4850 1756 4920 etpenuria

102 4928 218 4984 diversa
242 4943 324 4982 unum
350 4925 417 4983 liant
438 4928 465 4982 iu
489 4927 577 4999 capite
595 4927 713 4984 Christo.
744 4929 846 4986 littera
868 4931 908 4988 sic
957 4934 1121 5006 incorpore,
1141 4941 1167 4990 ει
1181 4935 1262 4992 etiam
1273 4934 1394 4992 delectus
1404 4936 1529 5009 corporis
1539 4937 1672 5015 sequitur.
1683 4940 1755 4997 Pro·

100 5017 243 5090 jungitur.
258 5017 330 5072 Bene
349 5016 411 5072 dico
422 5015 534 5088 spiritus
549 5016 674 5073 dividens
685 5017 810 5090 singulis,
823 5019 851 5075 id
866 5029 909 5076 εει
956 5027 1055 5097 pterea
1070 5041 1147 5080 nunc
1162 5024 1272 5096 quidem
1282 5027 1375 5082 multa
1386 5025 1753 5090 etdiscretasuntmembra.
1785 5007 1793 5017 ⁸

102 5105 224 5162 diversis
240 5104 370 5160 membris
389 5104 513 5160 diversas
537 5103 680 5162 conterens
702 5107 815 5178 gratias.
835 5108 908 5165 Nam
957 5128 1057 5185 corpus
1068 5117 1164 5169 autem
1175 5113 1272 5169 horum
1287 5114 1570 5172 membrommunum
1583 5122 1635 5174 est.
1651 5118 1755 5190 Elquia

102 5194 232 5250 Christus
242 5201 284 5249 est
298 5209 380 5249 unum
395 5209 495 5265 corpus
515 5193 624 5249 diversa
638 5195 742 5250 habens
756 5197 905 5253 membra:
957 5217 990 5256 ex
1011 5201 1174 5257 necessitate
1201 5201 1333 5258 interiora
1353 5211 1382 5259 ut
1406 5204 1545 5276 superiora
1564 5206 1689 5262 membra
1715 5207 1756 5264 sic

100 5282 269 5340 sicntvides
280 5282 698 5356 quodcorpusbominis,unum
709 5289 760 5351 est,
772 5290 907 5345 ettamen
957 5299 1018 5345 sunt
1033 5290 1061 5344 iu
1075 5305 1200 5361 corpore,
1215 5293 1303 5363 ipitur
1313 5309 1371 5350 non
1378 5297 1576 5366 potestoculus
1587 5296 1678 5351 dicere
1692 5313 1755 5352 nra·

103 5371 190 5428 babet
200 5373 294 5427 multo
305 5371 477 5437 membra,id
490 5381 531 5427 est
540 5371 666 5428 diversos
675 5381 750 5429 actus
760 5375 904 5446 habentia3
957 5381 1019 5446 nai,
1036 5379 1117 5434 idest
1137 5379 1262 5450 superior
1290 5380 1413 5439 interiori
1430 5402 1437 5440 ι
1453 5385 1514 5440 lton
1535 5384 1645 5455 indipeo
1670 5400 1757 5456 opero

106 5464 251 5519 ettamen
269 5463 364 5518 anania
374 5463 500 5519 membra
510 5463 708 5535 eorporiscum
725 5464 786 5522 sint
801 5467 905 5536 multa,
958 5471 1027 5538 tua3
1044 5484 1105 5525 cum
1120 5484 1203 5529 uuum
1222 5471 1377 5531 membrum
1391 5472 1511 5529 ablatum
1526 5470 1664 5554 penuriam
1676 5471 1760 5539 iaciat

959 3515 1031 3563 esset
1046 3515 1132 3562 totum
1146 3523 1256 3579 corpus,
1277 3507 1322 3562 ubi
1333 3515 1374 3563 est
1403 3507 1534 3563 auditus?
1547 3509 1619 3565 Ecce
1640 3510 1757 3582 penuria
