3742 5986
156 190 206 244 bai
439 183 468 239 S.
485 177 662 238 BRUNONIS
680 173 1003 235 cmrnusllttottutt
1020 168 1261 232 utsm'ttrottts
1279 172 1357 232 OPP.
1376 173 1466 233 etas
1482 176 1519 233 11.
1763 179 1820 237 532

155 309 320 366 adducens:
347 305 485 380 quomodo
513 317 614 359 novum
639 300 704 357 satis
727 300 755 354 iu
779 295 1109 371 sequentibusAminore
1123 296 1195 352 euim
1208 295 1444 369 hocimpoasibile
1472 304 1513 353 est
1540 297 1635 355 doceri
1663 298 1818 370 majorem.

157 396 359 454 determinabit.
383 391 594 460 consummabo,
619 388 739 462 inquam,
756 387 821 442 illud
834 387 863 441 in
876 386 958 442 domo
1007 385 1042 440 Et
1055 399 1103 441 ero
1119 385 1159 441 eis
1172 385 1305 451 inDeum,
1317 401 1412 441 omnes
1422 386 1521 442 iterum
1537 387 1625 444 scient
1639 403 1698 455 me,
1716 395 1745 444 et
1758 389 1819 446 haec

59 549 68 562 ‚
158 486 246 542 lsrael
261 493 287 541 et
301 485 330 539 iu
344 484 427 539 domo
446 481 525 537 Juda.
549 479 591 534 ld
613 478 731 533 litteram
752 491 804 546 per
826 473 911 530 lsrael
931 480 959 528 et
1008 473 1100 529 omnia
1114 472 1211 530 faciam
1226 473 1276 540 eia,
1293 475 1360 547 quic
1381 475 1522 548 propitius
1541 491 1588 533 ero
1606 476 1819 550 iniquitatibus

157 575 268 642 ludam,
283 572 370 628 iudaei
394 577 498 626 tautum
519 566 714 638 intelliguntur,
737 563 788 620 sed
808 561 959 619 secundum
1008 576 1115 629 eorem,
1131 565 1159 618 et
1166 563 1481 634 jumnoevmemorobor
1488 565 1818 636 peccatoruma'tlurum.

158 661 395 734 interpretationes
420 672 528 723 vocum,
553 654 642 710 omnia
663 652 759 708 videns
783 659 809 708 ει
827 648 960 706 confitens
1009 648 1168 721 iniquitates
1191 649 1236 716 ait,
1260 649 1370 721 quatuo
1392 664 1447 706 non
1469 659 1580 707 servant
1603 650 1768 724 nequitatem
1786 653 1821 709 ad

159 752 247 806 Deum
261 747 430 821 intelligitur.
457 744 541 801 lsrael
564 751 591 799 et
607 741 676 797 luda
695 739 799 806 dividit,
821 739 885 811 quia
898 745 960 810 post
1008 737 1162 809 proximum
1177 754 1256 793 auum
1270 755 1279 805 3
1292 745 1414 809 peccata,
1439 738 1549 812 quando
1568 739 1597 795 iu
1621 739 1729 812 seipsis
1749 741 1820 799 male

158 846 274 895 mortem
290 835 453 901 Salomonis,
470 831 560 905 quiin
582 830 704 901 utrisque
727 844 841 899 reguum
856 826 958 895 babuit,
1010 833 1104 898 agunt.
1121 826 1172 883 Vel
1186 832 1214 881 ut
1228 834 1373 898 peccatum
1387 834 1413 881 et
1422 826 1590 899 iniquitatem
1603 827 1681 884 idem
1698 830 1820 902 accipia-

159 928 284 984 Roboam
299 924 369 981 iilius
383 924 441 993 ejus
456 921 556 976 tribum
568 917 638 974 luda
648 925 675 973 et
696 916 837 972 dimidiam
860 914 960 970 tribum
1009 929 1080 980 mus,
1096 912 1133 968 ita
1147 913 1272 982 dicimus,
1287 914 1354 970 dicit
1369 931 1376 968 :
1394 914 1530 986 Propitius
1553 930 1602 972 ero
1625 915 1819 990 iniquitatibus

161 1015 301 1084 benjamin
314 1020 418 1068 tantum
432 1009 534 1074 habuit,
560 1014 587 1064 et
602 1006 664 1062 alias
679 1005 769 1060 tribua
782 1003 865 1059 lsrael
878 1003 913 1057 ab
927 1017 960 1058 eu
1010 1017 1116 1057 eorum.
1141 1003 1175 1058 lit
1194 1001 1255 1074 quia
1274 1001 1432 1074 propitiatio
1455 1003 1511 1059 dici
1531 1011 1636 1074 posset,
1661 1005 1687 1061 si
1713 1007 1819 1079 absque

160 1104 216 1173 die,
232 1102 393 1159 recedentes
403 1098 438 1154 ab
449 1112 482 1154 eo
492 1096 667 1152 adheserunt
675 1093 821 1150 Jeroboam
836 1092 888 1164 (lll
896 1094 959 1162 lieu.
1010 1088 1112 1145 ultione
1127 1088 1272 1145 dimitteret
1286 1089 1315 1144 in
1335 1090 1472 1161 prasenti,
1495 1089 1557 1148 ideo
1580 1091 1682 1148 addit:
1700 1093 1744 1149 lta
1759 1110 1820 1166 pro

161 1206 212 1256 ιη,
239 1190 295 1260 le).
318 1189 376 1243 Huc
401 1190 590 1241 testamentum
604 1196 704 1238 novum
726 1180 795 1236 dubo
818 1194 901 1251 super
914 1178 962 1234 do·
1010 1177 1093 1249 pitius
1107 1192 1156 1234 ero
1171 1177 1315 1250 quodiam
1326 1178 1397 1233 ultra
1411 1193 1466 1234 uon
1491 1180 1671 1236 memorabor
1686 1191 1820 1254 peccato·

160 1294 250 1342 mum,
261 1277 288 1332 id
308 1284 392 1332 estut
407 1273 485 1346 quasi
507 1272 541 1327 de
565 1269 691 1341 supernis
710 1268 823 1324 veniens
837 1266 962 1323 domine-
1011 1281 1073 1320 rum
1086 1281 1180 1323 eorum
1194 1266 1221 1321 iu
1236 1265 1341 1322 luturo.
1360 1266 1469 1323 liabent
1490 1266 1599 1340 quidam
1623 1268 1698 1339 libri,
1716 1286 1819 1343 pecca·

161 1374 205 1423 tur
220 1366 307 1421 lsrael
318 1367 347 1419 et
355 1362 457 1434 julite:
472 1366 499 1416 et
522 1374 578 1415 nou
593 1357 628 1412 sit
650 1355 728 1430 quasi
750 1355 794 1412 lex
821 1363 900 1412 vetus
914 1369 963 1409 an·
1011 1361 1068 1409 tum
1083 1354 1201 1422 illorum,
1218 1361 1245 1410 et
1268 1355 1417 1411 secundum
1440 1356 1511 1411 banc
1525 1354 1642 1413 litteram
1657 1357 1821 1432 intelligitur

162 1454 227 1512 oilla
241 1455 270 1509 iu
282 1468 364 1507 manu
379 1447 540 1506 sacerdotis.
560 1447 595 1501 Et
609 1445 674 1517 quia
697 1451 790 1516 posset
803 1459 865 1500 esse
880 1449 963 1499 testa·
1012 1441 1155 1516 originale.
1182 1441 1225 1497 Ab
1244 1442 1296 1498 boe
1320 1441 1382 1498 loco
1404 1441 1500 1515 incipit
1517 1443 1627 1500 Paulus.
1654 1444 1734 1502 Dixit
1754 1463 1820 1520 pro-

162 1550 286 1599 mentum
300 1555 410 1605 novum,
437 1536 501 1610 quia
520 1549 592 1592 nova
616 1541 722 1590 terrena
742 1533 913 1604 promitteret
938 1538 964 1588 at
1011 1531 1095 1600 pheta
1112 1545 1119 1586 t
1136 1530 1213 1586 Dabo
1236 1537 1427 1586 testamentum
1443 1545 1557 1588 novum.
1575 1533 1705 1592 ὒιεεειεο
1724 1540 1821 1594 autem

164 1630 339 1704 praeciperet,
350 1625 513 1683 determinat
525 1625 577 1680 boo
588 1621 811 1679 dicens:Novum
821 1620 856 1676 ita
866 1625 999 1711 utnonB
1013 1635 1127 1685 nouum,
1144 1621 1280 1675 veteravit
1286 1620 1568 1692 privatestameutum
1580 1620 1609 1675 in
1623 1621 1717 1680 activa
1733 1623 1821 1698 signi-

162 1719 198 1774 sit
217 1717 372 1774 seeundum
391 1714 458 1769 illud
477 1715 681 1769 testamentum
694 1709 814 1766 388
824 1708 895 1783 quod
910 1722 965 1782 ego
1013 1705 1149 1763 ficatione.
1165 1705 1215 1762 Vel
1224 1706 1367 1775 veteravit,
1382 1706 1410 1762 id
1420 1714 1463 1763 est
1476 1715 1553 1764 vetus
1567 1707 1671 1765 iactum
1687 1718 1735 1768 est
1749 1712 1823 1784 prim

163 1806 357 1880 seciputribus
371 1818 479 1860 eorum.
494 1801 530 1856 Et
543 1797 965 1872 quiaquibusdampatrihus‚ut
1015 1802 1214 1864 testamentum,
1239 1794 1268 1850 iu
1290 1795 1411 1868 passiva.
1437 1797 1472 1852 Et
1495 1796 1565 1852 bene
1588 1796 1652 1854 dico
1685 1800 1821 1857 veteravit

163 1895 312 1961 Abraham,
340 1889 463 1963 spiritale
485 1894 679 1944 testamentum
703 1886 816 1953 iecerat,
837 1884 899 1941 ideo
913 1884 964 1940 de·
1014 1884 1100 1956 priua,
1117 1883 1182 1956 quia
1196 1899 1282 1955 prope
1296 1883 1436 1939 interitum
1450 1891 1492 1941 εει
1507 1901 1514 1939 :
1530 1884 1703 1958 quodilaait
1720 1903 1727 1942 :
1747 1888 1822 1957 Quod

163 1980 357 2040 terminansait
367 1976 498 2051 quodieci
505 1978 537 2032 tn
548 1977 593 2033 die
603 1992 656 2049 quu
663 1974 837 2049 apprehendi
846 1989 966 2029 mutem
1015 1971 1547 2044 uutemautiqhutursicutinauimatis,
1563 1976 1592 2030 et
1600 1977 1742 2046 senescit,
1754 1976 1823 2034 sieut

163 2073 292 2137 iliorum,
308 2073 341 2125 ut
355 2067 503 2124 educerem
510 2066 576 2121 illos
586 2065 619 2120 de
629 2069 707 2120 terre
721 2063 844 2135 AEgypti.
863 2064 967 2132 Appre-
1015 2059 1043 2115 in
1059 2059 1282 2129 animatis,0mne
1292 2059 1398 2116 hocest
1406 2075 1492 2133 prope
1508 2061 1673 2120 interitum.
1685 2062 1821 2122 &nectus

164 2159 248 2216 hendi
261 2172 385 2224 manum,
401 2170 436 2211 ea
449 2152 627 2209 similitudine
648 2151 714 2207 dicit
728 2165 782 2223 qua
796 2148 895 2221 aliquis
908 2163 967 2204 ma·
1016 2148 1090 2204 euim
1104 2155 1130 2205 et
1144 2148 1293 2222 antiquatio
1307 2149 1466 2219 proeuuutiae
1480 2157 1543 2205 suut
1556 2150 1663 2207 mortis.

164 2262 231 2304 uum
246 2246 274 2301 in
288 2246 346 2301 luto
357 2242 482 2314 jacentis,
499 2247 527 2296 et
549 2254 600 2311 per
622 2255 653 2295 ae
671 2254 788 2310 surgere
810 2237 967 2308 impotentis

166 2333 357 2408 apprehendit,
378 2339 406 2387 et
425 2329 507 2401 erigit
523 2346 531 2396 ;
546 2328 586 2385 sic
609 2328 684 2384 Deus
698 2342 746 2383 eos
760 2344 810 2399 per
824 2342 854 2382 se
876 2326 967 2397 impo-
1319 2344 1434 2402 qqup
1456 2344 1504 2401 px,

165 2432 255 2482 teutea
288 2419 478 2494 apprehendit,
508 2424 535 2473 ει
566 2416 601 2472 de
632 2430 755 2473 aerumna
781 2414 966 2488 AEgyptiorum

166 2512 292 2570 eximit,
1055 2502 1181 2560 allabuit
1203 2503 1313 2577 quidem
1335 2511 1362 2561 et
1376 2504 1452 2577 prius
1473 2504 1682 2577 justificationes
1706 2509 1820 2567 culture

203 2600 349 2670 Quomodo
374 2614 422 2655 eos
450 2594 643 2669 vituperaverit
656 2607 728 2650 nunc
742 2592 801 2648 ait:
823 2592 885 2665 Ego
904 2591 968 2663 qui·
1020 2616 1031 2644 ι
1048 2601 1075 2650 ει
1089 2599 1212 2649 sanctum
1235 2593 1376 2651 saeculare.
1397 2592 1615 2651 Tabemaculum
1630 2597 1705 2653 enim
1721 2597 1821 2657 iactum

166 2691 230 2747 dem
244 2688 411 2761 apprehendi
430 2702 539 2742 manum
563 2699 669 2750 eorum,
694 2682 743 2737 sed
766 2682 899 2755 quonium
913 2681 969 2753 ipsi
1020 2705 1031 2731 ι
1049 2689 1091 2738 εει
1105 2681 1222 2753 primum
1238 2697 1245 2736 τ
1261 2681 1290 2736 iu
1304 2697 1360 2753 quo
1383 2690 1459 2738 erant
1480 2682 1656 2754 candelabra,
1671 2693 1700 2741 et
1713 2703 1820 2762 mensa,

167 2795 227 2836 uon
236 2780 458 2852 pemeuseruut
467 2778 499 2832 iu
509 2775 682 2831 testamento
692 2787 763 2837 meo,
774 2769 827 2841 ipsi
838 2768 968 2843 neglexe-
1020 2775 1075 2826 «et
1107 2768 1257 2841 propositio
1287 2784 1391 2840 panum
1413 2785 1474 2842 quae
1496 2770 1594 2827 dicitur
1614 2772 1732 2832 Sancta.
1761 2779 1823 2835 Post

169 2877 232 2924 runt
245 2883 300 2937 me,
317 2869 344 2923 ει
354 2882 400 2937 equ
410 2863 527 2937 neglext
537 2878 581 2919 eos
596 2880 605 2917 .·
621 2859 677 2916 ειεί
691 2858 754 2915 dico
763 2873 813 2916 vos
827 2857 968 2929 neglectus
1021 2879 1033 2910 ι
1049 2856 1232 2914 velamentum
1247 2864 1336 2913 autem
1347 2857 1496 2914 seeundum
1510 2859 1733 2935 tabernaculum,
1751 2866 1822 2938 quod

168 2958 268 3026 aDeo,
285 2971 320 3010 ue
333 2952 443 3011 molesti
471 2951 529 3007 sitis
543 2949 626 3017 mibi;
647 2947 776 3020 quiahoc
791 2947 861 3003 dicit
875 2947 969 3001 Domi·
981 2997 1005 3058 O
1021 2969 1032 2997 ι
1050 2946 1149 3002 dicitur
1168 2945 1265 3002 Sancta
1289 2954 1455 3015 sanctorum,
1481 2963 1595 3004 aureum
1609 2950 1718 3008 habens
1733 2954 1821 3011 thuri·

168 3063 224 3104 uus
237 3046 328 3103 :Vere
343 3043 415 3099 dabo
430 3046 620 3097 testamentum
635 3052 745 3107 novum,
762 3043 856 3092 elnon
872 3050 970 3091 secun·
1022 3056 1033 3087 a
1050 3035 1195 3115 bulum-et
1208 3050 1297 3091 arcam
1307 3035 1464 3092 testamenti
1476 3036 1683 3096 circumtectam
1699 3044 1821 3100 exomni

169 3136 234 3191 dum
249 3133 317 3189 illud
331 3132 403 3204 quod
426 3129 490 3186 dedi
513 3127 636 3200 patribus
650 3141 747 3182 eorum
762 3140 769 3181 ε
785 3125 852 3198 quin
867 3124 917 3181 hoc
927 3128 970 3180 εει
1020 3145 1033 3176 ι
1049 3131 1126 3196 parte
1141 3139 1219 3192 auro,
1235 3124 1263 3179 iu
1286 3140 1338 3197 qua
1362 3139 1432 3180 urna
1453 3141 1533 3182 aurea
1549 3126 1653 3184 habens
1667 3144 1781 3200 manua,
1796 3139 1822 3189 et

170 3225 375 3281 testamentum
387 3219 458 3293 qood
467 3233 521 3290 ego
528 3217 687 3289 disponam,
694 3215 721 3269 id
733 3221 775 3270 est
785 3212 971 3269 ordinabiliter
1021 3237 1033 3264 a
1051 3213 1131 3286 virga
1150 3214 1309 3285 Aaruuquae
1318 3211 1485 3279 fronduerat,
1495 3221 1521 3270 et
1535 3214 1638 3272 tabulae
1651 3221 1821 3289 testamenti,

170 3311 242 3367 dabo
257 3309 353 3368 domm
368 3309 465 3374 lsrael,
479 3305 507 3361 id
522 3313 563 3362 est
577 3304 697 3360 omniurn
712 3301 861 3359 videntium
870 3302 969 3368 Deum,
1022 3301 1173 3359 «389
1198 3316 1335 3373 superque
1360 3317 1421 3357 eam
1451 3311 1530 3359 erant
1551 3304 1701 3362 Cherubim
1730 3308 1823 3382 gloria

169 3415 221 3456 uec
234 3398 326 3468 modu,
343 3394 540 3470 sedpostdies
562 3394 627 3450 ilios
651 3390 853 3457 determinatos,
871 3397 896 3445 et
919 3391 972 3447 boo
1023 3389 1242 3446 «obumbrantia
1269 3389 1497 3462 propitiatorum
1526 3392 1561 3448 de
1585 3392 1684 3464 quibm
1708 3412 1766 3453 nou
1784 3406 1824 3454 est

170 3487 269 3545 iterum
284 3485 386 3544 credite
403 3503 409 3540 :
426 3485 488 3557 quia
501 3483 541 3539 sic
561 3483 632 3538 dicit
650 3483 796 3538 Dominus.
823 3479 972 3550 Disponam
1023 3501 1035 3532 ι
1051 3480 1135 3536 modo
1148 3477 1293 3536 dicendum
1307 3494 1358 3550 per
1371 3479 1488 3551 singula.
1504 3479 1553 3535 llis
1566 3496 1632 3538 vero
1654 3483 1692 3539 ita
1707 3500 1822 3558 compo·

170 3577 263 3650 utique
278 3574 370 3632 doado
386 3575 457 3646 leges
471 3588 549 3630 meus
563 3573 595 3627 iu
609 3573 729 3636 mentes,
741 3568 820 3623 idest
835 3567 862 3623 in
876 3566 973 3623 iutelli-
1024 3591 1035 3617 ι
1054 3568 1122 3637 sitis,
1139 3568 1166 3622 in
1181 3567 1267 3638 priori
1281 3567 1390 3640 quidem
1404 3567 1581 3625 tabernaculo
1604 3586 1718 3644 semper
1731 3573 1823 3631 introi·

171 3666 278 3741 gentius
292 3678 400 3729 eorum,
411 3677 463 3718 nec
477 3660 566 3718 solum
576 3659 728 3730 disponam,
742 3658 792 3713 sed
807 3657 887 3712 etiam
903 3657 974 3713 scri·
1024 3657 1118 3712 abant
1151 3655 1310 3713 sacerdotes
1340 3655 1539 3713 sacrificiorum
1570 3657 1660 3716 officia
1691 3677 1823 3720 consum·

173 3754 237 3810 bum
252 3769 309 3818 eus,
326 3758 355 3807 ut
369 3752 401 3807 iu
416 3757 519 3807 eterno
539 3755 677 3815 maneant,
695 3746 832 3812 incertia,
847 3745 875 3800 id
890 3744 974 3800 estin
1025 3752 1172 3800 amantes.
1203 3745 1234 3799 lu
1257 3744 1379 3801 secundo
1407 3753 1499 3801 autem
1515 3746 1601 3804 semel
1616 3746 1645 3802 in
1660 3763 1736 3807 auno
1749 3753 1824 3810 solus

173 3841 327 3900 voluntates
342 3854 439 3895 eorum
454 3857 463 3894 .·
479 3837 541 3909 quia
550 3844 577 3892 ει
588 3834 742 3907 intelligent
753 3840 779 3889 et
793 3850 827 3889 ex
837 3831 973 3889 voluntate
1025 3831 1185 3905 «pontifex,
1209 3847 1265 3889 nun
1287 3832 1346 3888 sine
1370 3833 1512 3906 sanguine,
1535 3851 1617 3907 quem
1639 3835 1753 3895 offerret
1775 3857 1824 3912 pro

173 3929 250 4003 leges
265 3942 340 3983 meas
365 3925 557 3997 operabuntur.
581 3922 705 3980 Scribam
729 3921 791 3978 dico
815 3921 893 3993 quasi
907 3921 974 3977 illud
1026 3945 1038 3971 u
1056 3937 1104 3977 sua
1120 3928 1147 3977 et
1161 3921 1254 3993 populi
1269 3920 1441 3993 ignorantia;
1459 3922 1512 3979 hoc
1535 3923 1709 3996 significante
1724 3927 1824 4000 Spiritu

174 4016 247 4089 quod
262 4029 405 4086 superesse
420 4012 501 4068 debet
515 4013 609 4083 eisque
624 4009 767 4076 dominari,
788 4018 815 4067 et
829 4017 973 4082 postquam
1026 4031 1038 4063 a
1056 4017 1150 4067 sancto
1160 4010 1281 4066 nondum
1295 4008 1467 4082 propalatam
1482 4027 1545 4068 esse
1566 4021 1726 4094 sanctorum
1740 4017 1822 4086 mam,

173 4105 202 4162 in
215 4112 306 4161 mente
320 4110 347 4159 et
363 4102 484 4158 incorde
500 4116 593 4157 eorum
616 4098 693 4171 leges
707 4114 784 4154 meas
799 4099 914 4170 scriptas
927 4100 976 4154 ba·
1027 4099 1144 4156 eadbuc
1153 4098 1244 4170 priore
1259 4098 1437 4156 tabernaculo
1465 4100 1581 4182 habente
1612 4109 1730 4161 statum.
1758 4105 1825 4176 Quae

173 4193 353 4260 bebunt3ero
363 4192 404 4248 eia
413 4190 444 4246 in
455 4192 554 4256 Deum,
566 4187 629 4260 quia
638 4189 744 4245 dicetur
760 4203 767 4243 ε
781 4189 853 4244 llere
863 4188 937 4243 Deus
947 4188 975 4243 iu
1027 4187 1188 4258 «parabola
1202 4195 1243 4242 est
1259 4186 1391 4258 temporis
1406 4187 1540 4255 instantis,
1552 4188 1629 4258 juxta
1657 4206 1742 4263 quam
1760 4210 1823 4250 mu·

173 4282 232 4338 istis
245 4281 359 4349 habitat,
380 4278 426 4352 qui
455 4285 494 4334 tot
521 4276 660 4349 refulgent
686 4275 837 4343 miraculis,
866 4281 895 4333 et
920 4277 976 4349 ipsi
1027 4263 1124 4331 «nera
1136 4283 1163 4331 et
1181 4274 1278 4331 hostiae
1292 4273 1454 4343 offeruntur,
1472 4292 1532 4349 quse
1545 4291 1602 4335 non
1621 4289 1740 4350 possunt
1752 4282 1826 4354 juxta

174 4374 260 4428 munt
274 4369 345 4426 mihi
355 4369 387 4425 in
396 4369 534 4442 populum
546 4366 638 4439 :quod
652 4365 758 4422 dicetur
768 4364 861 4422 deeis.
878 4364 911 4419 lli
926 4357 1010 4420 re-I)
1027 4386 1039 4417 ι
1055 4363 1250 4421 conscientiam
1271 4363 1424 4435 perfectum
1446 4362 1539 4421 lacere
1562 4367 1752 4441 servientem,
1778 4387 1825 4428 so-

175 4473 241 4515 vera
255 4464 318 4513 aunt
332 4455 449 4528 populus
464 4455 524 4510 Dei.
546 4455 610 4511 Haec
622 4470 687 4526 para
710 4453 860 4526 prophetias
874 4453 974 4524 imple·
1025 4474 1037 4505 ι
1053 4453 1193 4510 lummodo
1207 4453 1236 4508 in
1248 4453 1317 4509 cibis
1331 4461 1358 4510 et
1371 4452 1399 4508 in
1412 4453 1531 4526 potibus,
1548 4455 1614 4511 etin
1628 4457 1712 4514 variis
1723 4459 1827 4533 baptis·

174 4553 219 4602 tur
238 4545 267 4602 in
288 4546 342 4601 hoc
361 4542 482 4611 muudo;
499 4543 573 4615 quod
596 4541 719 4615 sequitur
739 4541 907 4612 implendum
928 4557 974 4598 re-
1025 4541 1182 4610 «matibus,
1205 4548 1232 4597 et
1243 4541 1354 4612 iustitiis
1369 4542 1460 4599 carnis
1473 4559 1561 4616 usque
1574 4544 1609 4601 ad
1632 4552 1744 4618 tempus
1761 4565 1825 4607 eor·

175 4642 229 4691 atat
242 4633 271 4689 in
285 4632 384 4688 futuro.
401 4631 568 4689 Eruntmibi
582 4631 610 4685 iu
624 4630 766 4702 populum,
782 4633 810 4686 et
825 4646 884 4687 nou
899 4629 977 4688 doce·
1024 4653 1037 4680 α
1054 4630 1181 4686 rectionis
1223 4630 1367 4702 impositis.
1403 4631 1529 4687 Christus
1555 4639 1663 4702 autem,
1693 4636 1828 4696 assistens

176 4722 422 4795 hunnorumque
443 4721 610 4792 proximum
630 4734 727 4776 suum.
752 4717 861 4775 Diceret
876 4718 975 4790 aliquis
1027 4741 1038 4767 a
1054 4717 1179 4791 puntiiex
1194 4717 1347 4775 futuromm
1360 4719 1512 4787 bonorum,
1528 4721 1695 4794 peramplius
1711 4731 1740 4781 et
1761 4743 1827 4799 per·

175 4810 311 4878 fortassis,
327 4808 391 4882 quia
412 4823 468 4865 nou
487 4807 593 4864 curabit
614 4806 650 4863 de
673 4821 716 4875 eo,
740 4805 803 4862 ideo
827 4806 901 4862 addit
923 4824 975 4864 nee
1027 4807 1153 4863 «lectius
1166 4807 1372 4864 tabernaculum
1386 4823 1441 4864 non
1454 4808 1648 4879 manufactum,
1664 4810 1691 4868 id
1716 4821 1759 4870 est
1773 4831 1827 4872 non

175 4899 366 4973 uuusquisque
377 4895 574 4953 docebitetiam
580 4897 702 4967 fratrem
712 4911 804 4962 suum,
816 4910 896 4968 quem
906 4895 977 4950 mul·
1027 4917 1039 4946 ι
1056 4896 1135 4966 hujus
1150 4896 1307 4964 creationis,
1322 4912 1413 4969 neque
1427 4912 1478 4968 per
1498 4898 1661 4972 sanguinem
1690 4900 1828 4960 hheomm

175 4993 233 5042 lum
247 4987 346 5060 diligit,
361 4987 459 5043 diceus
474 4983 511 5039 ita
521 5002 527 5038 :
537 4984 640 5050 Frater,
653 5000 787 5055 cognosce
797 4985 894 5041 Deum.
912 4985 977 5040 ldeo
1028 5006 1039 5033 v
1056 4983 1217 5057 [taurorum]
1232 4991 1279 5040 aut
1299 4984 1455 5053 vitulorum,
1472 4985 1521 5042 sed
1531 5002 1580 5058 per
1595 4987 1739 5060 proprium
1761 5007 1827 5048 san-

175 5075 243 5131 alter
257 5090 312 5131 non
325 5073 434 5131 docemt
449 5073 572 5141 alterum,
589 5075 722 5146 quonium
737 5074 977 5131 edecimeumi-
1028 5093 1040 5124 ι
1056 5071 1167 5145 guinem
1182 5071 1303 5128 introivit
1317 5073 1440 5129 semeliu
1466 5082 1570 5142 aenou,
1586 5082 1687 5132 eterna
1715 5080 1828 5137 redem-

176 5178 245 5219 nore
259 5177 345 5234 usque
359 5163 396 5218 ud
410 5164 548 5234 majorem
558 5178 666 5219 eorum.
682 5163 738 5220 lion
750 5169 842 5220 autem
857 5162 977 5234 comple·
1029 5181 1040 5207 a
1057 5159 1150 5231 ptione
1163 5160 1285 5216 inventa.
1305 5161 1333 5216 Si
1348 5163 1420 5217 enim
1439 5163 1551 5236 sangnis
1565 5162 1705 5221 hircorum
1720 5175 1748 5224 et
1767 5173 1827 5225 tau·

175 5251 249 5307 bitur
262 5250 291 5304 in
304 5250 349 5305 die
360 5250 466 5320 judicii,
482 5252 591 5323 quando
606 5251 687 5307 etiam
709 5251 785 5323 impii
808 5251 977 5308 confitebun-
1029 5269 1041 5300 ‹
1057 5264 1150 5303 rorum
1165 5256 1191 5307 et
1206 5248 1275 5305 cinis
1289 5249 1378 5307 vitulae
1402 5267 1531 5322 aspersus
1554 5251 1711 5325 inquinatos
1725 5258 1829 5315 sancti·

174 5347 220 5397 tur
232 5337 368 5394 Christum
391 5338 490 5394 Filium
505 5340 565 5396 Dei.
585 5340 687 5396 Notant
706 5339 802 5407 sancti,
819 5340 892 5412 quod
910 5340 979 5396 aita
1030 5335 1119 5393 «ficut
1147 5337 1181 5393 ad
1209 5338 1431 5395 emundationem
1472 5339 1574 5409 caruis,
1608 5350 1713 5413 quanto
1740 5346 1829 5421 magis

173 5428 281 5484 minore
295 5443 380 5502 usque
396 5426 431 5483 ad
445 5427 587 5498 majorem,
604 5435 631 5484 et
655 5443 710 5484 nou
737 5443 753 5484 e
774 5442 908 5485 converso
926 5443 932 5483 :
948 5435 980 5485 ut
1030 5447 1042 5474 ε
1059 5426 1172 5497 sanguia
1187 5426 1298 5494 Christi,
1314 5427 1361 5498 qui
1375 5444 1426 5499 per
1449 5427 1579 5500 Spiritum
1593 5438 1720 5488 eandum
1731 5442 1830 5492 semet·

178 5515 305 5575 ostendat
318 5532 414 5576 omnes
428 5523 492 5576 tunc
513 5516 635 5589 perfecte
657 5517 746 5574 Deum
760 5531 947 5592 cognoscere,
963 5533 979 5574 a
1030 5533 1043 5567 ι
1060 5513 1150 5586 ipsum
1164 5515 1261 5574 obtulit
1280 5515 1481 5574 immaculatum
1495 5518 1565 5589 Deo,
1583 5520 1745 5580 emundabit
1768 5539 1829 5582 con·
