3742 5986
100 237 134 292 5³
428 233 619 293 ttrtt‘OStrto
638 235 676 291 IN
693 233 883 292 nttsrotls
903 235 1014 292 eluat.
1030 268 1064 278 -
1078 237 1115 293 IN
1133 237 1243 293 EPIST.
1264 239 1311 293 ab
1331 236 1416 295 tt0tt.
1711 240 1744 295 tt

104 362 205 419 Probat
214 362 295 418 etiam
304 361 526 436 gratiamChristi
536 361 618 434 longe
629 361 745 432 amplius
762 360 938 423 abundareA
951 369 1141 432 peccatorum,
1171 363 1267 435 quibus
1295 363 1413 419 naturali
1441 363 1545 419 ratione
1570 363 1644 434 (licet
1657 362 1743 427 multa

107 460 221 522 peccato
236 451 312 507 Adae.
329 452 397 507 Cum
411 451 481 507 enim
498 451 533 506 ab
548 450 636 505 Adam
651 449 784 522 originale
799 457 904 504 tantum
953 458 1030 520 parte
1059 451 1206 522 debilitata)
1230 468 1374 523 possemus
1411 452 1551 507 resistere.
1591 451 1744 506 Videndum

108 540 309 607 contraximus,
331 540 419 613 gratia
442 539 543 595 Christi
572 554 626 593 non
649 538 736 594 solum
757 537 901 610 originale,

107 629 156 683 sed
172 644 235 684 curn
244 645 277 684 eo
287 644 455 701 uuaecunque
465 627 582 683 actualia
596 626 698 682 dimisit
714 626 741 681 in
755 626 901 698 baptismo.

107 717 210 772 Littera
226 717 265 773 sic
276 717 418 791 jungitur:
434 717 521 771 Adam
545 724 622 771 vetus
647 715 734 771 forma
758 715 806 770 luit
821 714 904 770 futuri

107 806 194 870 adae3
211 806 260 860 sed
272 805 336 862 licet
349 821 404 860 una
425 820 542 875 persona
557 804 604 859 uni
618 812 691 860 esset
712 804 845 875 opposita,
861 811 903 857 ta-

108 908 173 948 men
187 909 276 949 causae
295 900 357 948 sunt
371 892 526 948 dissimiles.
538 893 598 948 Non
609 892 680 948 eninr
696 893 770 947 sicat
786 890 835 946 suit
854 891 903 946 dc-

110 983 215 1037 liotum
225 982 302 1048 Adae,
318 983 360 1037 ιἰα
376 989 416 1037 εει
426 981 506 1036 etiam
518 981 622 1038 donum
632 980 681 1035 Dei
693 978 903 1051 quaeestgratia.

109 1071 181 1126 Vere
195 1086 250 1125 non
266 1070 306 1126 sic
320 1069 369 1125 suit
385 1070 486 1125 donum
506 1069 614 1138 Christi,
629 1076 659 1123 ut
672 1068 799 1123 delictum
814 1066 880 1122 Adae
896 1081 903 1120 τ

108 1173 174 1212 nam
191 1159 294 1213 donum
313 1158 416 1214 Christi
429 1158 514 1213 multo
528 1157 618 1228 magis
645 1155 792 1211 abundavit
823 1171 905 1225 super

108 1245 241 1303 delictum
255 1247 331 1312 Adae,
348 1247 409 1319 quia
423 1246 551 1302 delictum
566 1262 648 1300 unum
663 1244 712 1299 luit
733 1243 806 1316 quod
821 1258 904 1300 voca-

107 1351 170 1390 mus
185 1335 339 1406 originale;
356 1335 478 1390 Christus
493 1342 583 1390 autem
598 1341 624 1388 ει
639 1332 773 1406 originale
787 1340 814 1387 ει
828 1347 905 1403 quae-

110 1439 222 1495 cunque
236 1424 354 1479 actualia
363 1424 474 1478 dimisit.
487 1424 520 1478 Et
533 1423 629 1493 probat
645 1439 652 1476 ι
669 1422 739 1476 Vero
751 1418 907 1475 solusChri·

954 538 1034 592 etiam
1050 539 1131 611 quod,
1148 540 1210 596 licet
1225 541 1252 595 in
1263 547 1375 612 peccato
1389 541 1456 596 Adse
1465 541 1549 595 multa
1562 540 1743 596 consideren-

954 632 1007 697 tur,
1024 636 1052 681 ut
1066 628 1205 698 superbia,
1221 629 1295 700 gula,
1311 637 1402 684 tamen
1421 645 1503 683 unum
1527 628 1616 684 solum
1627 628 1742 683 dicitur:

954 715 1015 786 quia
1041 716 1224 771 inobedientia
1238 718 1345 788 probat,
1361 716 1433 788 quod
1448 717 1536 790 gratia
1553 715 1744 786 justificaverit

954 818 991 858 en
1004 805 1105 859 multis
1120 805 1241 872 delictis,
1258 805 1352 862 diceus
1370 820 1376 859 :
1393 806 1463 861 Vere
1478 821 1527 875 per
1537 806 1655 878 gratiam
1665 804 1745 860 Chri-

954 891 989 945 sti
999 890 1179 960 justificantur
1192 893 1316 948 homines
1332 909 1364 948 err
1379 893 1470 948 multis
1484 893 1599 949 delictis.
1615 894 1686 948 Nam
1700 907 1746 949 ac·

954 987 1031 1049 cepta
1056 980 1158 1048 justitia
1190 981 1273 1053 (quod
1311 981 1399 1051 majus
1423 984 1474 1051 est)
1505 981 1659 1054 regnabunt
1682 996 1746 1036 cum

955 1067 1061 1122 Christo
1076 1068 1104 1122 in
1116 1069 1170 1122 vita
1183 1076 1297 1136 aeterna,
1310 1070 1381 1142 quod
1405 1069 1609 1141 aequipollenter
1624 1069 1671 1124 ait.
1687 1070 1745 1125 Ho-

955 1155 1043 1210 mines
1059 1156 1224 1227 accipientes
1245 1158 1438 1213 abundantiam
1458 1158 1552 1231 gratiae
1568 1159 1635 1228 ejus,
1653 1157 1679 1212 id
1694 1166 1744 1226 cst,

955 1243 1139 1300 abundantem
1155 1246 1354 1313 remissionem,
1372 1247 1435 1319 quia
1450 1262 1504 1301 non
1519 1246 1608 1301 solum
1623 1246 1747 1318 origina-
1782 1279 1784 1282 -

955 1330 999 1398 lis,
1016 1332 1066 1388 sed
1098 1333 1179 1388 etiam
1202 1334 1321 1389 omnium
1350 1335 1552 1402 actualium3et
1575 1337 1747 1406 accipientes

956 1419 1162 1477 abundantiam
1178 1423 1348 1489 donationis,
1360 1423 1388 1478 id
1403 1431 1454 1490 est,
1470 1423 1542 1478 dona
1556 1422 1673 1493 Spiritus
1683 1439 1749 1477 san-

110 1521 170 1567 stus
185 1510 323 1568 sufficiens
337 1511 387 1567 luit
400 1513 436 1567 ad
451 1509 670 1580 justificationem
685 1509 818 1564 omnium.
836 1508 906 1562 Nam
956 1508 992 1563 cti
1008 1509 1042 1564 acl
1058 1509 1285 1566 confortationem
1295 1512 1322 1566 in
1336 1511 1407 1566 bono
1422 1511 1623 1577 abundantem3
1640 1519 1667 1567 et
1680 1510 1751 1568 acci·

110 1601 263 1665 sidelictm
279 1600 307 1655 id
322 1608 363 1655 εει
389 1616 439 1671 ρει·
457 1599 595 1665 delictum,
611 1600 699 1653 nnius
714 1596 789 1659 Adae,
816 1603 842 1651 ει
856 1611 906 1666 ρει·
955 1598 1063 1668 pientes
1077 1599 1270 1655 abundantiam
1277 1601 1413 1670 justitie,
1431 1600 1458 1654 id
1477 1607 1528 1668 est,
1550 1600 1631 1669 justae
1653 1614 1750 1672 opera·

110 1705 197 1743 unum
210 1688 296 1760 (quod
318 1689 345 1742 in
364 1687 540 1759 sequentibus
558 1686 665 1758 plenius
692 1683 903 1753 determinabit),
917 1721 943 1781 B
957 1684 1038 1740 tionis
1064 1702 1071 1741 τ
1102 1687 1166 1758 quia
1192 1695 1336 1759 postquam
1359 1687 1473 1743 dimissa
1501 1696 1564 1743 sunt
1585 1695 1697 1760 peccata
1724 1695 1751 1744 et

109 1777 139 1832 id
154 1784 197 1832 εει
211 1794 261 1847 ρει
274 1776 485 1832 inobedientiam
502 1792 508 1832 :
525 1776 548 1830 si
562 1791 612 1847 per
633 1775 694 1840 hoc,
711 1772 807 1845 inquit,
824 1787 907 1826 unum
957 1773 1071 1844 Spiritus
1087 1783 1198 1831 sanctus
1219 1776 1387 1843 corroborat,
1406 1777 1446 1832 sic
1460 1776 1569 1832 demum
1594 1776 1659 1833 licet
1680 1777 1751 1833 hene

111 1865 244 1922 delictum
281 1865 365 1937 (quod
388 1864 520 1936 originale
539 1862 680 1931 vocamus)
696 1861 772 1916 multi
796 1867 908 1931 peccato
957 1862 1067 1932 operari
1084 1878 1090 1917 :
1106 1863 1174 1929 haec,
1202 1864 1323 1936 inquam,
1345 1864 1509 1936 accipientes
1537 1866 1751 1936 conregnabant

111 1955 215 2009 mortui
241 1961 313 2020 sunt,
338 1953 531 2008 contrahentes
553 1950 619 2005 illud
641 1950 775 2023 originale
790 1965 805 2002 a
819 1948 908 2020 primo
958 1951 1016 2006 Deo
1026 1951 1107 2021 positi
1120 1952 1152 2006 in
1163 1954 1222 2007 vito
1236 1959 1347 2018 aeterna,
1365 1969 1425 2024 quae
1440 1953 1539 2022 omnia,
1552 1961 1578 2009 et
1588 1953 1713 2026 gratiam,
1726 1961 1753 2009 ει

113 2052 194 2116 patre
209 2041 298 2111 (multi
313 2057 368 2096 non
383 2041 446 2096 ideo
462 2040 535 2106 dicit,
553 2040 618 2112 quin
632 2054 727 2094 omnes
738 2039 909 2108 hocpeccato
959 2038 1144 2105 donationem,
1161 2047 1187 2095 et
1198 2055 1323 2112 regnum,
1340 2041 1473 2112 accipient
1491 2058 1543 2114 per
1556 2058 1645 2097 unum
1656 2043 1753 2098 lesum

111 2131 205 2203 pressi
218 2131 281 2197 siut,
293 2129 408 2184 sednon
423 2143 517 2184 omues
533 2128 560 2182 in
576 2142 608 2182 εο
618 2127 800 2198 perdurantes
808 2123 909 2180 detenti
960 2126 1114 2182 Christum.
1131 2128 1165 2182 Et
1180 2144 1243 2184 vere
1258 2144 1308 2199 per
1323 2129 1395 2185 bunc
1408 2144 1510 2201 unum:
1523 2130 1589 2203 quia
1605 2131 1631 2186 si
1643 2129 1755 2186 indeli-

112 2228 188 2285 snnt,
204 2218 374 2289 deponentes
384 2216 451 2271 illud
466 2215 600 2287 originale
614 2231 665 2286 per
679 2222 817 2285 acceptam
827 2211 909 2268 fidem
958 2223 1002 2270 cto
1015 2215 1096 2270 unius
1110 2215 1176 2272 Adae
1198 2216 1273 2288 quod
1289 2231 1370 2272 causa
1393 2216 1442 2272 luit
1465 2217 1636 2288 perditionis,
1652 2233 1754 2292 regna·

111 2307 225 2376 Christi)
239 2306 290 2372 zei,
307 2305 402 2378 inquit,
419 2320 564 2376 perunum
585 2304 714 2360 delictum
724 2303 813 2367 unius,
823 2302 910 2357 malti
959 2304 996 2359 vit
1010 2319 1093 2370 mors,
1110 2312 1136 2361 et
1150 2304 1308 2376 temporalis
1332 2313 1358 2361 et
1379 2314 1480 2360 retorna
1502 2323 1554 2378 per
1576 2323 1668 2362 anum
1681 2307 1756 2364 dett·

111 2398 307 2459 mortuisant,
319 2394 509 2464 multomagis
520 2392 669 2448 secundum
680 2391 910 2462 dignitatcmper-
959 2395 1046 2459 ctum,
1064 2392 1091 2447 id
1118 2401 1168 2456 εει,
1194 2409 1244 2464 ρει·
1258 2393 1481 2460 inobedientiam,
1498 2394 1686 2467 multomagis
1708 2410 1755 2450 εε-

111 2500 190 2539 sonae
206 2483 304 2538 Christi
318 2492 344 2539 ει
359 2498 465 2549 causae,
481 2481 627 2536 abundavit
645 2481 739 2553 pratia
753 2480 812 2545 Dei,
828 2478 855 2532 id
870 2484 912 2532 εει
960 2479 1077 2535 cundum
1093 2480 1252 2552 dignitatem
1281 2497 1422 2552 personae,
1445 2498 1534 2537 causae
1549 2489 1576 2537 et
1590 2480 1712 2549 affectus,
1727 2480 1756 2538 hi

112 2572 240 2628 remissio
263 2578 450 2643 peccatorum.
479 2569 634 2625 Abundavit
656 2568 736 2624 etiam
751 2567 866 2632 donum,
883 2565 932 2619 id·
961 2567 1005 2639 qui
1021 2575 1082 2622 sunt
1096 2569 1259 2640 accipientes
1284 2570 1477 2625 abundantiam
1492 2571 1601 2642 gratia,
1628 2570 1754 2626 donatio-

114 2668 158 2715 est
172 2659 359 2716 corroboratio
387 2674 435 2730 per
458 2658 588 2729 Spiritum
614 2664 747 2712 sanctum.
765 2656 910 2726 Postquam
961 2656 1004 2711 nis
1018 2657 1179 2725 etjustitiae,
1196 2658 1348 2729 regnabunt
1363 2658 1390 2712 in
1405 2659 1458 2714 vita
1478 2675 1527 2730 per
1552 2675 1635 2713 unuin
1661 2659 1755 2715 lesum

111 2749 188 2804 enim
210 2747 326 2803 remissa
348 2754 411 2802 sunt
432 2752 561 2817 peccata,
577 2744 733 2800 necessaria
757 2751 819 2798 sunt
833 2756 911 2797 arma
962 2745 1109 2801 Christum.
1134 2745 1270 2815 Quoniam
1299 2748 1410 2819 quidem
1434 2755 1460 2803 ει
1475 2748 1621 2804 similitudo
1650 2755 1692 2804 est
1707 2748 1755 2815 ibi,

112 2837 233 2907 Spiritus
271 2835 368 2900 sancti,
401 2834 500 2907 quibus
529 2832 686 2888 resistamus
701 2830 811 2886 diabolo
838 2830 911 2885 male
962 2833 1127 2906 quiaAdam
1143 2850 1223 2902 unus,
1249 2835 1373 2891 Christus
1401 2853 1472 2891 unus
1489 2851 1495 2891 :
1512 2844 1537 2892 et
1552 2836 1691 2905 majoritas
1710 2852 1758 2892 εε-

114 2924 251 2979 suadenti.
267 2922 371 2989 Gratia,
386 2922 481 2993 inquit,
498 2930 522 2976 et
533 2920 634 2976 donum
650 2919 800 2975 abundavit
813 2920 913 2990 ingre·
962 2923 1080 2979 cundum
1094 2922 1263 2994 dignitatem,
1280 2940 1340 2996 quae
1354 2924 1426 2980 dicta
1450 2933 1491 2980 est
1507 2925 1610 2996 :igitur
1628 2940 1644 2981 a
1664 2925 1756 2994 simili,

115 3016 167 3079 tia,
192 3013 219 3066 id
240 3019 281 3066 est
302 3027 350 3082 per
374 3010 488 3083 gratiam
512 3009 598 3065 unias
623 3008 754 3064 hominis.
785 3007 911 3079 Congrue
962 3019 988 3066 et
1004 3011 1129 3080 amajori
1154 3010 1252 3067 inferre
1276 3029 1398 3083 possum,
1425 3013 1498 3084 quod
1522 3015 1597 3070 sicut
1610 3029 1661 3086 ρει·
1683 3014 1757 3070 dett-

113 3102 153 3155 ait
180 3117 230 3172 per
252 3100 368 3172 gratiam
384 3115 391 3154 ι
414 3099 478 3170 quia
505 3097 733 3169 quemadmodum
762 3073 948 3151 contractioo
963 3103 1041 3155 ctum
1056 3102 1143 3156 nnius
1154 3101 1219 3155 Adue
1229 3100 1367 3172 (delictum
1382 3101 1455 3157 dicto
1469 3101 1605 3156 transiens
1619 3102 1646 3156 iu
1662 3117 1757 3158 omnes

114 3188 257 3261 originalis
271 3187 321 3242 luit
334 3203 384 3258 per
393 3186 595 3251 necessitatem,
609 3187 647 3240 sic
662 3184 774 3240 salvatio
790 3183 862 3239 lacta
872 3190 914 3238 est
963 3188 1098 3258 homines)
1111 3197 1220 3253 ventum
1236 3197 1278 3244 est
1291 3189 1320 3244 in
1334 3190 1598 3256 condemnationem,
1613 3190 1653 3247 sic
1667 3197 1694 3246 et
1707 3205 1756 3261 per

114 3293 167 3349 per
186 3276 314 3347 gratiam,
330 3275 357 3329 id
373 3282 415 3330 εει
429 3290 477 3345 per
491 3274 669 3329 voluntatem.
680 3274 767 3327 Nemo
780 3270 913 3327 enimnisi
961 3276 1092 3345 justitiam
1108 3277 1188 3332 unius
1207 3277 1305 3332 Christi
1320 3285 1503 3334 transeuntem
1513 3280 1545 3334 in
1555 3266 1652 3336 omn’es
1667 3278 1758 3335 homi·

118 3382 152 3420 er
167 3365 305 3420 voluntate
320 3362 450 3419 salvatur.
467 3362 552 3428 Sicut,
566 3361 662 3433 inquit,
690 3359 819 3415 delictum
834 3360 913 3414 unius
963 3380 1013 3420 nes
1027 3365 1177 3419 secundum
1191 3366 1339 3436 potentiam
1365 3366 1500 3437 (Christus
1523 3367 1596 3421 enirn
1618 3365 1758 3423 sufficiens

116 3453 246 3509 diffusum
260 3460 300 3507 est
314 3452 342 3506 in
366 3450 476 3516 multos,
488 3450 529 3506 sic
546 3465 624 3521 aeque
652 3457 840 3519 comparatum
854 3454 910 3516 est,
963 3451 1078 3523 pretium
1095 3468 1144 3523 pro
1155 3453 1279 3508 omnibus
1294 3454 1390 3521 dedit),
1406 3470 1456 3525 per
1469 3454 1558 3521 unius,
1574 3455 1669 3526 iuquit,
1678 3454 1758 3524 justi·

116 3542 191 3613 quod
201 3540 291 3614 gratia
305 3541 385 3595 unius
399 3538 517 3594 hominis
530 3537 684 3594 mundavit
694 3538 725 3592 in
735 3538 840 3610 plures.
851 3536 913 3590 Non
964 3540 1025 3594 tiam
1042 3548 1152 3595 ventum
1163 3549 1204 3596 est
1214 3542 1245 3597 in
1250 3543 1487 3612 justificationem
1495 3544 1570 3598 uitae.
1583 3542 1709 3597 Ostendit
1716 3558 1758 3597 sa·

115 3630 181 3686 dicit
200 3630 227 3683 in
242 3629 335 3699 plures
350 3627 467 3701 gratiam
491 3625 661 3692 abundasse,
679 3641 757 3697 quam
772 3624 911 3690 delictum,
961 3628 995 3682 tis
1011 3629 1137 3700 superius
1156 3629 1228 3702 quod
1243 3630 1367 3686 Christus
1381 3639 1478 3701 potens
1502 3638 1584 3696 esset,
1601 3639 1628 3686 et
1642 3637 1753 3685 restau-

116 3719 167 3775 sed
181 3721 213 3774 in
228 3719 335 3790 ptores,
352 3716 379 3770 id
394 3722 436 3771 est
463 3715 489 3769 itt
505 3714 613 3769 mullos·
633 3714 694 3768 Non
723 3712 913 3768 enimomnes
963 3732 1025 3772 rare
1039 3717 1175 3773 sufficeret
1198 3718 1330 3791 quidquid
1357 3718 1462 3790 lapsum
1493 3719 1578 3774 iuerat
1593 3735 1643 3791 per
1656 3719 1754 3786 Adam,

115 3806 214 3862 salvati
229 3813 301 3870 sunl,
322 3804 386 3877 quia
414 3803 569 3859 11⁰¹¹¹0fflssl·
599 3801 685 3857 Unius
706 3800 823 3856 hominis
840 3800 912 3865 dico,
963 3806 1013 3861 sed
1027 3822 1082 3861 non
1096 3805 1322 3862 determinaverat
1332 3807 1397 3878 quid
1405 3807 1432 3861 in
1447 3809 1499 3863 hac
1507 3807 1678 3878 reparatione
1692 3823 1758 3880 age·

116 3896 163 3968 qui
179 3894 246 3949 nihil
260 3893 351 3948 nimus
365 3891 452 3963 potnit
465 3906 547 3964 quam
561 3888 646 3945 voluit
662 3903 668 3943 :
683 3904 747 3943 nam
757 3890 823 3945 Ιιεειι
835 3888 913 3944 Chri·
963 3902 1012 3962 ret,
1030 3911 1078 3949 seu
1092 3910 1142 3965 per
1160 3895 1317 3965 potentiam,
1338 3910 1387 3949 seu
1401 3911 1450 3966 per
1471 3895 1608 3961 meritum,
1625 3895 1698 3967 quod
1711 3895 1756 3953 hic

114 3987 165 4049 sti,
179 3982 206 4037 id
221 3989 263 4037 est
276 3980 417 4036 salvatoris
432 3987 458 4035 ει
472 3978 556 4052 regis.
578 3978 652 4034 Sicut
663 3993 758 4034 causas
773 3976 871 4032 Christi
888 3984 915 4032 ει
964 3982 1134 4048 determinat,
1146 3983 1241 4038 dicens
1253 3998 1259 4036 :
1272 3982 1342 4052 Quia
1353 3983 1579 4054 quemadmodum
1591 3984 1675 4038 Adam
1686 3984 1757 4039 male

115 4071 184 4127 ddae
193 4068 395 4135 diversificavit,
408 4068 448 4125 sic
459 4065 572 4124 effectus
589 4082 731 4122 causarum
750 4065 914 4135 opponendo
963 4069 1092 4126 merendo
1107 4086 1156 4141 per
1173 4071 1385 4126 inobedientiam
1402 4086 1497 4126 omnes
1515 4071 1702 4143 precipitavit,
1718 4072 1757 4127 sic

115 4157 260 4230 distinguit
277 4157 391 4213 dicens:
409 4156 484 4212 Sicut
497 4155 600 4211 donum
611 4153 710 4209 Christi
721 4153 773 4209 tale
790 4152 913 4220 nonfuit,
964 4157 1088 4213 Christus
1096 4158 1306 4229 hene-merendo
1317 4175 1366 4230 per
1375 4159 1557 4215 obedientiam
1571 4175 1667 4214 omnes
1677 4160 1757 4215 rede-

117 4247 197 4320 quale
222 4245 349 4302 delictum
373 4246 456 4311 aaa,
480 4243 520 4300 sic
548 4243 630 4299 etiarn
648 4259 706 4298 non
726 4243 803 4298 sicat
823 4239 850 4295 fn
863 4257 916 4313 per
964 4246 1021 4300 mit.
1029 4246 1127 4301 Littera
1139 4247 1178 4301 sic
1184 4247 1324 4318 jungitur:
1338 4249 1406 4302 Vere
1414 4263 1464 4318 per
1473 4247 1601 4302 delictum
1611 4246 1691 4303 unius
1701 4262 1757 4304 om·

116 4352 209 4391 anum
221 4338 370 4406 peccatum
381 4333 465 4398 ade,
481 4333 524 4388 ita
539 4330 568 4385 fit
582 4346 631 4402 per
644 4331 750 4386 donam
766 4328 875 4396 Christi,
887 4329 914 4384 id
963 4351 1013 4389 nes
1027 4335 1232 4390 condemnatur.
1243 4334 1312 4389 Nam
1332 4351 1383 4407 per
1398 4336 1616 4391 inobedientiam
1631 4342 1658 4391 ει
1686 4334 1757 4392 sicut

117 4430 159 4478 cst
166 4421 281 4479 effectus
289 4421 394 4493 peccati
404 4420 470 4476 Adue
477 4419 603 4492 etgratiae
616 4418 715 4475 Christi
724 4417 824 4473 diversi
833 4424 910 4472 sunt:
923 4425 948 4485 Ι)
962 4437 1012 4493 ρει
1040 4421 1248 4477 inobedientiam
1264 4424 1350 4478 nnius
1365 4422 1488 4479 bominis
1510 4423 1660 4480 constituti
1687 4425 1756 4480 sunt

117 4512 183 4584 quia
205 4517 348 4582 peccalum
380 4508 456 4564 33
482 4507 608 4578 Simplex,
624 4507 726 4561 donum
748 4522 815 4561 vero
844 4505 914 4560 mul·
961 4511 1049 4566 malti
1074 4514 1243 4582 peccatores,
1258 4510 1391 4581 quianon
1405 4527 1500 4566 omncs
1524 4518 1716 4566 remanserunt
1727 4511 1754 4566 in

117 4598 214 4671 tiplex.
230 4599 264 4653 Et
278 4598 331 4653 hoc
345 4597 444 4667 probat
459 4595 554 4651 dicens
572 4613 578 4650 :
595 4595 663 4650 Vere
685 4593 796 4649 effectus
808 4591 915 4665 peccati
963 4605 1087 4670 peccato,
1103 4601 1145 4654 ita
1164 4603 1193 4654 et
1207 4615 1258 4671 per
1278 4599 1463 4656 obedientiam
1478 4600 1574 4654 unius,
1591 4599 1757 4656 christiam

117 4689 195 4756 Adae,
212 4694 240 4742 ει
252 4684 365 4741 effectus
380 4684 475 4758 gratiae
491 4683 542 4739 Dei
560 4698 615 4738 non
630 4690 691 4737 sunt
713 4681 826 4737 similes.
844 4683 915 4738 llum
962 4695 1176 4759 promerentem,
1187 4689 1495 4743 constituenturmulti
1504 4689 1589 4759 justi.
1599 4687 1672 4742 blulti
1682 4687 1755 4754 ideo,

115 4775 270 4849 judicium,
287 4773 314 4828 id
329 4782 370 4828 est
377 4774 448 4842 jnsts
464 4771 597 4828 sententia
620 4770 671 4826 Dei
690 4768 719 4824 lit
733 4772 765 4824 in
779 4770 915 4827 condom-
964 4775 1026 4847 quia
1041 4791 1095 4830 non
1106 4790 1202 4830 omnes
1209 4773 1585 4844 justiticarivoluerunt.Cum
1594 4774 1758 4831 mododicat

119 4866 278 4928 nationem,
307 4861 335 4916 id
364 4868 406 4916 est
431 4860 597 4916 condemnat
623 4857 693 4913 filios
708 4857 774 4914 Adae
797 4874 833 4913 ex
857 4872 914 4912 uno
964 4863 1101 4918 Christum
1121 4862 1267 4932 justificare
1289 4863 1438 4918 hominesa
1461 4862 1590 4933 peccatis,
1602 4863 1667 4919 dicit
1685 4863 1758 4936 quod

118 4951 230 5017 delicto,
251 4950 280 5005 id
302 4958 344 5004 εει
373 4948 543 5005 solummodo
572 4955 682 5018 propter
695 4945 849 5018 originale;
866 4945 916 5000 scd
965 4952 1047 5006 etiam
1055 4958 1271 5022 transgressores
1289 4949 1620 5024 legisaproevaricationc
1630 4949 1757 5023 'acceptae

117 5042 213 5112 gratia
228 5038 329 5095 Christi
344 5037 372 5092 lit
391 5038 422 5092 in
429 5037 677 5108 justificationem,
692 5033 719 5088 id
734 5041 775 5088 cst
787 5032 917 5102 justificat
965 5039 1035 5111 legis
1042 5038 1222 5109 justificatllt
1232 5039 1283 5094 hoc
1297 5039 1360 5094 ideo
1373 5038 1483 5094 adducit
1497 5045 1526 5092 ut
1540 5040 1757 5110 comprobetlu·

119 5128 192 5183 filios
208 5143 275 5183 suos
288 5143 326 5183 es
340 5127 440 5182 maltis
466 5124 582 5191 delictis,
597 5123 625 5178 id
640 5131 681 5179 εει
700 5121 740 5178 sic
752 5121 786 5177 de
804 5120 916 5178 actuali·
964 5126 1338 5198 daeosmagisobnoxiosesse
1348 5126 1758 5201 gratiaeDei,quametiamgen.

119 5217 173 5271 bus
187 5223 217 5271 ut
230 5217 265 5271 de
280 5214 415 5287 originah.
965 5215 1036 5282 tiles,
1053 5216 1150 5287 quibus
1164 5232 1194 5271 εε
1208 5216 1383 5286 praelcrebant
1400 5216 1427 5270 in
1437 5217 1487 5271 hac
1497 5231 1569 5272 nova
1578 5216 1665 5288 gratia
1677 5232 1683 5270 τ
1693 5216 1758 5287 quia

155 5305 310 5359 Notandum
325 5311 367 5358 est
391 5302 463 5373 quod
485 5300 551 5356 illud
569 5299 688 5370 primum
708 5306 851 5370 peccatum
866 5299 917 5354 de·
966 5303 1081 5377 gentiles
1096 5305 1129 5359 dc
1141 5304 1256 5359 naturali
1267 5304 1354 5359 solum
1366 5305 1406 5360 rei
1417 5312 1504 5372 crant,
1515 5304 1601 5359 Judaei
1612 5319 1677 5358 vero
1687 5311 1714 5357 ει
1724 5305 1760 5360 de

120 5391 237 5448 bilitavit
251 5391 361 5463 quidem
377 5399 497 5444 naturam
514 5398 642 5454 nostram,
659 5396 685 5443 et
700 5387 858 5458 proniorem
873 5386 916 5442 le·
967 5392 1096 5447 naturalis
1108 5400 1135 5447 ει
1153 5393 1260 5464 scripte
1281 5393 1351 5465 legis
1370 5393 1595 5463 praevaricatione
1609 5390 1649 5446 rci
1664 5400 1756 5448 erant.

119 5482 157 5542 cit
176 5481 204 5537 in
227 5495 338 5551 casnm,
356 5479 404 5536 sed
420 5488 510 5539 ιειρειι
538 5493 593 5536 non
612 5477 661 5533 luit
677 5491 760 5539 causa
774 5475 918 5532 actualium
969 5481 1066 5539 Littera
1081 5481 1121 5539 sic
1135 5481 1277 5555 juugitur:
1295 5481 1456 5542 obedientia
1484 5479 1582 5537 Christi
1605 5479 1704 5536 multos
1716 5480 1764 5553 ju-
