3750 5984
57 187 112 244 tna
383 187 575 246 EXPOSITIO
593 188 631 245 IN
648 186 840 245 aristonis
859 185 974 244 PAULI.
992 213 1027 225 -
1040 184 1078 242 IN
1096 182 1208 240 EPIST.
1232 182 1309 239 lan
1330 182 1403 239 Titi.
1659 180 1713 240 tot

58 328 115 386 quo
129 320 156 368 ιε
170 312 344 368 obedientem
359 328 420 368 esse
445 313 546 369 bonum
562 320 603 368 est
618 330 625 368 :
642 312 707 386 quia
728 312 791 368 licet
805 313 897 374 nonA
914 330 925 360 ι
943 316 993 364 stat
1008 307 1088 364 nobis
1098 306 1190 364 omnia
1204 306 1313 362 abunde
1324 306 1358 361 ad
1369 305 1524 375 fruendum,
1536 307 1606 361 bene
1618 321 1712 378 agere,

59 401 188 458 omnibus
202 408 331 472 appareat
344 403 397 458 hoc
412 410 438 457 te
453 402 522 457 bene
536 417 631 475 agere,
647 418 682 457 ne
696 401 758 457 ideo
773 400 861 457 reior-
913 419 925 448 ι
943 398 1043 454 divites
1065 396 1124 453 fieri
1152 397 1179 451 in
1209 395 1288 451 bonis
1316 394 1454 467 operibus,
1480 394 1560 451 facile
1582 394 1709 461 tribuere,

60 490 150 546 mides
166 507 173 544 :
190 490 251 561 quia
264 506 360 546 verum
376 490 486 562 quidem
502 491 632 561 estquod
648 490 774 561 quaedam
789 490 862 544 bona
916 507 928 537 ι
945 485 1156 551 communicare,
1174 484 1357 540 thesaurizare
1373 484 1424 538 sibi
1439 483 1645 539 fundamentum
1660 482 1713 538 bo·

62 577 135 635 iacta
149 577 294 634 manifesta
309 587 381 644 sunt,
398 587 423 634 et
437 579 563 650 quadem
577 577 649 635 lacta
664 595 725 651 quae
740 578 817 633 aliter
831 594 862 633 se
913 596 925 626 ι
943 591 1008 629 num
1035 575 1063 628 in
1088 574 1218 640 futurum,
1233 580 1262 629 ut
1277 573 1482 645 apprehendant
1503 588 1594 628 verant
1618 571 1713 627 vitam.

60 667 173 733 habent,
190 667 218 722 id
233 676 275 723 est
290 684 350 740 quae
365 667 511 723 manifesta
524 683 579 722 non
594 674 666 735 sunt,
678 682 733 722 uon
747 674 862 737 possunt
914 685 926 715 ι
944 663 1134 730 OTimothee,
1150 663 1303 734 depositum
1317 662 1434 726 custodi,
1446 661 1569 717 devitans
1584 660 1714 733 profanas

60 754 195 812 abscondi
209 755 236 810 in
246 756 292 811 die
303 755 398 825 judicii
410 774 417 822 ;
430 756 465 810 ita
481 756 505 810 si
518 756 599 811 modo
613 771 669 811 nou
678 754 777 811 videris
791 755 862 810 bene
914 773 925 802 ι
945 767 1043 808 vocum
1075 751 1219 817 novitates,
1243 759 1270 806 et
1293 750 1480 822 oppositiones
1507 749 1569 805 falsi
1595 748 1713 805 nominis

61 859 147 917 agere
171 844 271 900 utendo
291 844 365 911 vino,
383 844 446 917 quia
468 844 544 916 prius
559 853 692 899 noverunt
716 853 741 899 te
765 859 862 899 ornnes
914 863 925 888 ι
944 840 1064 896 scientiae
1081 855 1087 894 :
1104 855 1186 911 quam
1201 839 1311 911 quidam
1325 839 1525 911 promittentes,
1541 838 1613 896 circa
1631 835 1712 894 fidem

60 932 200 988 abstinere
224 932 327 989 abhoc
346 932 382 988 ob
405 933 556 988 custodiam
581 932 744 999 sobrietatis,
761 948 795 987 ne
811 949 861 988 cu·
914 950 926 976 ι
945 928 1114 985 exciderunt.
1132 928 1229 984 Gratia
1243 936 1342 985 tecum.
1358 930 1456 984 Amen.
1477 951 1488 976 ι

61 1037 110 1077 res
126 1039 133 1075 ι
148 1020 213 1093 qnia
226 1021 291 1077 licet
304 1036 360 1076 non
373 1021 466 1089 modo,
482 1030 574 1077 tamen
592 1022 622 1076 in
635 1022 679 1077 die
690 1021 785 1091 judicii
800 1036 862 1075 ma-

62 1109 193 1166 nifestum
208 1109 260 1165 erit
273 1118 299 1166 te
322 1110 392 1165 bene
406 1110 507 1183 egisse,
525 1109 599 1178 dum,
615 1109 682 1165 mihi
696 1109 860 1175 obediendo,

61 1216 131 1254 usus
145 1215 175 1255 cs
189 1197 263 1254 vino·
286 1198 366 1267 Quod
388 1200 513 1270 quaedam
537 1198 608 1255 b011⁸
631 1199 773 1255 manifesta
798 1199 861 1266 Sint,
951 1209 1020 1278 Quia
1033 1209 1129 1266 iterum
1144 1210 1209 1267 vidit
1225 1211 1323 1267 Paulus
1333 1212 1466 1284 quosdam
1477 1228 1570 1269 servos
1580 1214 1616 1269 ad
1630 1212 1714 1271 fidem

61 1287 189 1360 quaedam
203 1303 268 1343 vero
282 1303 348 1353 non,
364 1296 479 1359 apparet
491 1304 542 1359 pet·
556 1287 701 1354 contraria,
716 1287 781 1360 quia
794 1302 862 1359 pcc·
915 1313 1062 1355 conversos
1090 1298 1243 1373 indignari,
1273 1316 1325 1357 nec
1357 1301 1427 1358 velle
1458 1302 1561 1358 servire
1595 1302 1713 1359 dominis

62 1385 124 1435 cata
139 1377 319 1448 quorumdam
340 1376 480 1431 hominum
503 1376 649 1432 manifesta
671 1388 733 1431 sunt
756 1392 863 1447 Draece·
915 1387 972 1443 suis
988 1385 1152 1456 infidelibus,
1169 1396 1296 1459 putantes
1321 1389 1469 1446 absurdum
1484 1407 1555 1459 esse,
1571 1392 1635 1446 utsi
1650 1392 1713 1464 quis

61 1464 156 1521 deuii&
179 1465 213 1519 ad
231 1464 363 1533 judicium
378 1481 385 1520 ἕ
402 1465 583 1535 quorumdam
609 1473 699 1520 aulem
721 1472 748 1520 θῑ
769 1464 864 1520 subse·
915 1473 1004 1530 fidelis
1028 1484 1101 1532 esset
1123 1476 1238 1533 serviret
1261 1475 1365 1533 infideli
1381 1495 1388 1532 :
1404 1494 1456 1535 nec
1476 1479 1557 1534 etiarn
1587 1478 1713 1536 fidelibus

62 1561 194 1626 quuutur,
219 1552 289 1609 sicut
310 1552 462 1624 expositum
486 1560 537 1609 est.
563 1553 693 1610 Similiter
715 1553 743 1608 in
765 1552 863 1608 ordine
914 1564 1041 1632 dominis,
1068 1565 1201 1632 dieentes,
1231 1582 1294 1623 cnm
1318 1581 1413 1622 omnes
1433 1565 1528 1623 fideles
1555 1567 1583 1622 in
1606 1568 1714 1627 christo

61 1641 160 1698 litterae
174 1639 282 1712 legitur.
873 1670 901 1733 B
918 1652 1034 1709 331
1049 1651 1149 1709 iratres
1158 1654 1331 1720 siut,debere
1340 1653 1399 1710 fieri
1408 1670 1504 1711 omues
1515 1656 1639 1725 ejusdem
1648 1672 1715 1713 oon-

379 1777 491 1834 CAPUT
506 1778 541 1835 vl
915 1740 1035 1796 ditionis.
1050 1742 1084 1798 Ut
1103 1742 1205 1796 malum
1227 1743 1305 1811 hujus
1329 1743 1465 1814 opinionis
1487 1743 1633 1813 refelleret,
1649 1745 1687 1801 ait
1704 1761 1711 1801 :

545 1819 552 1832 '
915 1828 990 1883 Sicut
1004 1829 1118 1900 praedixi
1132 1830 1166 1885 de
1181 1831 1375 1887 consecrandis
1393 1832 1562 1903 presbyteris
1575 1833 1712 1901 observa3

101 1909 291 1981 «Quicunque
307 1918 368 1964 sunt
388 1909 438 1965 sub
460 1910 527 1982 jugo
552 1909 625 1966 servi
650 1910 775 1967 dominos
799 1926 864 1966 suos
914 1917 1033 1989 praecipe
1042 1918 1124 1973 efiam
1134 1920 1196 1985 hoc,
1209 1926 1237 1974 ut
1247 1921 1405 1992 paucaque
1419 1921 1492 1977 servi
1502 1925 1570 1977 sunt
1584 1923 1633 1978 aab
1642 1923 1713 1994 juno

60 2023 73 2049 ι
93 2000 167 2058 οιιιιιι
180 2001 286 2055 honore
296 1998 394 2070 dignos
409 1998 583 2066 arbitrentur,
593 2016 629 2054 ne
643 2015 744 2055 nomen
754 1999 864 2055 Domini
915 2004 1255 2074 infideliumdomiuorum,
1265 2009 1581 2066 arbitrentardomiaoa
1595 2026 1659 2068 acca
1670 2011 1714 2067 ‹ti-

63 2111 75 2140 ι
94 2098 120 2145 ει
136 2087 261 2144 doctrina
283 2087 495 2158 blasphemetur.
513 2085 565 2156 Qui
589 2096 680 2143 autem
704 2087 799 2144 fideles
814 2088 864 2144 ha·
914 2110 983 2165 paor
997 2096 1076 2152 omni
1091 2095 1214 2163 bonorc,·
1229 2095 1419 2152 fidetamenin
1429 2097 1556 2153 omnibus
1566 2099 1711 2155 custodita.

60 2201 73 2226 ι
92 2176 159 2234 beat
172 2176 307 2242 dominos,
324 2191 379 2231 non
393 2183 577 2242 contemnant,
590 2176 653 2248 quia
667 2175 766 2232 iratres
782 2184 862 2232 sunt:
916 2181 981 2238 ldeo
993 2198 1043 2254 per
1054 2184 1150 2256 jugum
1166 2182 1289 2240 infideles
1303 2185 1429 2256 signavit,
1441 2185 1488 2258 qui
1497 2185 1631 2243 difficifius
1645 2203 1713 2258 pre·

62 2290 75 2315 ι
94 2266 144 2322 sod
162 2265 252 2339 magis
276 2264 403 2330 serviant,
421 2264 485 2336 quia
508 2262 605 2320 fideles
621 2272 684 2319 sunt
707 2274 733 2321 et
747 2265 839 2322 dilecti
856 2283 864 2321 :
915 2270 1027 2326 mebant
1042 2288 1138 2329 servos
1153 2288 1234 2345 quam
1249 2271 1345 2329 fideles
1359 2273 1471 2329 domini.
1488 2275 1553 2331 ideo
1568 2275 1609 2332 sic
1622 2275 1713 2332 domi·

62 2378 75 2402 α
93 2355 160 2427 quia
173 2351 301 2409 beneficii
315 2352 463 2425 participes
478 2361 551 2408 sunt.
567 2353 626 2409 Hoc
640 2354 709 2410 doce
724 2361 751 2409 et
765 2355 865 2410 exhor·
915 2359 958 2414 nis
969 2360 1154 2429 suinciantur,
1166 2378 1213 2426 ne,
1223 2361 1246 2417 si
1256 2362 1334 2418 aliter
1343 2360 1430 2430 fieret,
1442 2364 1651 2435 blasphemetur
1659 2380 1714 2421 no-

62 2468 75 2493 ι
94 2451 163 2498 tare.
179 2442 282 2514 Siquis
304 2441 384 2497 aliter
397 2441 488 2510 docet,
505 2450 532 2497 et
547 2457 600 2497 non
626 2441 776 2514 acquiescit
790 2443 864 2498 sanis
915 2464 982 2504 men
996 2450 1120 2516 Domini,
1129 2450 1251 2506 dicentes
1265 2452 1352 2507 Deum
1365 2451 1504 2520 injustum,
1516 2453 1562 2525 qui
1577 2453 1714 2511 conditio·

63 2554 76 2584 ι
94 2530 268 2588 sermonibus
283 2529 393 2586 Domini
415 2530 502 2586 nostri
516 2531 581 2586 lesu
597 2530 707 2598 Christi,
723 2538 749 2587 et
765 2531 789 2587 ei
804 2549 865 2604 quae
916 2552 965 2592 nes
989 2538 1142 2604 mutaverit,
1159 2545 1186 2594 ει
1201 2555 1295 2595 servos
1309 2539 1355 2612 qui
1370 2556 1420 2611 pro
1442 2541 1563 2611 peccatis
1585 2542 1642 2598 suis
1664 2559 1714 2600 seu

63 2619 244 2676 «secundum
268 2619 397 2689 pietatem
422 2627 462 2674 est
486 2619 625 2686 doctrina,
652 2620 788 2691 superbus
811 2627 862 2685 est,
915 2632 1060 2696 parentum
1075 2626 1149 2682 servi
1169 2625 1232 2682 facti
1252 2636 1325 2698 sunt,
1343 2636 1371 2683 ιιι
1385 2629 1470 2684 Cham
1484 2627 1635 2699 fifiusNoe,
1651 2647 1713 2688 cum

39 2770 44 2776 ,
63 2730 77 2761 ι
94 2708 162 2764 nihil
177 2708 278 2775 sciens,
294 2707 343 2763 sed
357 2708 492 2779 languens
508 2707 580 2764 circa
595 2708 758 2779 quaestioues
773 2716 801 2765 et
814 2725 864 2780 pu·
914 2714 1091 2785 generatione
1106 2731 1156 2770 sua
1169 2715 1249 2787 (Gen.
1266 2732 1306 2782 rx,
1323 2720 1379 2789 25),
1405 2717 1469 2789 quia
1482 2717 1608 2789 pudenda
1628 2721 1714 2791 patris

63 2819 77 2850 ι
93 2813 164 2868 guas
176 2796 324 2853 verborum
341 2796 508 2868 :exquibus
524 2796 647 2851 oriuntur
659 2796 777 2864 invidiae,
795 2813 863 2853 con·
914 2801 1025 2870 deterit,
1042 2802 1147 2860 liberos
1160 2819 1214 2860 nou
1230 2803 1334 2873 lecerit,
1351 2805 1412 2862 ideo
1428 2806 1511 2862 etiam
1526 2807 1646 2866 serviant
1660 2809 1713 2865 do-

64 2885 240 2952 ‹tentiones,
256 2884 443 2956 blasphemie,
466 2884 636 2957 suspiciones
659 2885 748 2955 malae,
765 2886 864 2942 confii-
914 2891 1005 2959 minis,
1034 2908 1069 2948 ne
1097 2893 1241 2961 doctrino,
1264 2893 1355 2950 idest
1378 2895 1535 2966 pradicatio
1557 2904 1714 2954 sauctorum

63 2999 76 3024 ι
96 2974 229 3031 ctationes
256 2973 397 3029 hominum
417 2981 509 3029 mente
534 2981 745 3045 corruptorum:
762 2982 789 3030 et
816 2975 900 3089 quic
915 2979 1120 3051 blasphemetur
1134 2989 1161 3037 et
1184 2982 1396 3054 contemptibilis
1420 2983 1476 3053 fiat,
1493 2985 1559 3040 dum
1582 3002 1643 3058 quae
1665 3003 1713 3042 sua

63 3087 75 3113 ι
94 3062 206 3120 veritate
219 3061 317 3134 privati
332 3069 405 3131 sunt,
421 3061 632 3116 existimantium
655 3071 788 3134 quaestum
803 3079 865 3120 esse
914 3077 987 3137 suut,
1003 3069 1120 3124 dominis
1143 3069 1258 3127 auferat.
1275 3070 1316 3126 llli
1328 3076 1426 3128 autem
1442 3073 1515 3128 servi
1538 3075 1587 3148 qai
1609 3074 1713 3132 babent

1251 1094 1409 1136 Exeost'rm.

64 3173 76 3206 ι
94 3152 233 3224 pietatem.
248 3151 298 3205 Est
312 3158 404 3206 autem
418 3158 539 3223 quaestus
559 3167 686 3224 magnus,
702 3151 788 3223 pietas
803 3169 866 3209 cum
914 3158 1010 3227 fideles
1025 3158 1162 3225 dominos,
1179 3176 1238 3216 noa
1252 3163 1439 3219 contemnant
1456 3165 1585 3236 cospetto
1606 3167 1714 3235 fratrea

64 3261 77 3292 ι
96 3239 264 3297 sufficientia.
287 3239 362 3295 Nihil
384 3239 457 3295 enim
479 3239 616 3294 intulimus
639 3240 668 3294 in
687 3241 759 3297 hunc
782 3258 865 3297 mun·
914 3245 1714 3322 suntiquristo;sedmupis,nonquodpluradebitasol-

64 3353 76 3379 ι
94 3328 170 3397 dum,
186 3329 259 3384 haud
272 3327 386 3383 dubium
410 3327 472 3399 quia
488 3343 540 3384 uec
562 3327 672 3384 auferre
687 3329 753 3401 quid
767 3345 866 3401 possu·
915 3340 988 3402 vant,
1005 3335 1054 3389 sed
1068 3334 1164 3403 maiori
1186 3335 1331 3392 dilectione
1352 3338 1480 3394 serviant
1498 3339 1548 3407 eis,
1565 3340 1627 3398 ideo
1648 3343 1715 3415 quia

65 3433 167 3473 «mus.
190 3416 328 3472 Habentes
352 3424 442 3473 autem
465 3416 593 3472 alimenta
614 3425 641 3473 et
665 3417 763 3489 quibus
786 3426 865 3492 tega—
914 3423 1011 3492 fideles
1026 3426 1104 3488 sant,
1118 3427 1146 3479 et
1155 3423 1357 3487 dileetiaDeo.
1369 3432 1397 3480 ει
1406 3425 1469 3496 quia
1477 3429 1632 3501 participer
1645 3434 1715 3487 tuat

64 3523 165 3576 «mur,
182 3505 224 3561 his
248 3504 368 3562 contenti
392 3504 486 3561 simus.
501 3504 633 3576 Numqui
656 3505 750 3561 volunt
768 3506 866 3563 divites
915 3511 1043 3580 beneficii
1057 3511 1156 3577 Dei,id
1166 3519 1207 3567 est
1213 3513 1380 3581 iustitiarum
1390 3531 1451 3585 quae
1461 3514 1595 3571 habentur
1604 3517 1633 3571 in
1642 3533 1714 3588 prae·

66 3602 166 3670 «fieri,
182 3602 305 3658 incidunt
320 3602 349 3656 in
372 3603 548 3658 tentationem
572 3602 642 3658 etin
665 3602 792 3675 laqueum
807 3604 866 3661 dia·
915 3600 994 3666 senti,
1020 3608 1046 3655 et
1073 3600 1171 3656 luturae
1198 3600 1383 3658 beatitudinis.
1412 3602 1469 3659 Hos
1492 3603 1597 3660 scilicet
1618 3621 1714 3663 servos

65 3715 78 3746 ι
95 3692 161 3758 boll,
178 3699 205 3748 et
219 3691 359 3748 desideria
380 3691 467 3747 multa
482 3699 509 3747 et
522 3691 627 3747 inutilia
641 3697 667 3747 et
682 3692 789 3758 nociva,
805 3710 866 3765 quae
916 3687 1053 3756 subjectos
1078 3704 1140 3744 esse
1164 3688 1281 3745 dominis
1303 3690 1369 3746 doce
1392 3705 1450 3758 eos,
1466 3691 1513 3764 qui
1534 3692 1668 3764 nesciunt,
1684 3700 1713 3751 ει

66 3789 225 3855 «mergunt
248 3780 374 3836 homines
399 3780 426 3835 in
450 3779 588 3836 interitum
611 3788 638 3835 et
672 3780 865 3852 perditionem.
916 3776 1070 3833 exhortare
1086 3777 1230 3849 superbos,
1243 3778 1290 3850 qui
1303 3779 1392 3836 sciunt
1406 3787 1433 3835 ει
1447 3779 1552 3837 servire
1561 3779 1713 3855 dedignan-

66 3890 79 3922 ι
96 3870 184 3926 Radix
200 3869 272 3925 enim
286 3869 408 3926 omnium
415 3868 552 3924 malorum
566 3876 607 3924 est
619 3869 753 3940 cupiditas
768 3886 867 3942 :qnam
916 3871 968 3919 tur.
985 3865 1089 3937 Siquis
1101 3881 1168 3922 vero
1182 3867 1287 3938 pseudo
1300 3868 1388 3924 aliter
1401 3868 1491 3936 docet,
1504 3884 1600 3927 servos
1608 3871 1714 3928 scilicet

66 3980 77 4011 ι
96 3958 207 4031 quidam
230 3965 399 4030 appetentes,
417 3964 606 4013 erraveruuta
622 3956 685 4025 fide,
703 3965 729 4014 et
743 3958 868 4016 inserue-
915 3967 970 4007 non
989 3952 1091 4009 debere
1113 3954 1216 4011 servire
1239 3954 1366 4023 dominis,
1383 3960 1413 4012 ct
1425 3973 1441 4010 a
1455 3964 1481 4013 te
1502 3958 1656 4029 prohibitus
1678 3975 1714 4017 ιιε

65 4071 77 4096 ι
95 4055 161 4103 runt
174 4062 205 4102 se
217 4046 359 4102 doloribus
380 4045 482 4101 multis.
498 4046 538 4101 'lu
557 4053 658 4112 autem,
675 4046 788 4102 ohonro
804 4047 864 4114 Dei,
915 4041 1079 4112 bocdoceat,
1091 4059 1149 4099 non
1158 4045 1313 4117 acquiescit
1326 4047 1405 4102 sanis
1412 4047 1589 4103 sermonibus
1599 4048 1714 4106 Domini

65 4160 77 4186 ι
95 4137 155 4193 haee
169 4134 243 4208 iuge.
261 4134 372 4192 Sectare
387 4150 451 4190 vero
463 4134 605 4203 justitiam,
617 4134 755 4205 pietatem,
772 4134 864 4204 fidem,
915 4131 1082 4188 activalem
1094 4130 1245 4199 christia
1255 4133 1640 4206 nonaequiescitet'doctriaoe
1650 4153 1712 4210 qula

66 4245 77 4276 ι
95 4224 266 4291 charitatem,
276 4222 445 4294 patientiam,
459 4222 707 4278 mansuetudinem.
722 4223 803 4279 Certa
816 4224 866 4280 bo·
916 4222 958 4274 cat
972 4219 1128 4276 secandam
1140 4222 1289 4293 pietatem.
1305 4222 1434 4278 Doctrina
1446 4222 1518 4277 enim
1533 4223 1584 4279 Dei
1598 4224 1644 4295 pia
1658 4234 1710 4297 est,

65 4333 76 4367 ι
94 4329 161 4369 num
174 4320 315 4370 certamen
329 4312 394 4367 fidei
411 4329 418 4366 :
434 4312 612 4383 apprehende
635 4310 718 4366 vitam
735 4319 865 4368 aeternam
916 4321 971 4361 non
980 4316 1088 4362 mutans
1102 4308 1283 4377 conditiones,
1295 4309 1361 4365 nulli
1375 4310 1473 4366 tollens
1481 4311 1554 4383 quod
1569 4328 1649 4369 suum
1658 4323 1710 4372 εει.

64 4422 77 4454 ι
94 4402 122 4457 iu
135 4417 189 4473 qua
202 4409 315 4458 vocatus
331 4415 370 4467 es,
388 4407 413 4455 et
428 4398 570 4456 consessus
594 4399 692 4455 bonam
714 4399 865 4457 consessio
878 4387 1000 4450 DEtiam
1014 4395 1076 4451 ideo
1090 4395 1136 4467 pia
1149 4396 1214 4468 quia
1235 4412 1285 4468 per
1297 4398 1350 4454 hoc
1365 4398 1491 4455 dominos
1508 4400 1623 4457 multum
1637 4401 1711 4459 invi-

66 4506 159 4547 ιιιειιι
173 4488 276 4563 [fidem]
290 4504 384 4545 coram
408 4487 499 4543 multis
522 4488 646 4544 testibus.
670 4488 802 4560 Praecipio
816 4489 865 4545 tibi
914 4490 952 4539 tat
972 4485 1007 4539 ad
1031 4482 1112 4540 fidem
1127 4492 1154 4541 et
1168 4484 1261 4553 allicit,
1284 4503 1364 4558 quam
1390 4487 1484 4561 utique
1508 4488 1671 4560 doctrinam,
1687 4490 1712 4549 ai

68 4601 79 4631 ι
94 4595 187 4638 coram
199 4580 257 4634 Deo
272 4577 319 4650 qui
333 4575 435 4634 vivifiat
458 4577 559 4644 omnia,
575 4585 601 4632 et
616 4577 723 4633 Christo
736 4578 803 4633 lesu
817 4577 865 4651 qui
915 4588 1010 4629 servos
1024 4572 1065 4630 eis
1079 4572 1210 4642 auferret,
1231 4574 1433 4634 intolerabilem
1452 4578 1604 4648 judicarent
1617 4588 1645 4638 ει
1658 4578 1711 4637 ab·

65 4689 77 4722 ι
95 4667 279 4725 ιεειιιιιοιιιιιιιι
307 4665 426 4722 reddidit
448 4665 499 4721 snb
521 4665 618 4723 Pontio
641 4665 736 4735 Pilato,
763 4666 864 4723 bonam
911 4661 1037 4731 jicereut.
1064 4662 1156 4718 Servis
1180 4663 1260 4719 etiam
1275 4679 1324 4735 per
1342 4667 1401 4723 haec
1421 4666 1465 4737 pia
1480 4674 1521 4723 est
1536 4685 1544 4722 :
1561 4668 1626 4739 quia
1648 4683 1711 4726 cum

66 4756 305 4822 «confessionem,
328 4762 357 4810 ut
381 4771 473 4811 serves
495 4755 654 4810 mandatum
675 4755 734 4810 sine
755 4756 865 4812 macula
913 4754 962 4821 pro
984 4750 1103 4822 peccatis
1127 4751 1194 4820 suis,
1210 4769 1259 4809 seu
1272 4762 1414 4824 pareutum
1430 4754 1501 4815 servi
1521 4755 1584 4814 lacti
1598 4764 1671 4825 sunt,
1688 4757 1712 4815 si

66 4870 77 4895 ι
94 4843 336 4918 irreprehensibile
352 4860 439 4915 usque
452 4843 480 4898 in
494 4843 642 4900 adventum
655 4843 764 4898 Domini
777 4844 864 4900 nostri
913 4855 1022 4910 poenam
1042 4842 1114 4896 hanc
1134 4841 1238 4912 peccati
1260 4841 1395 4913 patienter
1416 4844 1559 4913 sustinent,
1574 4853 1712 4903 merentur

65 4936 160 4991 «lesu
175 4933 275 4990 Christi
292 4948 390 5006 :quem
404 4932 460 4987 suis
476 4931 645 5003 temporibus
660 4932 784 4989 ostendet
798 4933 864 4989 bea·
910 4926 1052 4996 iustificari
1072 4945 1124 5000 per
1144 4928 1338 4999 humilitatem
1360 4930 1384 4987 si
1405 4947 1471 4990 vero
1489 4942 1615 5002 renuunt,
1631 4934 1710 4991 dam·

65 5044 77 5076 ι
93 5031 138 5081 tus
152 5030 180 5079 et
193 5022 268 5079 solus
281 5029 380 5093 potens
394 5022 450 5078 ller
463 5036 562 5095 rogum
576 5029 603 5077 ει
622 5021 756 5077 Dominus
776 5021 864 5078 domi·
913 5024 1015 5072 uantur
1027 5033 1077 5088 per
1100 5018 1265 5089 superbiam.
1282 5017 1311 5075 Si
1334 5019 1405 5092 quis,
1420 5020 1543 5093 inquam,
1559 5021 1637 5078 ah'ter
1656 5022 1709 5082 do-

64 5135 77 5161 ·
94 5111 226 5178 nantium,
243 5110 290 5183 qui
314 5110 389 5167 solus
412 5111 494 5166 habet
513 5109 753 5177 immortalitatem,
769 5119 797 5166 et
818 5110 862 5166 lu·
914 5112 967 5173 cet,
980 5121 1031 5163 uec
1044 5106 1196 5178 prohibitus
1210 5107 1336 5176 desistit;
1353 5107 1397 5165 hic
1410 5109 1553 5180 abjiciatur
1565 5120 1594 5169 ut
1608 5128 1709 5186 tuper-

63 5224 76 5249 ·
93 5216 156 5258 cem
174 5199 274 5255 habitat
297 5198 537 5256 inaccessibilem:
554 5215 635 5271 quern
658 5198 748 5255 nullus
770 5199 863 5256 homi·
913 5195 963 5250 but
986 5201 1013 5250 et
1027 5196 1102 5252 nteit
1125 5197 1226 5263 scens,
1241 5213 1304 5253 curn
1318 5214 1349 5253 se
1363 5205 1439 5269 putet
1461 5199 1562 5273 aliquid
1585 5201 1666 5271 scire,
1683 5209 1711 5259 ει

64 5313 76 5339 ι
94 5306 161 5345 ιιιιιιι
183 5288 261 5356 vidit,
277 5289 327 5344 sed
348 5304 399 5345 nec
420 5287 515 5345 videre
535 5295 627 5359 potest
643 5303 649 5342 :
665 5287 709 5345 cui
733 5289 863 5345 honoret
913 5298 1009 5340 ornnes
1023 5283 1148 5340 homines
1162 5284 1243 5340 unius
1266 5285 1430 5344 conditionis
1444 5304 1506 5344 esse
1526 5298 1643 5346 asserat.
1658 5291 1710 5346 Ni-

62 5399 76 5431 «
92 5377 240 5452 imperium
270 5377 464 5448 sempiternum
480 5394 487 5433 :
503 5378 600 5433 nmen.
626 5376 760 5432 Divitibus
782 5377 862 5447 huius
912 5372 961 5440 hil,
976 5371 1096 5446 inquam,
1113 5373 1214 5441 sciens,
1230 5374 1277 5430 ted
1302 5375 1450 5448 lunonem,
1466 5376 1495 5432 id
1509 5385 1551 5432 est
1561 5378 1710 5435 dissolutus

63 5490 77 5518 ι
92 5467 187 5525 saculi
201 5467 320 5539 praecipe
330 5481 385 5524 non
399 5465 514 5522 sublime
530 5480 637 5537 sapere,
648 5481 739 5537 neque
750 5481 863 5538 sperare
913 5468 940 5518 ει
954 5460 1099 5535 hugndus
1113 5463 1191 5520 circa
1205 5465 1374 5536 questiones
1388 5480 1458 5537 quas
1471 5464 1565 5536 objicit
1573 5473 1601 5522 et
1614 5465 1707 5524 absol·

63 5580 76 5609 ι
94 5556 124 5614 in
137 5556 243 5615 incerto
263 5555 428 5625 divitiarum,
445 5553 495 5614 sed
508 5553 537 5610 in
561 5554 620 5612 Deo
634 5552 707 5624 vivo,
723 5553 769 5627 qui
792 5570 862 5629 prae-
912 5565 978 5607 vere
991 5550 1097 5620 nescit;
1113 5554 1142 5608 et
1156 5550 1232 5608 circa
1242 5567 1355 5625 papam
1368 5552 1526 5623 amborum,
1537 5553 1566 5612 id
1578 5562 1621 5613 est
1634 5554 1710 5614 circa
