<?xml version="1.0" encoding="UTF-8"?>
<!DOCTYPE html PUBLIC "-//W3C//DTD XHTML 1.0 Transitional//EN"
    "http://www.w3.org/TR/xhtml1/DTD/xhtml1-transitional.dtd">
<html xmlns="http://www.w3.org/1999/xhtml" xml:lang="en" lang="en">
 <head>
  <title>
</title>
<meta http-equiv="Content-Type" content="text/html;charset=utf-8" />
  <meta name='ocr-system' content='tesseract 3.04.00' />
  <meta name='ocr-capabilities' content='ocr_page ocr_carea ocr_par ocr_line ocrx_word'/>
</head>
<body>
  <div class='ocr_page' id='page_1' title='image "./patrologiaecurs20unkngoog/patrologiaecurs20unkngoog_0329.png"; bbox 0 0 3742 5986; ppageno 0'>
   <div class='ocr_carea' id='block_1_1' title="bbox 165 170 1830 238">
    <p class='ocr_par' dir='ltr' id='par_1_1' title="bbox 165 170 1830 238">
     <span class='ocr_line' id='line_1_1' title="bbox 165 170 1830 238; baseline 0.007 -12"><span class='ocrx_word' id='word_1_1' title='bbox 165 171 218 227; x_wconf 80' lang='lat' dir='ltr'><strong>ott</strong></span> <span class='ocrx_word' id='word_1_2' title='bbox 575 172 747 232; x_wconf 89' lang='lat' dir='ltr'>GUIGONIS</span> <span class='ocrx_word' id='word_1_3' title='bbox 771 174 782 228; x_wconf 87' lang='grc' dir='ltr'>Ι</span> <span class='ocrx_word' id='word_1_4' title='bbox 804 171 1009 229; x_wconf 77' lang='lat' dir='ltr'><strong>canattustAE</strong></span> <span class='ocrx_word' id='word_1_5' title='bbox 1032 170 1181 231; x_wconf 78' lang='lat' dir='ltr'><strong>tretottts</strong></span> <span class='ocrx_word' id='word_1_6' title='bbox 1202 173 1343 232; x_wconf 87' lang='lat' dir='ltr'><strong>Ptttottts</strong></span> <span class='ocrx_word' id='word_1_7' title='bbox 1368 177 1401 232; x_wconf 84' lang='lat' dir='ltr'><strong>V.</strong></span> <span class='ocrx_word' id='word_1_8' title='bbox 1778 183 1830 238; x_wconf 81' lang='grc'><strong>618</strong></span> 
     </span>
    </p>
   </div>
   <div class='ocr_carea' id='block_1_2' title="bbox 162 289 1831 653">
    <p class='ocr_par' dir='ltr' id='par_1_2' title="bbox 200 289 1774 366">
     <span class='ocr_line' id='line_1_2' title="bbox 200 289 1774 366; baseline 0.009 -20"><span class='ocrx_word' id='word_1_9' title='bbox 200 293 244 346; x_wconf 84' lang='grc'><strong>31.</strong></span> <span class='ocrx_word' id='word_1_10' title='bbox 256 293 287 347; x_wconf 95' lang='lat' dir='ltr'><strong>ln</strong></span> <span class='ocrx_word' id='word_1_11' title='bbox 300 289 393 363; x_wconf 77' lang='lat' dir='ltr'><strong>vigilia</strong></span> <span class='ocrx_word' id='word_1_12' title='bbox 407 291 583 347; x_wconf 74' lang='lat' dir='ltr'><strong>ascensionis</strong></span> <span class='ocrx_word' id='word_1_13' title='bbox 599 300 701 347; x_wconf 81' lang='lat' dir='ltr'><strong>sextam</strong></span> <span class='ocrx_word' id='word_1_14' title='bbox 716 299 743 348; x_wconf 91' lang='lat' dir='ltr'><strong>et</strong></span> <span class='ocrx_word' id='word_1_15' title='bbox 758 292 868 347; x_wconf 90' lang='lat' dir='ltr'><strong>missam</strong></span> <span class='ocrx_word' id='word_1_16' title='bbox 884 293 911 347; x_wconf 93' lang='lat' dir='ltr'><strong>in</strong></span> <span class='ocrx_word' id='word_1_17' title='bbox 920 292 1039 351; x_wconf 87' lang='lat' dir='ltr'><strong>ecclesia</strong></span> <span class='ocrx_word' id='word_1_18' title='bbox 1053 305 1213 366; x_wconf 89' lang='lat' dir='ltr'><strong>cantamus;</strong></span> <span class='ocrx_word' id='word_1_19' title='bbox 1229 299 1426 356; x_wconf 73' lang='lat' dir='ltr'><strong>ascensionem</strong></span> <span class='ocrx_word' id='word_1_20' title='bbox 1441 298 1619 355; x_wconf 88' lang='lat' dir='ltr'><strong>celeberrime</strong></span> <span class='ocrx_word' id='word_1_21' title='bbox 1635 300 1774 361; x_wconf 84' lang='lat' dir='ltr'><strong>colimus.</strong></span> 
     </span>
    </p>

    <p class='ocr_par' dir='ltr' id='par_1_3' title="bbox 162 387 1831 653">
     <span class='ocr_line' id='line_1_3' title="bbox 198 387 1829 467; baseline 0.009 -24"><span class='ocrx_word' id='word_1_22' title='bbox 198 392 241 443; x_wconf 83' lang='grc'><strong>35.</strong></span> <span class='ocrx_word' id='word_1_23' title='bbox 258 389 288 443; x_wconf 94' lang='lat' dir='ltr'><strong>ln</strong></span> <span class='ocrx_word' id='word_1_24' title='bbox 303 388 397 459; x_wconf 81' lang='lat' dir='ltr'><strong>vigilia</strong></span> <span class='ocrx_word' id='word_1_25' title='bbox 414 390 588 444; x_wconf 89' lang='lat' dir='ltr'><strong>Pentecostes</strong></span> <span class='ocrx_word' id='word_1_26' title='bbox 602 403 702 442; x_wconf 90' lang='lat' dir='ltr'><strong>nonam</strong></span> <span class='ocrx_word' id='word_1_27' title='bbox 716 395 743 442; x_wconf 91' lang='lat' dir='ltr'><strong>et</strong></span> <span class='ocrx_word' id='word_1_28' title='bbox 756 387 866 442; x_wconf 89' lang='lat' dir='ltr'><strong>missam</strong></span> <span class='ocrx_word' id='word_1_29' title='bbox 889 387 917 443; x_wconf 89' lang='lat' dir='ltr'><strong>in</strong></span> <span class='ocrx_word' id='word_1_30' title='bbox 932 389 1049 446; x_wconf 88' lang='lat' dir='ltr'><strong>ccclesia</strong></span> <span class='ocrx_word' id='word_1_31' title='bbox 1069 392 1195 462; x_wconf 84' lang='lat' dir='ltr'><strong>dicimus,</strong></span> <span class='ocrx_word' id='word_1_32' title='bbox 1219 402 1358 467; x_wconf 91' lang='lat' dir='ltr'><strong>totamque</strong></span> <span class='ocrx_word' id='word_1_33' title='bbox 1380 394 1582 451; x_wconf 89' lang='lat' dir='ltr'><strong>hebdomadam</strong></span> <span class='ocrx_word' id='word_1_34' title='bbox 1603 395 1679 453; x_wconf 90' lang='lat' dir='ltr'><strong>sicut</strong></span> <span class='ocrx_word' id='word_1_35' title='bbox 1700 399 1829 456; x_wconf 87' lang='lat' dir='ltr'><strong>Pascha·</strong></span> 
     </span>
     <span class='ocr_line' id='line_1_4' title="bbox 162 482 1831 561; baseline 0.008 -21"><span class='ocrx_word' id='word_1_36' title='bbox 162 484 218 540; x_wconf 91' lang='lat' dir='ltr'><strong>lem</strong></span> <span class='ocrx_word' id='word_1_37' title='bbox 232 484 413 553; x_wconf 88' lang='lat' dir='ltr'><strong>ducurrimus,</strong></span> <span class='ocrx_word' id='word_1_38' title='bbox 428 484 481 540; x_wconf 92' lang='lat' dir='ltr'><strong>nisi</strong></span> <span class='ocrx_word' id='word_1_39' title='bbox 496 484 567 556; x_wconf 92' lang='lat' dir='ltr'><strong>quod</strong></span> <span class='ocrx_word' id='word_1_40' title='bbox 583 484 652 539; x_wconf 90' lang='lat' dir='ltr'><strong>leria</strong></span> <span class='ocrx_word' id='word_1_41' title='bbox 673 490 770 555; x_wconf 89' lang='lat' dir='ltr'><strong>quarta</strong></span> <span class='ocrx_word' id='word_1_42' title='bbox 797 490 824 538; x_wconf 91' lang='lat' dir='ltr'><strong>et</strong></span> <span class='ocrx_word' id='word_1_43' title='bbox 848 482 975 551; x_wconf 88' lang='lat' dir='ltr'><strong>Sabbato,</strong></span> <span class='ocrx_word' id='word_1_44' title='bbox 1000 493 1106 543; x_wconf 81' lang='lat' dir='ltr'><strong>sextam</strong></span> <span class='ocrx_word' id='word_1_45' title='bbox 1125 497 1188 561; x_wconf 91' lang='lat' dir='ltr'><strong>post</strong></span> <span class='ocrx_word' id='word_1_46' title='bbox 1213 490 1326 546; x_wconf 90' lang='lat' dir='ltr'><strong>missam</strong></span> <span class='ocrx_word' id='word_1_47' title='bbox 1347 490 1406 547; x_wconf 92' lang='lat' dir='ltr'><strong>sine</strong></span> <span class='ocrx_word' id='word_1_48' title='bbox 1421 490 1567 549; x_wconf 81' lang='lat' dir='ltr'><strong>intervallo</strong></span> <span class='ocrx_word' id='word_1_49' title='bbox 1585 500 1749 550; x_wconf 81' lang='lat' dir='ltr'><strong>cantamus.</strong></span> <span class='ocrx_word' id='word_1_50' title='bbox 1771 495 1831 554; x_wconf 76' lang='lat' dir='ltr'><strong>liae</strong></span> 
     </span>
     <span class='ocr_line' id='line_1_5' title="bbox 163 578 1019 653; baseline 0.002 -17"><span class='ocrx_word' id='word_1_51' title='bbox 163 581 265 653; x_wconf 83' lang='lat' dir='ltr'>quippe</span> <span class='ocrx_word' id='word_1_52' title='bbox 278 580 562 650; x_wconf 88' lang='lat' dir='ltr'><strong>hebdomadajejunia</strong></span> <span class='ocrx_word' id='word_1_53' title='bbox 576 580 699 650; x_wconf 87' lang='lat' dir='ltr'><strong>Quatnor</strong></span> <span class='ocrx_word' id='word_1_54' title='bbox 713 578 878 651; x_wconf 86' lang='lat' dir='ltr'><strong>Tempornm</strong></span> <span class='ocrx_word' id='word_1_55' title='bbox 892 580 1019 638; x_wconf 87' lang='lat' dir='ltr'><strong>iacimus.</strong></span> 
     </span>
    </p>
   </div>
   <div class='ocr_carea' id='block_1_3' title="bbox 162 704 1826 2419">
    <p class='ocr_par' dir='ltr' id='par_1_4' title="bbox 837 704 1140 875">
     <span class='ocr_line' id='line_1_6' title="bbox 863 704 1112 763; baseline 0 -3"><span class='ocrx_word' id='word_1_56' title='bbox 863 704 1061 763; x_wconf 77' lang='lat' dir='ltr'><strong>CAPITULUll</strong></span> <span class='ocrx_word' id='word_1_57' title='bbox 1080 708 1112 763; x_wconf 84' lang='lat' dir='ltr'><strong>V.</strong></span> 
     </span>
     <span class='ocr_line' id='line_1_7' title="bbox 837 802 1140 875; baseline 0.007 -19"><span class='ocrx_word' id='word_1_58' title='bbox 837 802 907 859; x_wconf 85' lang='lat' dir='ltr'><strong>liam</strong></span> <span class='ocrx_word' id='word_1_59' title='bbox 935 804 1010 860; x_wconf 57' lang='lat' dir='ltr'><strong>aa&amp;</strong></span> <span class='ocrx_word' id='word_1_60' title='bbox 1044 819 1140 875; x_wconf 83' lang='lat' dir='ltr'><strong>supra.</strong></span> 
     </span>
    </p>

    <p class='ocr_par' dir='ltr' id='par_1_5' title="bbox 164 895 1825 1066">
     <span class='ocr_line' id='line_1_8' title="bbox 202 895 1825 975; baseline 0.007 -24"><span class='ocrx_word' id='word_1_61' title='bbox 202 900 227 951; x_wconf 94' lang='grc'><strong>1.</strong></span> <span class='ocrx_word' id='word_1_62' title='bbox 245 898 307 952; x_wconf 88' lang='lat' dir='ltr'><strong>Post</strong></span> <span class='ocrx_word' id='word_1_63' title='bbox 322 895 522 953; x_wconf 83' lang='lat' dir='ltr'><strong>hebdomadam</strong></span> <span class='ocrx_word' id='word_1_64' title='bbox 535 897 617 963; x_wconf 88' lang='lat' dir='ltr'><strong>hanc,</strong></span> <span class='ocrx_word' id='word_1_65' title='bbox 632 896 676 952; x_wconf 92' lang='lat' dir='ltr'><strong>die</strong></span> <span class='ocrx_word' id='word_1_66' title='bbox 692 912 854 969; x_wconf 90' lang='lat' dir='ltr'><strong>quacunque</strong></span> <span class='ocrx_word' id='word_1_67' title='bbox 869 896 967 952; x_wconf 90' lang='lat' dir='ltr'><strong>iestum</strong></span> <span class='ocrx_word' id='word_1_68' title='bbox 982 899 1141 966; x_wconf 81' lang='lat' dir='ltr'><strong>occurrerit,</strong></span> <span class='ocrx_word' id='word_1_69' title='bbox 1159 898 1242 955; x_wconf 91' lang='lat' dir='ltr'><strong>libros</strong></span> <span class='ocrx_word' id='word_1_70' title='bbox 1257 900 1363 973; x_wconf 76' lang='lat' dir='ltr'><strong>Regum</strong></span> <span class='ocrx_word' id='word_1_71' title='bbox 1376 900 1532 974; x_wconf 84' lang='lat' dir='ltr'><strong>incipimus,</strong></span> <span class='ocrx_word' id='word_1_72' title='bbox 1547 905 1734 975; x_wconf 87' lang='lat' dir='ltr'><strong>responsoria</strong></span> <span class='ocrx_word' id='word_1_73' title='bbox 1757 921 1825 963; x_wconf 83' lang='lat' dir='ltr'><strong>vero</strong></span> 
     </span>
     <span class='ocr_line' id='line_1_9' title="bbox 164 993 732 1066; baseline -0.004 -16"><span class='ocrx_word' id='word_1_74' title='bbox 164 995 289 1063; x_wconf 76' lang='lat' dir='ltr'><strong>eiusdem</strong></span> <span class='ocrx_word' id='word_1_75' title='bbox 302 994 423 1050; x_wconf 76' lang='lat' dir='ltr'><strong>historiae</strong></span> <span class='ocrx_word' id='word_1_76' title='bbox 438 995 563 1066; x_wconf 85' lang='lat' dir='ltr'><strong>sequenti</strong></span> <span class='ocrx_word' id='word_1_77' title='bbox 577 993 732 1051; x_wconf 87' lang='lat' dir='ltr'><strong>Dominica.</strong></span> 
     </span>
    </p>

    <p class='ocr_par' dir='ltr' id='par_1_6' title="bbox 164 1078 1826 1261">
     <span class='ocr_line' id='line_1_10' title="bbox 198 1078 1826 1165; baseline 0.002 -17"><span class='ocrx_word' id='word_1_78' title='bbox 198 1095 226 1148; x_wconf 80' lang='lat' dir='ltr'><strong>a.</strong></span> <span class='ocrx_word' id='word_1_79' title='bbox 242 1094 265 1146; x_wconf 81' lang='grc' dir='ltr'>Α</span> <span class='ocrx_word' id='word_1_80' title='bbox 280 1090 410 1146; x_wconf 81' lang='lat' dir='ltr'><strong>Kalendis</strong></span> <span class='ocrx_word' id='word_1_81' title='bbox 425 1090 541 1163; x_wconf 77' lang='lat' dir='ltr'><strong>Augusti</strong></span> <span class='ocrx_word' id='word_1_82' title='bbox 555 1107 641 1162; x_wconf 93' lang='lat' dir='ltr'><strong>usque</strong></span> <span class='ocrx_word' id='word_1_83' title='bbox 655 1090 691 1145; x_wconf 88' lang='lat' dir='ltr'><strong>ad</strong></span> <span class='ocrx_word' id='word_1_84' title='bbox 706 1088 842 1145; x_wconf 86' lang='lat' dir='ltr'><strong>Kalendas</strong></span> <span class='ocrx_word' id='word_1_85' title='bbox 857 1088 1034 1160; x_wconf 85' lang='lat' dir='ltr'><strong>Septembris,</strong></span> <span class='ocrx_word' id='word_1_86' title='bbox 1063 1078 1221 1158; x_wconf 87' lang='lat' dir='ltr'><strong>Parabolaa,</strong></span> <span class='ocrx_word' id='word_1_87' title='bbox 1234 1090 1426 1159; x_wconf 83' lang='lat' dir='ltr'><strong>Ecclesiasten,</strong></span> <span class='ocrx_word' id='word_1_88' title='bbox 1452 1091 1552 1148; x_wconf 87' lang='lat' dir='ltr'><strong>libmm</strong></span> <span class='ocrx_word' id='word_1_89' title='bbox 1565 1085 1729 1165; x_wconf 78' lang='lat' dir='ltr'><strong>Sapientiae,</strong></span> <span class='ocrx_word' id='word_1_90' title='bbox 1748 1095 1826 1152; x_wconf 90' lang='lat' dir='ltr'><strong>etde</strong></span> 
     </span>
     <span class='ocr_line' id='line_1_11' title="bbox 164 1186 920 1261; baseline 0 -20"><span class='ocrx_word' id='word_1_91' title='bbox 164 1187 356 1245; x_wconf 76' lang='lat' dir='ltr'><strong>Ecclesiastico</strong></span> <span class='ocrx_word' id='word_1_92' title='bbox 372 1196 501 1260; x_wconf 90' lang='lat' dir='ltr'><strong>quantum</strong></span> <span class='ocrx_word' id='word_1_93' title='bbox 516 1197 622 1260; x_wconf 89' lang='lat' dir='ltr'><strong>tempus</strong></span> <span class='ocrx_word' id='word_1_94' title='bbox 637 1187 777 1258; x_wconf 89' lang='lat' dir='ltr'><strong>permittit,</strong></span> <span class='ocrx_word' id='word_1_95' title='bbox 791 1186 920 1261; x_wconf 83' lang='lat' dir='ltr'><strong>legimus.</strong></span> 
     </span>
    </p>

    <p class='ocr_par' dir='ltr' id='par_1_7' title="bbox 201 1283 1823 1361">
     <span class='ocr_line' id='line_1_12' title="bbox 201 1283 1823 1361; baseline 0.006 -23"><span class='ocrx_word' id='word_1_96' title='bbox 201 1288 227 1339; x_wconf 88' lang='lat'><strong>3.</strong></span> <span class='ocrx_word' id='word_1_97' title='bbox 244 1283 381 1340; x_wconf 76' lang='lat' dir='ltr'><strong>Kalendas</strong></span> <span class='ocrx_word' id='word_1_98' title='bbox 396 1285 575 1357; x_wconf 88' lang='lat' dir='ltr'><strong>Septembris,</strong></span> <span class='ocrx_word' id='word_1_99' title='bbox 591 1285 643 1341; x_wconf 85' lang='lat' dir='ltr'><strong>tob</strong></span> <span class='ocrx_word' id='word_1_100' title='bbox 658 1285 764 1340; x_wconf 89' lang='lat' dir='ltr'><strong>duabus</strong></span> <span class='ocrx_word' id='word_1_101' title='bbox 780 1285 939 1356; x_wconf 90' lang='lat' dir='ltr'><strong>septimanis</strong></span> <span class='ocrx_word' id='word_1_102' title='bbox 953 1288 1012 1346; x_wconf 87' lang='lat' dir='ltr'><strong>sive</strong></span> <span class='ocrx_word' id='word_1_103' title='bbox 1026 1289 1123 1357; x_wconf 92' lang='lat' dir='ltr'><strong>tribus,</strong></span> <span class='ocrx_word' id='word_1_104' title='bbox 1140 1289 1245 1344; x_wconf 86' lang='lat' dir='ltr'><strong>duabus</strong></span> <span class='ocrx_word' id='word_1_105' title='bbox 1259 1288 1437 1361; x_wconf 89' lang='lat' dir='ltr'><strong>sequentibus</strong></span> <span class='ocrx_word' id='word_1_106' title='bbox 1450 1287 1574 1356; x_wconf 87' lang='lat' dir='ltr'><strong>Tobiam,</strong></span> <span class='ocrx_word' id='word_1_107' title='bbox 1589 1287 1695 1357; x_wconf 86' lang='lat' dir='ltr'><strong>Judith,</strong></span> <span class='ocrx_word' id='word_1_108' title='bbox 1710 1290 1823 1348; x_wconf 80' lang='lat' dir='ltr'><strong>Esther.</strong></span> 
     </span>
    </p>

    <p class='ocr_par' dir='ltr' id='par_1_8' title="bbox 198 1381 1251 1455">
     <span class='ocr_line' id='line_1_13' title="bbox 198 1381 1251 1455; baseline 0.004 -18"><span class='ocrx_word' id='word_1_109' title='bbox 198 1384 225 1438; x_wconf 84' lang='lat' dir='ltr'><strong>l.</strong></span> <span class='ocrx_word' id='word_1_110' title='bbox 242 1381 406 1438; x_wconf 77' lang='lat' dir='ltr'><strong>AKalcndis</strong></span> <span class='ocrx_word' id='word_1_111' title='bbox 421 1383 548 1440; x_wconf 85' lang='lat' dir='ltr'><strong>Octobris</strong></span> <span class='ocrx_word' id='word_1_112' title='bbox 563 1399 650 1455; x_wconf 89' lang='lat' dir='ltr'><strong>usque</strong></span> <span class='ocrx_word' id='word_1_113' title='bbox 669 1382 703 1437; x_wconf 93' lang='lat' dir='ltr'><strong>ad</strong></span> <span class='ocrx_word' id='word_1_114' title='bbox 713 1383 907 1453; x_wconf 79' lang='lat' dir='ltr'><strong>Nouembrem,</strong></span> <span class='ocrx_word' id='word_1_115' title='bbox 923 1387 1141 1444; x_wconf 80' lang='lat' dir='ltr'><strong>blachabaeorum</strong></span> <span class='ocrx_word' id='word_1_116' title='bbox 1156 1384 1251 1441; x_wconf 89' lang='lat' dir='ltr'><strong>libros.</strong></span> 
     </span>
    </p>

    <p class='ocr_par' dir='ltr' id='par_1_9' title="bbox 163 1479 1819 1646">
     <span class='ocr_line' id='line_1_14' title="bbox 198 1479 1819 1554; baseline 0.002 -20"><span class='ocrx_word' id='word_1_117' title='bbox 198 1483 224 1534; x_wconf 84' lang='lat'><strong>5.</strong></span> <span class='ocrx_word' id='word_1_118' title='bbox 241 1481 363 1552; x_wconf 89' lang='lat' dir='ltr'><strong>Totoque</strong></span> <span class='ocrx_word' id='word_1_119' title='bbox 378 1482 431 1537; x_wconf 92' lang='lat' dir='ltr'><strong>hoo</strong></span> <span class='ocrx_word' id='word_1_120' title='bbox 445 1488 578 1551; x_wconf 89' lang='lat' dir='ltr'><strong>tempore,</strong></span> <span class='ocrx_word' id='word_1_121' title='bbox 594 1480 621 1535; x_wconf 92' lang='lat' dir='ltr'><strong>id</strong></span> <span class='ocrx_word' id='word_1_122' title='bbox 636 1488 678 1535; x_wconf 89' lang='lat' dir='ltr'><strong>est</strong></span> <span class='ocrx_word' id='word_1_123' title='bbox 691 1496 707 1534; x_wconf 91' lang='lat' dir='ltr'><strong>a</strong></span> <span class='ocrx_word' id='word_1_124' title='bbox 721 1479 880 1537; x_wconf 90' lang='lat' dir='ltr'><strong>Pentecoste</strong></span> <span class='ocrx_word' id='word_1_125' title='bbox 894 1499 981 1554; x_wconf 90' lang='lat' dir='ltr'><strong>usque</strong></span> <span class='ocrx_word' id='word_1_126' title='bbox 995 1483 1030 1538; x_wconf 90' lang='lat' dir='ltr'><strong>ad</strong></span> <span class='ocrx_word' id='word_1_127' title='bbox 1044 1484 1209 1541; x_wconf 87' lang='lat' dir='ltr'><strong>Novembris</strong></span> <span class='ocrx_word' id='word_1_128' title='bbox 1232 1483 1379 1551; x_wconf 87' lang='lat' dir='ltr'><strong>Kalendas,</strong></span> <span class='ocrx_word' id='word_1_129' title='bbox 1408 1498 1470 1550; x_wconf 88' lang='lat' dir='ltr'><strong>una,</strong></span> <span class='ocrx_word' id='word_1_130' title='bbox 1495 1481 1549 1538; x_wconf 89' lang='lat' dir='ltr'><strong>nisi</strong></span> <span class='ocrx_word' id='word_1_131' title='bbox 1572 1480 1674 1539; x_wconf 76' lang='lat' dir='ltr'><strong>fastum</strong></span> <span class='ocrx_word' id='word_1_132' title='bbox 1697 1483 1819 1551; x_wconf 90' lang='lat' dir='ltr'><strong>intersit,</strong></span> 
     </span>
     <span class='ocr_line' id='line_1_15' title="bbox 163 1575 896 1646; baseline 0.007 -17"><span class='ocrx_word' id='word_1_133' title='bbox 163 1575 290 1643; x_wconf 89' lang='lat' dir='ltr'><strong>lectione,</strong></span> <span class='ocrx_word' id='word_1_134' title='bbox 308 1576 379 1633; x_wconf 92' lang='lat' dir='ltr'><strong>sicut</strong></span> <span class='ocrx_word' id='word_1_135' title='bbox 392 1576 481 1632; x_wconf 81' lang='lat' dir='ltr'><strong>caeteri</strong></span> <span class='ocrx_word' id='word_1_136' title='bbox 496 1576 632 1646; x_wconf 90' lang='lat' dir='ltr'><strong>monachi,</strong></span> <span class='ocrx_word' id='word_1_137' title='bbox 657 1577 778 1633; x_wconf 91' lang='lat' dir='ltr'><strong>contenti</strong></span> <span class='ocrx_word' id='word_1_138' title='bbox 793 1593 896 1634; x_wconf 91' lang='lat' dir='ltr'><strong>sumus.</strong></span> 
     </span>
    </p>

    <p class='ocr_par' dir='ltr' id='par_1_10' title="bbox 162 1673 1822 1937">
     <span class='ocr_line' id='line_1_16' title="bbox 200 1673 1822 1746; baseline 0.003 -18"><span class='ocrx_word' id='word_1_139' title='bbox 200 1677 226 1728; x_wconf 87' lang='grc'><strong>6.</strong></span> <span class='ocrx_word' id='word_1_140' title='bbox 242 1674 390 1746; x_wconf 88' lang='lat' dir='ltr'><strong>Nunquam</strong></span> <span class='ocrx_word' id='word_1_141' title='bbox 405 1681 495 1730; x_wconf 90' lang='lat' dir='ltr'><strong>antem</strong></span> <span class='ocrx_word' id='word_1_142' title='bbox 507 1689 559 1746; x_wconf 89' lang='lat' dir='ltr'><strong>pro</strong></span> <span class='ocrx_word' id='word_1_143' title='bbox 574 1673 655 1728; x_wconf 90' lang='lat' dir='ltr'><strong>trium</strong></span> <span class='ocrx_word' id='word_1_144' title='bbox 670 1673 815 1731; x_wconf 89' lang='lat' dir='ltr'><strong>lectionum</strong></span> <span class='ocrx_word' id='word_1_145' title='bbox 830 1675 910 1743; x_wconf 88' lang='lat' dir='ltr'><strong>iesto,</strong></span> <span class='ocrx_word' id='word_1_146' title='bbox 926 1674 1056 1731; x_wconf 89' lang='lat' dir='ltr'><strong>lectiones</strong></span> <span class='ocrx_word' id='word_1_147' title='bbox 1070 1675 1198 1731; x_wconf 71' lang='lat' dir='ltr'><strong>Historia)</strong></span> <span class='ocrx_word' id='word_1_148' title='bbox 1220 1674 1388 1741; x_wconf 87' lang='lat' dir='ltr'><strong>dimittimus,</strong></span> <span class='ocrx_word' id='word_1_149' title='bbox 1404 1673 1456 1729; x_wconf 89' lang='lat' dir='ltr'><strong>nisi</strong></span> <span class='ocrx_word' id='word_1_150' title='bbox 1480 1673 1509 1729; x_wconf 91' lang='lat' dir='ltr'><strong>in</strong></span> <span class='ocrx_word' id='word_1_151' title='bbox 1523 1673 1616 1746; x_wconf 76' lang='lat' dir='ltr'><strong>vigilia</strong></span> <span class='ocrx_word' id='word_1_152' title='bbox 1633 1674 1752 1744; x_wconf 62' lang='lat' dir='ltr'><strong>⁸Natalis</strong></span> <span class='ocrx_word' id='word_1_153' title='bbox 1766 1677 1822 1733; x_wconf 81' lang='lat' dir='ltr'><strong>Ilo·</strong></span> 
     </span>
     <span class='ocr_line' id='line_1_17' title="bbox 162 1768 1822 1842; baseline 0.003 -18"><span class='ocrx_word' id='word_1_154' title='bbox 162 1768 239 1835; x_wconf 90' lang='lat' dir='ltr'><strong>mini,</strong></span> <span class='ocrx_word' id='word_1_155' title='bbox 256 1776 283 1825; x_wconf 92' lang='lat' dir='ltr'><strong>et</strong></span> <span class='ocrx_word' id='word_1_156' title='bbox 297 1768 457 1842; x_wconf 89' lang='lat' dir='ltr'><strong>tribuspost</strong></span> <span class='ocrx_word' id='word_1_157' title='bbox 472 1769 570 1825; x_wconf 83' lang='lat' dir='ltr'><strong>festum</strong></span> <span class='ocrx_word' id='word_1_158' title='bbox 586 1770 764 1826; x_wconf 89' lang='lat' dir='ltr'><strong>Innocentum</strong></span> <span class='ocrx_word' id='word_1_159' title='bbox 789 1771 885 1828; x_wconf 90' lang='lat' dir='ltr'><strong>diebus</strong></span> <span class='ocrx_word' id='word_1_160' title='bbox 908 1779 933 1827; x_wconf 93' lang='lat' dir='ltr'><strong>et</strong></span> <span class='ocrx_word' id='word_1_161' title='bbox 956 1770 1172 1827; x_wconf 88' lang='lat' dir='ltr'><strong>hebdomadibus</strong></span> <span class='ocrx_word' id='word_1_162' title='bbox 1192 1771 1304 1826; x_wconf 84' lang='lat' dir='ltr'><strong>Paschae</strong></span> <span class='ocrx_word' id='word_1_163' title='bbox 1319 1778 1345 1826; x_wconf 88' lang='lat' dir='ltr'><strong>ct</strong></span> <span class='ocrx_word' id='word_1_164' title='bbox 1367 1769 1552 1836; x_wconf 86' lang='lat' dir='ltr'><strong>Pentecostes,</strong></span> <span class='ocrx_word' id='word_1_165' title='bbox 1574 1778 1601 1826; x_wconf 92' lang='lat' dir='ltr'><strong>et</strong></span> <span class='ocrx_word' id='word_1_166' title='bbox 1614 1769 1687 1825; x_wconf 77' lang='lat' dir='ltr'><strong>intra</strong></span> <span class='ocrx_word' id='word_1_167' title='bbox 1707 1778 1822 1828; x_wconf 78' lang='lat' dir='ltr'><strong>octavas</strong></span> 
     </span>
     <span class='ocr_line' id='line_1_18' title="bbox 163 1865 582 1937; baseline 0.005 -17"><span class='ocrx_word' id='word_1_168' title='bbox 163 1865 367 1937; x_wconf 71' lang='lat' dir='ltr'><strong>Assumptionis</strong></span> <span class='ocrx_word' id='word_1_169' title='bbox 380 1867 469 1922; x_wconf 83' lang='lat' dir='ltr'><strong>heatae</strong></span> <span class='ocrx_word' id='word_1_170' title='bbox 479 1866 582 1922; x_wconf 73' lang='lat' dir='ltr'><strong>Marias.</strong></span> 
     </span>
    </p>

    <p class='ocr_par' dir='ltr' id='par_1_11' title="bbox 162 1957 1821 2225">
     <span class='ocr_line' id='line_1_19' title="bbox 198 1957 1821 2035; baseline 0.001 -19"><span class='ocrx_word' id='word_1_171' title='bbox 198 1963 226 2017; x_wconf 83' lang='grc' dir='ltr'><strong>Ἷ.</strong></span> <span class='ocrx_word' id='word_1_172' title='bbox 241 1962 429 2019; x_wconf 91' lang='lat' dir='ltr'><strong>lnvitatorium</strong></span> <span class='ocrx_word' id='word_1_173' title='bbox 444 1963 526 2035; x_wconf 81' lang='lat' dir='ltr'><strong>igitur</strong></span> <span class='ocrx_word' id='word_1_174' title='bbox 539 1971 643 2019; x_wconf 89' lang='lat' dir='ltr'><strong>tantum</strong></span> <span class='ocrx_word' id='word_1_175' title='bbox 658 1970 684 2017; x_wconf 92' lang='lat' dir='ltr'><strong>et</strong></span> <span class='ocrx_word' id='word_1_176' title='bbox 699 1959 836 2029; x_wconf 86' lang='lat' dir='ltr'><strong>versictdi,</strong></span> <span class='ocrx_word' id='word_1_177' title='bbox 846 1966 873 2015; x_wconf 91' lang='lat' dir='ltr'><strong>et</strong></span> <span class='ocrx_word' id='word_1_178' title='bbox 888 1957 1063 2030; x_wconf 90' lang='lat' dir='ltr'><strong>responsoria</strong></span> <span class='ocrx_word' id='word_1_179' title='bbox 1080 1968 1107 2015; x_wconf 92' lang='lat' dir='ltr'><strong>et</strong></span> <span class='ocrx_word' id='word_1_180' title='bbox 1122 1959 1268 2028; x_wconf 89' lang='lat' dir='ltr'><strong>orationes,</strong></span> <span class='ocrx_word' id='word_1_181' title='bbox 1286 1967 1312 2014; x_wconf 91' lang='lat' dir='ltr'><strong>et</strong></span> <span class='ocrx_word' id='word_1_182' title='bbox 1331 1957 1470 2014; x_wconf 83' lang='lat' dir='ltr'><strong>matutinae</strong></span> <span class='ocrx_word' id='word_1_183' title='bbox 1483 1957 1588 2024; x_wconf 85' lang='lat' dir='ltr'><strong>laudes,</strong></span> <span class='ocrx_word' id='word_1_184' title='bbox 1604 1959 1654 2014; x_wconf 91' lang='lat' dir='ltr'><strong>sed</strong></span> <span class='ocrx_word' id='word_1_185' title='bbox 1670 1967 1698 2015; x_wconf 90' lang='lat' dir='ltr'><strong>ct</strong></span> <span class='ocrx_word' id='word_1_186' title='bbox 1712 1959 1751 2015; x_wconf 87' lang='lat' dir='ltr'><strong>ad</strong></span> <span class='ocrx_word' id='word_1_187' title='bbox 1761 1960 1821 2033; x_wconf 91' lang='lat' dir='ltr'><strong>pri·</strong></span> 
     </span>
     <span class='ocr_line' id='line_1_20' title="bbox 162 2053 1820 2131; baseline 0 -18"><span class='ocrx_word' id='word_1_188' title='bbox 162 2073 235 2113; x_wconf 89' lang='lat' dir='ltr'><strong>mam</strong></span> <span class='ocrx_word' id='word_1_189' title='bbox 249 2059 406 2131; x_wconf 89' lang='lat' dir='ltr'><strong>antiphona,</strong></span> <span class='ocrx_word' id='word_1_190' title='bbox 422 2059 458 2115; x_wconf 89' lang='lat' dir='ltr'><strong>ad</strong></span> <span class='ocrx_word' id='word_1_191' title='bbox 472 2059 578 2113; x_wconf 92' lang='lat' dir='ltr'><strong>tertiam</strong></span> <span class='ocrx_word' id='word_1_192' title='bbox 593 2074 701 2130; x_wconf 92' lang='lat' dir='ltr'><strong>quoque</strong></span> <span class='ocrx_word' id='word_1_193' title='bbox 716 2065 742 2112; x_wconf 90' lang='lat' dir='ltr'><strong>et</strong></span> <span class='ocrx_word' id='word_1_194' title='bbox 757 2064 869 2122; x_wconf 87' lang='lat' dir='ltr'><strong>sextam,</strong></span> <span class='ocrx_word' id='word_1_195' title='bbox 887 2055 910 2110; x_wconf 91' lang='lat' dir='ltr'><strong>si</strong></span> <span class='ocrx_word' id='word_1_196' title='bbox 924 2053 1010 2111; x_wconf 89' lang='lat' dir='ltr'><strong>semel</strong></span> <span class='ocrx_word' id='word_1_197' title='bbox 1024 2056 1217 2126; x_wconf 92' lang='lat' dir='ltr'><strong>prandendum</strong></span> <span class='ocrx_word' id='word_1_198' title='bbox 1232 2063 1283 2122; x_wconf 90' lang='lat' dir='ltr'><strong>est,</strong></span> <span class='ocrx_word' id='word_1_199' title='bbox 1302 2055 1345 2110; x_wconf 90' lang='lat' dir='ltr'><strong>sin</strong></span> <span class='ocrx_word' id='word_1_200' title='bbox 1368 2062 1458 2110; x_wconf 89' lang='lat' dir='ltr'><strong>autem</strong></span> <span class='ocrx_word' id='word_1_201' title='bbox 1473 2053 1515 2110; x_wconf 92' lang='lat' dir='ltr'><strong>bis</strong></span> <span class='ocrx_word' id='word_1_202' title='bbox 1526 2054 1562 2111; x_wconf 90' lang='lat' dir='ltr'><strong>ad</strong></span> <span class='ocrx_word' id='word_1_203' title='bbox 1576 2054 1687 2111; x_wconf 85' lang='lat' dir='ltr'><strong>tertiam</strong></span> <span class='ocrx_word' id='word_1_204' title='bbox 1701 2063 1820 2127; x_wconf 84' lang='lat' dir='ltr'><strong>tantum,</strong></span> 
     </span>
     <span class='ocr_line' id='line_1_21' title="bbox 166 2151 1012 2225; baseline -0.005 -15"><span class='ocrx_word' id='word_1_205' title='bbox 166 2154 332 2225; x_wconf 71' lang='lat' dir='ltr'><strong>antiphona,</strong></span> <span class='ocrx_word' id='word_1_206' title='bbox 349 2171 445 2210; x_wconf 87' lang='lat' dir='ltr'><strong>versus</strong></span> <span class='ocrx_word' id='word_1_207' title='bbox 464 2162 490 2209; x_wconf 91' lang='lat' dir='ltr'><strong>et</strong></span> <span class='ocrx_word' id='word_1_208' title='bbox 504 2155 653 2219; x_wconf 89' lang='lat' dir='ltr'><strong>orationes,</strong></span> <span class='ocrx_word' id='word_1_209' title='bbox 668 2168 718 2224; x_wconf 93' lang='lat' dir='ltr'><strong>pro</strong></span> <span class='ocrx_word' id='word_1_210' title='bbox 733 2152 779 2207; x_wconf 89' lang='lat' dir='ltr'><strong>tali</strong></span> <span class='ocrx_word' id='word_1_211' title='bbox 793 2151 862 2207; x_wconf 82' lang='lat' dir='ltr'><strong>festo</strong></span> <span class='ocrx_word' id='word_1_212' title='bbox 876 2151 1012 2206; x_wconf 89' lang='lat' dir='ltr'><strong>dicuntur.</strong></span> 
     </span>
    </p>

    <p class='ocr_par' dir='ltr' id='par_1_12' title="bbox 164 2246 1820 2419">
     <span class='ocr_line' id='line_1_22' title="bbox 202 2246 1820 2323; baseline 0 -18"><span class='ocrx_word' id='word_1_213' title='bbox 202 2256 227 2306; x_wconf 88' lang='lat'><strong>8.</strong></span> <span class='ocrx_word' id='word_1_214' title='bbox 244 2252 380 2307; x_wconf 74' lang='lat' dir='ltr'><strong>Dominam</strong></span> <span class='ocrx_word' id='word_1_215' title='bbox 395 2253 523 2323; x_wconf 72' lang='lat' dir='ltr'><strong>reparavit</strong></span> <span class='ocrx_word' id='word_1_216' title='bbox 533 2248 685 2305; x_wconf 92' lang='lat' dir='ltr'><strong>nonsolum</strong></span> <span class='ocrx_word' id='word_1_217' title='bbox 699 2249 726 2303; x_wconf 95' lang='lat' dir='ltr'><strong>in</strong></span> <span class='ocrx_word' id='word_1_218' title='bbox 741 2248 840 2303; x_wconf 89' lang='lat' dir='ltr'><strong>talibus</strong></span> <span class='ocrx_word' id='word_1_219' title='bbox 854 2246 941 2312; x_wconf 82' lang='lat' dir='ltr'><strong>iestis,</strong></span> <span class='ocrx_word' id='word_1_220' title='bbox 959 2247 1008 2304; x_wconf 92' lang='lat' dir='ltr'><strong>sed</strong></span> <span class='ocrx_word' id='word_1_221' title='bbox 1023 2248 1103 2302; x_wconf 87' lang='lat' dir='ltr'><strong>etiam</strong></span> <span class='ocrx_word' id='word_1_222' title='bbox 1117 2264 1133 2302; x_wconf 91' lang='lat' dir='ltr'><strong>a</strong></span> <span class='ocrx_word' id='word_1_223' title='bbox 1147 2248 1292 2306; x_wconf 85' lang='lat' dir='ltr'><strong>Nativitate</strong></span> <span class='ocrx_word' id='word_1_224' title='bbox 1306 2262 1393 2320; x_wconf 88' lang='lat' dir='ltr'><strong>usqne</strong></span> <span class='ocrx_word' id='word_1_225' title='bbox 1412 2247 1449 2303; x_wconf 89' lang='lat' dir='ltr'><strong>ad</strong></span> <span class='ocrx_word' id='word_1_226' title='bbox 1467 2254 1577 2304; x_wconf 86' lang='lat' dir='ltr'><strong>octavas</strong></span> <span class='ocrx_word' id='word_1_227' title='bbox 1601 2246 1777 2319; x_wconf 80' lang='lat' dir='ltr'><strong>Epiphaniae,</strong></span> <span class='ocrx_word' id='word_1_228' title='bbox 1795 2258 1820 2307; x_wconf 93' lang='lat' dir='ltr'><strong>et</strong></span> 
     </span>
     <span class='ocr_line' id='line_1_23' title="bbox 164 2343 1365 2419; baseline -0.003 -17"><span class='ocrx_word' id='word_1_229' title='bbox 164 2361 182 2402; x_wconf 91' lang='lat' dir='ltr'><strong>a</strong></span> <span class='ocrx_word' id='word_1_230' title='bbox 196 2346 302 2403; x_wconf 88' lang='lat' dir='ltr'><strong>Pascha</strong></span> <span class='ocrx_word' id='word_1_231' title='bbox 316 2363 403 2419; x_wconf 91' lang='lat' dir='ltr'><strong>usque</strong></span> <span class='ocrx_word' id='word_1_232' title='bbox 416 2347 451 2402; x_wconf 89' lang='lat' dir='ltr'><strong>ad</strong></span> <span class='ocrx_word' id='word_1_233' title='bbox 464 2354 573 2404; x_wconf 83' lang='lat' dir='ltr'><strong>octams</strong></span> <span class='ocrx_word' id='word_1_234' title='bbox 587 2347 772 2414; x_wconf 88' lang='lat' dir='ltr'><strong>Pentecostes,</strong></span> <span class='ocrx_word' id='word_1_235' title='bbox 788 2344 824 2399; x_wconf 89' lang='lat' dir='ltr'><strong>ad</strong></span> <span class='ocrx_word' id='word_1_236' title='bbox 838 2343 984 2411; x_wconf 81' lang='lat' dir='ltr'><strong>matutinas</strong></span> <span class='ocrx_word' id='word_1_237' title='bbox 994 2343 1089 2399; x_wconf 87' lang='lat' dir='ltr'><strong>landes</strong></span> <span class='ocrx_word' id='word_1_238' title='bbox 1101 2343 1221 2415; x_wconf 90' lang='lat' dir='ltr'><strong>quotidie</strong></span> <span class='ocrx_word' id='word_1_239' title='bbox 1235 2343 1365 2400; x_wconf 89' lang='lat' dir='ltr'><strong>dicimus.</strong></span> 
     </span>
    </p>
   </div>
   <div class='ocr_carea' id='block_1_4' title="bbox 198 2468 1819 2736">
    <p class='ocr_par' dir='ltr' id='par_1_13' title="bbox 198 2468 1819 2736">
     <span class='ocr_line' id='line_1_24' title="bbox 857 2468 1120 2525; baseline -0.004 -1"><span class='ocrx_word' id='word_1_240' title='bbox 857 2468 1057 2525; x_wconf 79' lang='lat' dir='ltr'><strong>CAPITULUll</strong></span> <span class='ocrx_word' id='word_1_241' title='bbox 1074 2468 1120 2525; x_wconf 82' lang='lat' dir='ltr'><strong>Vl.</strong></span> 
     </span>
     <span class='ocr_line' id='line_1_25' title="bbox 831 2562 1134 2638; baseline 0.01 -19"><span class='ocrx_word' id='word_1_242' title='bbox 831 2563 902 2620; x_wconf 84' lang='lat' dir='ltr'><strong>item</strong></span> <span class='ocrx_word' id='word_1_243' title='bbox 931 2562 1008 2619; x_wconf 76' lang='lat' dir='ltr'><strong>ande</strong></span> <span class='ocrx_word' id='word_1_244' title='bbox 1034 2580 1134 2638; x_wconf 83' lang='lat' dir='ltr'><strong>supra.</strong></span> 
     </span>
     <span class='ocr_line' id='line_1_26' title="bbox 198 2658 1819 2736; baseline 0.003 -18"><span class='ocrx_word' id='word_1_245' title='bbox 198 2664 233 2718; x_wconf 86' lang='lat' dir='ltr'><strong>Et</strong></span> <span class='ocrx_word' id='word_1_246' title='bbox 244 2665 298 2720; x_wconf 94' lang='lat' dir='ltr'><strong>hoc</strong></span> <span class='ocrx_word' id='word_1_247' title='bbox 312 2662 454 2720; x_wconf 91' lang='lat' dir='ltr'><strong>sciendum</strong></span> <span class='ocrx_word' id='word_1_248' title='bbox 470 2663 543 2736; x_wconf 89' lang='lat' dir='ltr'><strong>quod</strong></span> <span class='ocrx_word' id='word_1_249' title='bbox 557 2664 584 2719; x_wconf 94' lang='lat' dir='ltr'><strong>in</strong></span> <span class='ocrx_word' id='word_1_250' title='bbox 599 2662 675 2719; x_wconf 91' lang='lat' dir='ltr'><strong>nulla</strong></span> <span class='ocrx_word' id='word_1_251' title='bbox 689 2661 859 2719; x_wconf 85' lang='lat' dir='ltr'><strong>solemnitate</strong></span> <span class='ocrx_word' id='word_1_252' title='bbox 873 2658 1078 2731; x_wconf 87' lang='lat' dir='ltr'><strong>processionem</strong></span> <span class='ocrx_word' id='word_1_253' title='bbox 1099 2661 1224 2732; x_wconf 88' lang='lat' dir='ltr'><strong>iacimus,</strong></span> <span class='ocrx_word' id='word_1_254' title='bbox 1240 2676 1292 2718; x_wconf 91' lang='lat' dir='ltr'><strong>nec</strong></span> <span class='ocrx_word' id='word_1_255' title='bbox 1311 2661 1396 2718; x_wconf 90' lang='lat' dir='ltr'><strong>ullum</strong></span> <span class='ocrx_word' id='word_1_256' title='bbox 1423 2661 1520 2718; x_wconf 89' lang='lat' dir='ltr'><strong>iestum</strong></span> <span class='ocrx_word' id='word_1_257' title='bbox 1534 2662 1579 2719; x_wconf 83' lang='lat' dir='ltr'><strong>vel</strong></span> <span class='ocrx_word' id='word_1_258' title='bbox 1593 2662 1718 2734; x_wconf 75' lang='lat' dir='ltr'><strong>vigiliam</strong></span> <span class='ocrx_word' id='word_1_259' title='bbox 1745 2674 1819 2723; x_wconf 88' lang='lat' dir='ltr'><strong>tran·</strong></span> 
     </span>
    </p>
   </div>
   <div class='ocr_carea' id='block_1_5' title="bbox 165 2768 1120 2880">
    <p class='ocr_par' dir='ltr' id='par_1_14' title="bbox 165 2768 1120 2880">
     <span class='ocr_line' id='line_1_27' title="bbox 165 2768 1120 2880; baseline 0.059 -64"><span class='ocrx_word' id='word_1_260' title='bbox 165 2768 327 2816; x_wconf 89' lang='lat' dir='ltr'><strong>smutamus.</strong></span> <span class='ocrx_word' id='word_1_261' title='bbox 851 2823 1048 2880; x_wconf 66' lang='lat' dir='ltr'><strong>CApppULUM</strong></span> <span class='ocrx_word' id='word_1_262' title='bbox 1062 2824 1120 2880; x_wconf 81' lang='lat' dir='ltr'><strong>vn,</strong></span> 
     </span>
    </p>
   </div>
   <div class='ocr_carea' id='block_1_6' title="bbox 164 2917 1818 3377">
    <p class='ocr_par' dir='ltr' id='par_1_15' title="bbox 164 2917 1818 3377">
     <span class='ocr_line' id='line_1_28' title="bbox 808 2917 1178 2992; baseline 0.003 -17"><span class='ocrx_word' id='word_1_263' title='bbox 808 2922 846 2977; x_wconf 83' lang='lat' dir='ltr'><strong>Dc</strong></span> <span class='ocrx_word' id='word_1_264' title='bbox 875 2917 968 2992; x_wconf 73' lang='lat' dir='ltr'><strong>officio</strong></span> <span class='ocrx_word' id='word_1_265' title='bbox 996 2920 1178 2977; x_wconf 83' lang='lat' dir='ltr'><strong>Dominicali.</strong></span> 
     </span>
     <span class='ocr_line' id='line_1_29' title="bbox 200 3009 1696 3083; baseline 0.003 -10"><span class='ocrx_word' id='word_1_266' title='bbox 200 3022 226 3073; x_wconf 91' lang='lat' dir='ltr'><strong>t.</strong></span> <span class='ocrx_word' id='word_1_267' title='bbox 243 3015 324 3074; x_wconf 92' lang='lat' dir='ltr'><strong>Omni</strong></span> <span class='ocrx_word' id='word_1_268' title='bbox 335 3013 455 3071; x_wconf 86' lang='lat' dir='ltr'><strong>sabbato</strong></span> <span class='ocrx_word' id='word_1_269' title='bbox 469 3018 530 3083; x_wconf 91' lang='lat' dir='ltr'><strong>post</strong></span> <span class='ocrx_word' id='word_1_270' title='bbox 544 3025 644 3066; x_wconf 90' lang='lat' dir='ltr'><strong>nonam</strong></span> <span class='ocrx_word' id='word_1_271' title='bbox 658 3010 686 3064; x_wconf 93' lang='lat' dir='ltr'><strong>in</strong></span> <span class='ocrx_word' id='word_1_272' title='bbox 700 3009 849 3065; x_wconf 90' lang='lat' dir='ltr'><strong>claustrum</strong></span> <span class='ocrx_word' id='word_1_273' title='bbox 864 3011 1060 3080; x_wconf 78' lang='lat' dir='ltr'><strong>convenimus3</strong></span> <span class='ocrx_word' id='word_1_274' title='bbox 1076 3013 1208 3070; x_wconf 86' lang='lat' dir='ltr'><strong>lectiones</strong></span> <span class='ocrx_word' id='word_1_275' title='bbox 1218 3020 1245 3068; x_wconf 86' lang='lat' dir='ltr'><strong>et</strong></span> <span class='ocrx_word' id='word_1_276' title='bbox 1263 3019 1361 3070; x_wconf 79' lang='lat' dir='ltr'><strong>cetera</strong></span> <span class='ocrx_word' id='word_1_277' title='bbox 1371 3016 1525 3072; x_wconf 90' lang='lat' dir='ltr'><strong>necessaria</strong></span> <span class='ocrx_word' id='word_1_278' title='bbox 1539 3018 1696 3077; x_wconf 88' lang='lat' dir='ltr'><strong>recolimus.</strong></span> 
     </span>
     <span class='ocr_line' id='line_1_30' title="bbox 198 3105 1818 3189; baseline -0.007 -19"><span class='ocrx_word' id='word_1_279' title='bbox 198 3118 226 3171; x_wconf 77' lang='lat' dir='ltr'><strong>a.</strong></span> <span class='ocrx_word' id='word_1_280' title='bbox 242 3114 277 3168; x_wconf 79' lang='lat' dir='ltr'><strong>lit</strong></span> <span class='ocrx_word' id='word_1_281' title='bbox 291 3111 353 3184; x_wconf 93' lang='lat' dir='ltr'><strong>quia</strong></span> <span class='ocrx_word' id='word_1_282' title='bbox 368 3117 424 3166; x_wconf 90' lang='lat' dir='ltr'><strong>tota</strong></span> <span class='ocrx_word' id='word_1_283' title='bbox 438 3107 609 3164; x_wconf 88' lang='lat' dir='ltr'><strong>hebdomada</strong></span> <span class='ocrx_word' id='word_1_284' title='bbox 623 3105 651 3161; x_wconf 92' lang='lat' dir='ltr'><strong>in</strong></span> <span class='ocrx_word' id='word_1_285' title='bbox 665 3105 743 3162; x_wconf 90' lang='lat' dir='ltr'><strong>cellis</strong></span> <span class='ocrx_word' id='word_1_286' title='bbox 754 3106 890 3162; x_wconf 91' lang='lat' dir='ltr'><strong>silentium</strong></span> <span class='ocrx_word' id='word_1_287' title='bbox 904 3115 1039 3176; x_wconf 93' lang='lat' dir='ltr'><strong>tenemus,</strong></span> <span class='ocrx_word' id='word_1_288' title='bbox 1063 3115 1175 3180; x_wconf 90' lang='lat' dir='ltr'><strong>peccata</strong></span> <span class='ocrx_word' id='word_1_289' title='bbox 1199 3115 1293 3164; x_wconf 90' lang='lat' dir='ltr'><strong>nostra</strong></span> <span class='ocrx_word' id='word_1_290' title='bbox 1316 3110 1413 3181; x_wconf 86' lang='lat' dir='ltr'><strong>priori,</strong></span> <span class='ocrx_word' id='word_1_291' title='bbox 1437 3111 1481 3168; x_wconf 86' lang='lat' dir='ltr'><strong>vel</strong></span> <span class='ocrx_word' id='word_1_292' title='bbox 1506 3113 1605 3185; x_wconf 90' lang='lat' dir='ltr'><strong>quibus</strong></span> <span class='ocrx_word' id='word_1_293' title='bbox 1623 3115 1658 3170; x_wconf 89' lang='lat' dir='ltr'><strong>ab</strong></span> <span class='ocrx_word' id='word_1_294' title='bbox 1678 3131 1711 3174; x_wconf 84' lang='lat' dir='ltr'><strong>ec</strong></span> <span class='ocrx_word' id='word_1_295' title='bbox 1726 3117 1818 3189; x_wconf 65' lang='lat' dir='ltr'><strong>injun.</strong></span> 
     </span>
     <span class='ocr_line' id='line_1_31' title="bbox 164 3204 492 3277; baseline -0.021 -12"><span class='ocrx_word' id='word_1_296' title='bbox 164 3216 237 3265; x_wconf 93' lang='lat' dir='ltr'><strong>ctum</strong></span> <span class='ocrx_word' id='word_1_297' title='bbox 252 3215 303 3277; x_wconf 88' lang='lat' dir='ltr'><strong>est,</strong></span> <span class='ocrx_word' id='word_1_298' title='bbox 324 3204 492 3263; x_wconf 85' lang='lat' dir='ltr'><strong>confitemur.</strong></span> 
     </span>
     <span class='ocr_line' id='line_1_32' title="bbox 200 3297 1596 3377; baseline -0.002 -19"><span class='ocrx_word' id='word_1_299' title='bbox 200 3307 226 3358; x_wconf 81' lang='grc'><strong>3.</strong></span> <span class='ocrx_word' id='word_1_300' title='bbox 244 3302 324 3372; x_wconf 89' lang='lat' dir='ltr'><strong>Quod</strong></span> <span class='ocrx_word' id='word_1_301' title='bbox 342 3301 365 3357; x_wconf 91' lang='lat' dir='ltr'><strong>si</strong></span> <span class='ocrx_word' id='word_1_302' title='bbox 375 3316 444 3357; x_wconf 83' lang='lat' dir='ltr'><strong>nova</strong></span> <span class='ocrx_word' id='word_1_303' title='bbox 459 3297 634 3370; x_wconf 88' lang='lat' dir='ltr'><strong>responsoria</strong></span> <span class='ocrx_word' id='word_1_304' title='bbox 644 3297 797 3356; x_wconf 87' lang='lat' dir='ltr'><strong>inchoanda</strong></span> <span class='ocrx_word' id='word_1_305' title='bbox 812 3308 884 3368; x_wconf 91' lang='lat' dir='ltr'><strong>sunt,</strong></span> <span class='ocrx_word' id='word_1_306' title='bbox 901 3315 1030 3372; x_wconf 74' lang='lat' dir='ltr'><strong>magnum</strong></span> <span class='ocrx_word' id='word_1_307' title='bbox 1045 3303 1251 3376; x_wconf 91' lang='lat' dir='ltr'><strong>responsorium</strong></span> <span class='ocrx_word' id='word_1_308' title='bbox 1265 3303 1294 3359; x_wconf 94' lang='lat' dir='ltr'><strong>in</strong></span> <span class='ocrx_word' id='word_1_309' title='bbox 1306 3304 1429 3377; x_wconf 83' lang='lat' dir='ltr'><strong>vesperis</strong></span> <span class='ocrx_word' id='word_1_310' title='bbox 1444 3312 1596 3363; x_wconf 73' lang='lat' dir='ltr'><strong>cantamus,</strong></span> 
     </span>
    </p>
   </div>
   <div class='ocr_carea' id='block_1_7' title="bbox 838 3423 1131 3481">
    <p class='ocr_par' dir='ltr' id='par_1_16' title="bbox 838 3423 1131 3481">
     <span class='ocr_line' id='line_1_33' title="bbox 838 3423 1131 3481; baseline 0.007 -2"><span class='ocrx_word' id='word_1_311' title='bbox 838 3423 1131 3481; x_wconf 68' lang='lat' dir='ltr'><strong>connaturalitate</strong></span> 
     </span>
    </p>
   </div>
   <div class='ocr_carea' id='block_1_8' title="bbox 162 3520 1819 4211">
    <p class='ocr_par' dir='ltr' id='par_1_17' title="bbox 162 3520 1819 3944">
     <span class='ocr_line' id='line_1_34' title="bbox 165 3520 1818 3597; baseline -0.004 -16"><span class='ocrx_word' id='word_1_312' title='bbox 165 3532 328 3581; x_wconf 89' lang='lat' dir='ltr'><strong>statutorum</strong></span> <span class='ocrx_word' id='word_1_313' title='bbox 355 3522 481 3594; x_wconf 84' lang='lat' dir='ltr'><strong>exprimit</strong></span> <span class='ocrx_word' id='word_1_314' title='bbox 504 3528 608 3576; x_wconf 90' lang='lat' dir='ltr'><strong>tautum</strong></span> <span class='ocrx_word' id='word_1_315' title='bbox 629 3521 701 3592; x_wconf 94' lang='lat' dir='ltr'><strong>quod</strong></span> <span class='ocrx_word' id='word_1_316' title='bbox 724 3521 768 3576; x_wconf 91' lang='lat' dir='ltr'><strong>hic</strong></span> <span class='ocrx_word' id='word_1_317' title='bbox 789 3520 960 3588; x_wconf 90' lang='lat' dir='ltr'><strong>subauditur,</strong></span> <span class='ocrx_word' id='word_1_318' title='bbox 971 3523 1002 3586; x_wconf 83' lang='grc' dir='ltr'><strong>Α</strong></span> <span class='ocrx_word' id='word_1_319' title='bbox 1016 3522 1083 3595; x_wconf 89' lang='lat' dir='ltr'><strong>tiqu.</strong></span> <span class='ocrx_word' id='word_1_320' title='bbox 1100 3522 1213 3593; x_wconf 74' lang='lat' dir='ltr'><strong>Statua,</strong></span> <span class='ocrx_word' id='word_1_321' title='bbox 1229 3539 1257 3577; x_wconf 93' lang='lat' dir='ltr'><strong>n.</strong></span> <span class='ocrx_word' id='word_1_322' title='bbox 1274 3526 1318 3577; x_wconf 86' lang='grc'><strong>16.</strong></span> <span class='ocrx_word' id='word_1_323' title='bbox 1334 3522 1412 3578; x_wconf 92' lang='lat' dir='ltr'><strong>Nunc</strong></span> <span class='ocrx_word' id='word_1_324' title='bbox 1426 3522 1531 3595; x_wconf 89' lang='lat' dir='ltr'><strong>aliquas</strong></span> <span class='ocrx_word' id='word_1_325' title='bbox 1544 3527 1739 3597; x_wconf 65' lang='lat' dir='ltr'><strong>processiones</strong></span> <span class='ocrx_word' id='word_1_326' title='bbox 1749 3530 1818 3588; x_wconf 57' lang='grc' dir='ltr'><strong>ἰωῇ.</strong></span> 
     </span>
     <span class='ocr_line' id='line_1_35' title="bbox 162 3608 1817 3682; baseline 0.004 -13"><span class='ocrx_word' id='word_1_327' title='bbox 162 3614 245 3669; x_wconf 90' lang='lat' dir='ltr'><strong>sedin</strong></span> <span class='ocrx_word' id='word_1_328' title='bbox 259 3613 320 3669; x_wconf 90' lang='lat' dir='ltr'><strong>aliis</strong></span> <span class='ocrx_word' id='word_1_329' title='bbox 334 3612 403 3667; x_wconf 91' lang='lat' dir='ltr'><strong>locis</strong></span> <span class='ocrx_word' id='word_1_330' title='bbox 411 3608 643 3667; x_wconf 80' lang='lat' dir='ltr'><strong>consuetudinum</strong></span> <span class='ocrx_word' id='word_1_331' title='bbox 653 3609 685 3665; x_wconf 86' lang='lat' dir='ltr'><strong>lt.</strong></span> <span class='ocrx_word' id='word_1_332' title='bbox 698 3609 728 3665; x_wconf 92' lang='lat' dir='ltr'><strong>P.</strong></span> <span class='ocrx_word' id='word_1_333' title='bbox 744 3609 877 3681; x_wconf 74' lang='lat' dir='ltr'><strong>duigonis</strong></span> <span class='ocrx_word' id='word_1_334' title='bbox 889 3609 962 3664; x_wconf 88' lang='lat' dir='ltr'><strong>idem</strong></span> <span class='ocrx_word' id='word_1_335' title='bbox 1013 3627 1083 3676; x_wconf 88' lang='lat' dir='ltr'><strong>mus,</strong></span> <span class='ocrx_word' id='word_1_336' title='bbox 1097 3619 1154 3665; x_wconf 93' lang='lat' dir='ltr'><strong>tum</strong></span> <span class='ocrx_word' id='word_1_337' title='bbox 1169 3626 1202 3665; x_wconf 91' lang='lat' dir='ltr'><strong>ex</strong></span> <span class='ocrx_word' id='word_1_338' title='bbox 1213 3609 1370 3682; x_wconf 76' lang='lat' dir='ltr'><strong>praescripto</strong></span> <span class='ocrx_word' id='word_1_339' title='bbox 1396 3611 1536 3678; x_wconf 73' lang='lat' dir='ltr'><strong>Ecclesia,</strong></span> <span class='ocrx_word' id='word_1_340' title='bbox 1552 3621 1581 3669; x_wconf 93' lang='lat' dir='ltr'><strong>ut</strong></span> <span class='ocrx_word' id='word_1_341' title='bbox 1600 3614 1629 3670; x_wconf 93' lang='lat' dir='ltr'><strong>in</strong></span> <span class='ocrx_word' id='word_1_342' title='bbox 1643 3615 1817 3676; x_wconf 87' lang='lat' dir='ltr'><strong>solemnitate</strong></span> 
     </span>
     <span class='ocr_line' id='line_1_36' title="bbox 162 3696 1819 3773; baseline 0.004 -17"><span class='ocrx_word' id='word_1_343' title='bbox 162 3701 228 3756; x_wconf 89' lang='lat' dir='ltr'><strong>satis</strong></span> <span class='ocrx_word' id='word_1_344' title='bbox 243 3699 412 3771; x_wconf 88' lang='lat' dir='ltr'><strong>exprimitur,</strong></span> <span class='ocrx_word' id='word_1_345' title='bbox 422 3697 468 3753; x_wconf 95' lang='lat' dir='ltr'><strong>ubi</strong></span> <span class='ocrx_word' id='word_1_346' title='bbox 478 3696 631 3768; x_wconf 91' lang='lat' dir='ltr'><strong>explicatur</strong></span> <span class='ocrx_word' id='word_1_347' title='bbox 640 3696 750 3768; x_wconf 89' lang='lat' dir='ltr'><strong>quando</strong></span> <span class='ocrx_word' id='word_1_348' title='bbox 766 3697 826 3752; x_wconf 90' lang='lat' dir='ltr'><strong>ovis</strong></span> <span class='ocrx_word' id='word_1_349' title='bbox 841 3704 868 3752; x_wconf 93' lang='lat' dir='ltr'><strong>et</strong></span> <span class='ocrx_word' id='word_1_350' title='bbox 880 3710 962 3752; x_wconf 90' lang='lat' dir='ltr'><strong>caseo</strong></span> <span class='ocrx_word' id='word_1_351' title='bbox 1014 3699 1144 3770; x_wconf 86' lang='lat' dir='ltr'><strong>Corporis</strong></span> <span class='ocrx_word' id='word_1_352' title='bbox 1167 3697 1276 3763; x_wconf 87' lang='lat' dir='ltr'><strong>Christi,</strong></span> <span class='ocrx_word' id='word_1_353' title='bbox 1306 3705 1363 3753; x_wconf 91' lang='lat' dir='ltr'><strong>tum</strong></span> <span class='ocrx_word' id='word_1_354' title='bbox 1388 3698 1533 3771; x_wconf 89' lang='lat' dir='ltr'><strong>aliquando</strong></span> <span class='ocrx_word' id='word_1_355' title='bbox 1548 3716 1581 3757; x_wconf 85' lang='lat' dir='ltr'><strong>er</strong></span> <span class='ocrx_word' id='word_1_356' title='bbox 1602 3702 1766 3773; x_wconf 79' lang='lat' dir='ltr'><strong>devotione3</strong></span> <span class='ocrx_word' id='word_1_357' title='bbox 1790 3712 1819 3762; x_wconf 92' lang='lat' dir='ltr'><strong>et</strong></span> 
     </span>
     <span class='ocr_line' id='line_1_37' title="bbox 163 3784 1817 3863; baseline 0.004 -19"><span class='ocrx_word' id='word_1_358' title='bbox 163 3788 203 3844; x_wconf 89' lang='lat' dir='ltr'><strong>uti</strong></span> <span class='ocrx_word' id='word_1_359' title='bbox 217 3787 323 3843; x_wconf 90' lang='lat' dir='ltr'><strong>licitum</strong></span> <span class='ocrx_word' id='word_1_360' title='bbox 336 3792 422 3842; x_wconf 86' lang='lat' dir='ltr'><strong>esset.</strong></span> <span class='ocrx_word' id='word_1_361' title='bbox 1014 3785 1066 3842; x_wconf 92' lang='lat' dir='ltr'><strong>hoc</strong></span> <span class='ocrx_word' id='word_1_362' title='bbox 1079 3786 1169 3858; x_wconf 93' lang='lat' dir='ltr'><strong>potins</strong></span> <span class='ocrx_word' id='word_1_363' title='bbox 1183 3786 1219 3841; x_wconf 90' lang='lat' dir='ltr'><strong>ad</strong></span> <span class='ocrx_word' id='word_1_364' title='bbox 1232 3784 1339 3858; x_wconf 91' lang='lat' dir='ltr'><strong>pietatis</strong></span> <span class='ocrx_word' id='word_1_365' title='bbox 1353 3793 1530 3859; x_wconf 75' lang='lat' dir='ltr'><strong>augmentum</strong></span> <span class='ocrx_word' id='word_1_366' title='bbox 1543 3790 1671 3860; x_wconf 87' lang='lat' dir='ltr'><strong>pertinet,</strong></span> <span class='ocrx_word' id='word_1_367' title='bbox 1683 3807 1769 3863; x_wconf 84' lang='lat' dir='ltr'><strong>quam</strong></span> <span class='ocrx_word' id='word_1_368' title='bbox 1781 3794 1817 3849; x_wconf 94' lang='lat' dir='ltr'><strong>ad</strong></span> 
     </span>
     <span class='ocr_line' id='line_1_38' title="bbox 198 3869 1163 3944; baseline 0.001 -16"><span class='ocrx_word' id='word_1_369' title='bbox 198 3873 303 3930; x_wconf 83' lang='lat' dir='ltr'><strong>Eadem</strong></span> <span class='ocrx_word' id='word_1_370' title='bbox 327 3889 387 3944; x_wconf 86' lang='lat' dir='ltr'><strong>quae</strong></span> <span class='ocrx_word' id='word_1_371' title='bbox 411 3873 439 3927; x_wconf 91' lang='lat' dir='ltr'><strong>in</strong></span> <span class='ocrx_word' id='word_1_372' title='bbox 459 3874 512 3928; x_wconf 92' lang='lat' dir='ltr'><strong>hoc</strong></span> <span class='ocrx_word' id='word_1_373' title='bbox 535 3869 654 3942; x_wconf 89' lang='lat' dir='ltr'><strong>capitulo</strong></span> <span class='ocrx_word' id='word_1_374' title='bbox 680 3871 854 3927; x_wconf 89' lang='lat' dir='ltr'><strong>continentur</strong></span> <span class='ocrx_word' id='word_1_375' title='bbox 882 3872 963 3928; x_wconf 91' lang='lat' dir='ltr'><strong>etiam</strong></span> <span class='ocrx_word' id='word_1_376' title='bbox 1014 3873 1163 3930; x_wconf 87' lang='lat' dir='ltr'><strong>deiectum.</strong></span> 
     </span>
    </p>

    <p class='ocr_par' dir='ltr' id='par_1_18' title="bbox 162 3957 963 4211">
     <span class='ocr_line' id='line_1_39' title="bbox 162 3957 963 4029; baseline -0.002 -12"><span class='ocrx_word' id='word_1_377' title='bbox 162 3977 235 4018; x_wconf 89' lang='lat' dir='ltr'><strong>nunc</strong></span> <span class='ocrx_word' id='word_1_378' title='bbox 263 3961 458 4026; x_wconf 88' lang='lat' dir='ltr'><strong>observantur,</strong></span> <span class='ocrx_word' id='word_1_379' title='bbox 483 3959 539 4015; x_wconf 92' lang='lat' dir='ltr'><strong>imo</strong></span> <span class='ocrx_word' id='word_1_380' title='bbox 560 3957 682 4029; x_wconf 76' lang='lat' dir='ltr'><strong>rigidius,</strong></span> <span class='ocrx_word' id='word_1_381' title='bbox 708 3958 770 4029; x_wconf 92' lang='lat' dir='ltr'><strong>quia</strong></span> <span class='ocrx_word' id='word_1_382' title='bbox 793 3976 859 4015; x_wconf 91' lang='lat' dir='ltr'><strong>usus</strong></span> <span class='ocrx_word' id='word_1_383' title='bbox 883 3959 963 4015; x_wconf 90' lang='lat' dir='ltr'><strong>simul</strong></span> 
     </span>
     <span class='ocr_line' id='line_1_40' title="bbox 162 4045 963 4106; baseline -0.004 0"><span class='ocrx_word' id='word_1_384' title='bbox 162 4048 343 4106; x_wconf 87' lang='lat' dir='ltr'><strong>conveniendi</strong></span> <span class='ocrx_word' id='word_1_385' title='bbox 354 4048 382 4103; x_wconf 97' lang='lat' dir='ltr'><strong>in</strong></span> <span class='ocrx_word' id='word_1_386' title='bbox 391 4048 542 4105; x_wconf 88' lang='lat' dir='ltr'><strong>claustrum</strong></span> <span class='ocrx_word' id='word_1_387' title='bbox 555 4045 591 4102; x_wconf 89' lang='lat' dir='ltr'><strong>ad</strong></span> <span class='ocrx_word' id='word_1_388' title='bbox 607 4046 811 4102; x_wconf 86' lang='lat' dir='ltr'><strong>recordationes</strong></span> <span class='ocrx_word' id='word_1_389' title='bbox 822 4047 963 4104; x_wconf 89' lang='lat' dir='ltr'><strong>iaciendas</strong></span> 
     </span>
     <span class='ocr_line' id='line_1_41' title="bbox 163 4138 373 4211; baseline -0.005 -17"><span class='ocrx_word' id='word_1_390' title='bbox 163 4138 312 4211; x_wconf 81' lang='lat' dir='ltr'><strong>abrogatus</strong></span> <span class='ocrx_word' id='word_1_391' title='bbox 323 4146 373 4194; x_wconf 92' lang='lat' dir='ltr'><strong>est.</strong></span> 
     </span>
    </p>
   </div>
   <div class='ocr_carea' id='block_1_9' title="bbox 198 4242 962 4315">
    <p class='ocr_par' dir='ltr' id='par_1_19' title="bbox 198 4242 962 4315">
     <span class='ocr_line' id='line_1_42' title="bbox 198 4242 962 4315; baseline -0.005 -14"><span class='ocrx_word' id='word_1_392' title='bbox 198 4245 264 4301; x_wconf 81' lang='lat' dir='ltr'><strong>Car.</strong></span> <span class='ocrx_word' id='word_1_393' title='bbox 281 4244 314 4302; x_wconf 85' lang='lat' dir='ltr'><strong>V.</strong></span> <span class='ocrx_word' id='word_1_394' title='bbox 330 4275 365 4285; x_wconf 97' lang='lat'>-</span> <span class='ocrx_word' id='word_1_395' title='bbox 381 4242 520 4315; x_wconf 87' lang='lat' dir='ltr'><strong>Quidquid</strong></span> <span class='ocrx_word' id='word_1_396' title='bbox 534 4242 579 4299; x_wconf 90' lang='lat' dir='ltr'><strong>hic</strong></span> <span class='ocrx_word' id='word_1_397' title='bbox 591 4243 718 4312; x_wconf 90' lang='lat' dir='ltr'><strong>habetur,</strong></span> <span class='ocrx_word' id='word_1_398' title='bbox 735 4242 816 4298; x_wconf 90' lang='lat' dir='ltr'><strong>etiam</strong></span> <span class='ocrx_word' id='word_1_399' title='bbox 840 4242 868 4297; x_wconf 92' lang='lat' dir='ltr'><strong>iu</strong></span> <span class='ocrx_word' id='word_1_400' title='bbox 890 4242 962 4297; x_wconf 92' lang='lat' dir='ltr'><strong>anti·</strong></span> 
     </span>
    </p>
   </div>
   <div class='ocr_carea' id='block_1_10' title="bbox 1013 3993 1816 4265">
    <p class='ocr_par' dir='ltr' id='par_1_20' title="bbox 1013 3993 1816 4265">
     <span class='ocr_line' id='line_1_43' title="bbox 1050 3993 1815 4093; baseline 0.013 -23"><span class='ocrx_word' id='word_1_401' title='bbox 1050 4015 1115 4071; x_wconf 66' lang='lat' dir='ltr'><strong>cap.</strong></span> <span class='ocrx_word' id='word_1_402' title='bbox 1133 4016 1191 4072; x_wconf 85' lang='lat' dir='ltr'><strong>vu.</strong></span> <span class='ocrx_word' id='word_1_403' title='bbox 1207 4047 1242 4057; x_wconf 95' lang='lat'>-</span> <span class='ocrx_word' id='word_1_404' title='bbox 1254 4016 1335 4072; x_wconf 82' lang='lat' dir='ltr'><strong>uum.</strong></span> <span class='ocrx_word' id='word_1_405' title='bbox 1354 4020 1379 4071; x_wconf 90' lang='lat' dir='ltr'><strong>t.</strong></span> <span class='ocrx_word' id='word_1_406' title='bbox 1397 4016 1481 4073; x_wconf 74' lang='lat' dir='ltr'><strong>emat</strong></span> <span class='ocrx_word' id='word_1_407' title='bbox 1495 3993 1815 4093; x_wconf 73' lang='lat' dir='ltr'><strong>mutaupostaonam,</strong></span> 
     </span>
     <span class='ocr_line' id='line_1_44' title="bbox 1014 4103 1816 4176; baseline 0.01 -17"><span class='ocrx_word' id='word_1_408' title='bbox 1014 4112 1066 4160; x_wconf 89' lang='lat' dir='ltr'><strong>cto.</strong></span> <span class='ocrx_word' id='word_1_409' title='bbox 1084 4105 1116 4159; x_wconf 89' lang='lat' dir='ltr'><strong>ln</strong></span> <span class='ocrx_word' id='word_1_410' title='bbox 1129 4104 1240 4160; x_wconf 90' lang='lat' dir='ltr'><strong>Statntis</strong></span> <span class='ocrx_word' id='word_1_411' title='bbox 1255 4103 1382 4176; x_wconf 88' lang='lat' dir='ltr'><strong>antiquis,</strong></span> <span class='ocrx_word' id='word_1_412' title='bbox 1399 4119 1459 4176; x_wconf 87' lang='lat' dir='ltr'><strong>cap.</strong></span> <span class='ocrx_word' id='word_1_413' title='bbox 1478 4107 1522 4174; x_wconf 81' lang='grc'><strong>35,</strong></span> <span class='ocrx_word' id='word_1_414' title='bbox 1535 4105 1574 4162; x_wconf 92' lang='lat' dir='ltr'><strong>sic</strong></span> <span class='ocrx_word' id='word_1_415' title='bbox 1592 4105 1715 4176; x_wconf 76' lang='lat' dir='ltr'><strong>legitur:</strong></span> <span class='ocrx_word' id='word_1_416' title='bbox 1732 4109 1816 4166; x_wconf 73' lang='lat' dir='ltr'><strong>Omni</strong></span> 
     </span>
     <span class='ocr_line' id='line_1_45' title="bbox 1013 4191 1815 4265; baseline 0.007 -18"><span class='ocrx_word' id='word_1_417' title='bbox 1013 4192 1125 4249; x_wconf 82' lang='lat' dir='ltr'><strong>sabbato</strong></span> <span class='ocrx_word' id='word_1_418' title='bbox 1139 4196 1168 4249; x_wconf 87' lang='lat' dir='ltr'><strong>et</strong></span> <span class='ocrx_word' id='word_1_419' title='bbox 1183 4194 1214 4248; x_wconf 82' lang='lat' dir='ltr'><strong>in</strong></span> <span class='ocrx_word' id='word_1_420' title='bbox 1224 4193 1328 4265; x_wconf 77' lang='lat' dir='ltr'><strong>cipiliis</strong></span> <span class='ocrx_word' id='word_1_421' title='bbox 1342 4194 1482 4263; x_wconf 70' lang='lat' dir='ltr'><strong>(catorum</strong></span> <span class='ocrx_word' id='word_1_422' title='bbox 1496 4191 1641 4250; x_wconf 85' lang='lat' dir='ltr'><strong>duodecim</strong></span> <span class='ocrx_word' id='word_1_423' title='bbox 1657 4195 1815 4253; x_wconf 73' lang='lat' dir='ltr'><strong>lecticorum</strong></span> 
     </span>
    </p>
   </div>
   <div class='ocr_carea' id='block_1_11' title="bbox 163 4280 1816 4440">
    <p class='ocr_par' dir='ltr' id='par_1_21' title="bbox 163 4280 1816 4440">
     <span class='ocr_line' id='line_1_46' title="bbox 163 4280 1816 4440; baseline -0.018 -53"><span class='ocrx_word' id='word_1_424' title='bbox 163 4332 223 4404; x_wconf 90' lang='lat' dir='ltr'><strong>quis</strong></span> <span class='ocrx_word' id='word_1_425' title='bbox 239 4332 348 4387; x_wconf 83' lang='lat' dir='ltr'><strong>statutis</strong></span> <span class='ocrx_word' id='word_1_426' title='bbox 360 4332 505 4403; x_wconf 85' lang='lat' dir='ltr'><strong>reperitur,</strong></span> <span class='ocrx_word' id='word_1_427' title='bbox 521 4347 581 4403; x_wconf 90' lang='lat' dir='ltr'><strong>cap.</strong></span> <span class='ocrx_word' id='word_1_428' title='bbox 597 4336 648 4398; x_wconf 69' lang='lat' dir='ltr'><strong>hl,</strong></span> <span class='ocrx_word' id='word_1_429' title='bbox 657 4332 743 4403; x_wconf 91' lang='lat' dir='ltr'><strong>prim.</strong></span> <span class='ocrx_word' id='word_1_430' title='bbox 771 4339 854 4403; x_wconf 80' lang='lat' dir='ltr'><strong>part,</strong></span> <span class='ocrx_word' id='word_1_431' title='bbox 869 4346 917 4386; x_wconf 91' lang='lat' dir='ltr'><strong>nn.</strong></span> <span class='ocrx_word' id='word_1_432' title='bbox 935 4333 960 4396; x_wconf 94' lang='grc'><strong>1,</strong></span> <span class='ocrx_word' id='word_1_433' title='bbox 1013 4284 1087 4423; x_wconf 52' lang='lat' dir='ltr'><strong>m</strong></span> <span class='ocrx_word' id='word_1_434' title='bbox 1098 4281 1449 4440; x_wconf 48' lang='grc' dir='ltr'><strong>ἕψέωῦξιῖζῗῦξῖηζηὲ·</strong></span> <span class='ocrx_word' id='word_1_435' title='bbox 1472 4280 1816 4428; x_wconf 45' lang='grc' dir='ltr'><strong>ἕζὲἀῗίῗῐὲθθέἷὴᾜ</strong></span> 
     </span>
    </p>
   </div>
   <div class='ocr_carea' id='block_1_12' title="bbox 162 4420 1814 5092">
    <p class='ocr_par' dir='ltr' id='par_1_22' title="bbox 162 4420 961 4578">
     <span class='ocr_line' id='line_1_47' title="bbox 162 4420 961 4492; baseline -0.006 -14"><span class='ocrx_word' id='word_1_436' title='bbox 162 4423 190 4486; x_wconf 72' lang='lat'><strong>2,</strong></span> <span class='ocrx_word' id='word_1_437' title='bbox 207 4423 222 4474; x_wconf 81' lang='grc'>3</span> <span class='ocrx_word' id='word_1_438' title='bbox 240 4427 266 4475; x_wconf 91' lang='lat' dir='ltr'><strong>et</strong></span> <span class='ocrx_word' id='word_1_439' title='bbox 280 4420 307 4475; x_wconf 84' lang='lat' dir='ltr'><strong>l.</strong></span> <span class='ocrx_word' id='word_1_440' title='bbox 322 4422 444 4492; x_wconf 91' lang='lat' dir='ltr'><strong>Itemque</strong></span> <span class='ocrx_word' id='word_1_441' title='bbox 465 4436 525 4491; x_wconf 92' lang='lat' dir='ltr'><strong>cap.</strong></span> <span class='ocrx_word' id='word_1_442' title='bbox 549 4424 634 4488; x_wconf 63' lang='lat' dir='ltr'><strong>ibn.</strong></span> <span class='ocrx_word' id='word_1_443' title='bbox 657 4425 693 4487; x_wconf 84' lang='lat' dir='ltr'><strong>l;</strong></span> <span class='ocrx_word' id='word_1_444' title='bbox 714 4434 775 4491; x_wconf 90' lang='lat' dir='ltr'><strong>cap.</strong></span> <span class='ocrx_word' id='word_1_445' title='bbox 795 4423 841 4486; x_wconf 80' lang='lat' dir='ltr'><strong>at,</strong></span> <span class='ocrx_word' id='word_1_446' title='bbox 863 4434 891 4475; x_wconf 91' lang='lat' dir='ltr'><strong>n.</strong></span> <span class='ocrx_word' id='word_1_447' title='bbox 909 4421 961 4483; x_wconf 82' lang='lat' dir='ltr'><strong>ta;</strong></span> 
     </span>
     <span class='ocr_line' id='line_1_48' title="bbox 163 4508 827 4578; baseline -0.005 -15"><span class='ocrx_word' id='word_1_448' title='bbox 163 4520 224 4578; x_wconf 92' lang='lat' dir='ltr'><strong>cap.</strong></span> <span class='ocrx_word' id='word_1_449' title='bbox 242 4510 286 4574; x_wconf 82' lang='lat'><strong>30,</strong></span> <span class='ocrx_word' id='word_1_450' title='bbox 302 4523 330 4562; x_wconf 95' lang='lat' dir='ltr'><strong>n.</strong></span> <span class='ocrx_word' id='word_1_451' title='bbox 352 4512 382 4574; x_wconf 89' lang='lat' dir='ltr'><strong>t;</strong></span> <span class='ocrx_word' id='word_1_452' title='bbox 400 4522 461 4578; x_wconf 94' lang='lat' dir='ltr'><strong>cap.</strong></span> <span class='ocrx_word' id='word_1_453' title='bbox 478 4511 504 4576; x_wconf 79' lang='grc' dir='ltr'><strong>ὅ,</strong></span> <span class='ocrx_word' id='word_1_454' title='bbox 520 4524 547 4562; x_wconf 94' lang='lat' dir='ltr'><strong>n.</strong></span> <span class='ocrx_word' id='word_1_455' title='bbox 565 4510 697 4578; x_wconf 71' lang='lat' dir='ltr'><strong>lh;cap.</strong></span> <span class='ocrx_word' id='word_1_456' title='bbox 713 4509 739 4573; x_wconf 84' lang='grc'><strong>1,</strong></span> <span class='ocrx_word' id='word_1_457' title='bbox 756 4522 784 4560; x_wconf 93' lang='lat' dir='ltr'><strong>n.</strong></span> <span class='ocrx_word' id='word_1_458' title='bbox 801 4508 827 4561; x_wconf 83' lang='lat' dir='ltr'><strong>t.</strong></span> 
     </span>
    </p>

    <p class='ocr_par' dir='ltr' id='par_1_23' title="bbox 162 4594 1814 5092">
     <span class='ocr_line' id='line_1_49' title="bbox 198 4594 963 4666; baseline -0.003 -16"><span class='ocrx_word' id='word_1_459' title='bbox 198 4594 281 4650; x_wconf 89' lang='lat' dir='ltr'><strong>Num.</strong></span> <span class='ocrx_word' id='word_1_460' title='bbox 308 4597 335 4649; x_wconf 79' lang='lat'><strong>7.</strong></span> <span class='ocrx_word' id='word_1_461' title='bbox 361 4596 391 4651; x_wconf 79' lang='grc' dir='ltr'><strong>δι’</strong></span> <span class='ocrx_word' id='word_1_462' title='bbox 414 4596 500 4651; x_wconf 82' lang='lat' dir='ltr'><strong>semei</strong></span> <span class='ocrx_word' id='word_1_463' title='bbox 511 4594 712 4666; x_wconf 78' lang='lat' dir='ltr'><strong>prandendum</strong></span> <span class='ocrx_word' id='word_1_464' title='bbox 728 4598 780 4663; x_wconf 85' lang='lat' dir='ltr'><strong>est,</strong></span> <span class='ocrx_word' id='word_1_465' title='bbox 795 4595 843 4649; x_wconf 82' lang='lat' dir='ltr'><strong>sin</strong></span> <span class='ocrx_word' id='word_1_466' title='bbox 866 4598 963 4650; x_wconf 83' lang='lat' dir='ltr'><strong>nutem</strong></span> 
     </span>
     <span class='ocr_line' id='line_1_50' title="bbox 163 4681 963 4753; baseline -0.004 -13"><span class='ocrx_word' id='word_1_467' title='bbox 163 4684 214 4740; x_wconf 84' lang='lat' dir='ltr'><strong>bia.</strong></span> <span class='ocrx_word' id='word_1_468' title='bbox 231 4684 262 4738; x_wconf 91' lang='lat' dir='ltr'><strong>ld</strong></span> <span class='ocrx_word' id='word_1_469' title='bbox 277 4689 318 4738; x_wconf 87' lang='lat' dir='ltr'><strong>est</strong></span> <span class='ocrx_word' id='word_1_470' title='bbox 333 4682 356 4738; x_wconf 85' lang='lat' dir='ltr'><strong>si</strong></span> <span class='ocrx_word' id='word_1_471' title='bbox 371 4682 406 4737; x_wconf 90' lang='lat' dir='ltr'><strong>sit</strong></span> <span class='ocrx_word' id='word_1_472' title='bbox 420 4681 478 4738; x_wconf 90' lang='lat' dir='ltr'><strong>dies</strong></span> <span class='ocrx_word' id='word_1_473' title='bbox 493 4699 545 4753; x_wconf 91' lang='lat' dir='ltr'><strong>qua</strong></span> <span class='ocrx_word' id='word_1_474' title='bbox 570 4683 612 4736; x_wconf 90' lang='lat' dir='ltr'><strong>bis</strong></span> <span class='ocrx_word' id='word_1_475' title='bbox 636 4681 806 4747; x_wconf 89' lang='lat' dir='ltr'><strong>comedatur,</strong></span> <span class='ocrx_word' id='word_1_476' title='bbox 832 4687 859 4736; x_wconf 88' lang='lat' dir='ltr'><strong>et</strong></span> <span class='ocrx_word' id='word_1_477' title='bbox 883 4696 963 4737; x_wconf 85' lang='lat' dir='ltr'><strong>coena</strong></span> 
     </span>
     <span class='ocr_line' id='line_1_51' title="bbox 163 4756 1812 4842; baseline -0.001 -15"><span class='ocrx_word' id='word_1_478' title='bbox 163 4771 232 4827; x_wconf 85' lang='lat' dir='ltr'><strong>siout</strong></span> <span class='ocrx_word' id='word_1_479' title='bbox 255 4779 282 4827; x_wconf 90' lang='lat' dir='ltr'><strong>et</strong></span> <span class='ocrx_word' id='word_1_480' title='bbox 304 4769 450 4842; x_wconf 91' lang='lat' dir='ltr'><strong>prandium</strong></span> <span class='ocrx_word' id='word_1_481' title='bbox 470 4769 659 4836; x_wconf 89' lang='lat' dir='ltr'><strong>ministretur,</strong></span> <span class='ocrx_word' id='word_1_482' title='bbox 681 4769 775 4840; x_wconf 91' lang='lat' dir='ltr'><strong>sicque</strong></span> <span class='ocrx_word' id='word_1_483' title='bbox 798 4768 864 4824; x_wconf 89' lang='lat' dir='ltr'><strong>bina</strong></span> <span class='ocrx_word' id='word_1_484' title='bbox 889 4768 962 4825; x_wconf 82' lang='lat' dir='ltr'><strong>reie—</strong></span> <span class='ocrx_word' id='word_1_485' title='bbox 1048 4756 1128 4811; x_wconf 73' lang='lat' dir='ltr'><strong>Num·</strong></span> <span class='ocrx_word' id='word_1_486' title='bbox 1145 4759 1171 4812; x_wconf 71' lang='lat'><strong>²·</strong></span> <span class='ocrx_word' id='word_1_487' title='bbox 1189 4758 1224 4812; x_wconf 61' lang='lat' dir='ltr'><strong>El</strong></span> <span class='ocrx_word' id='word_1_488' title='bbox 1239 4758 1307 4829; x_wconf 54' lang='lat' dir='ltr'><strong>ium</strong></span> <span class='ocrx_word' id='word_1_489' title='bbox 1324 4757 1566 4814; x_wconf 61' lang='lat' dir='ltr'><strong>&#39;Olahssbdmadst</strong></span> <span class='ocrx_word' id='word_1_490' title='bbox 1579 4759 1612 4814; x_wconf 80' lang='lat' dir='ltr'><strong>in</strong></span> <span class='ocrx_word' id='word_1_491' title='bbox 1626 4759 1708 4815; x_wconf 63' lang='lat' dir='ltr'><strong>001!ss</strong></span> <span class='ocrx_word' id='word_1_492' title='bbox 1722 4760 1812 4817; x_wconf 61' lang='lat' dir='ltr'><strong>⁸2⁹1ssst-</strong></span> 
     </span>
     <span class='ocr_line' id='line_1_52' title="bbox 162 4844 1814 4930; baseline -0.002 -15"><span class='ocrx_word' id='word_1_493' title='bbox 162 4859 216 4916; x_wconf 90' lang='lat' dir='ltr'><strong>ctio</strong></span> <span class='ocrx_word' id='word_1_494' title='bbox 239 4857 483 4927; x_wconf 59' lang='lat' dir='ltr'><strong>habeatem-unde</strong></span> <span class='ocrx_word' id='word_1_495' title='bbox 507 4858 535 4912; x_wconf 96' lang='lat' dir='ltr'><strong>in</strong></span> <span class='ocrx_word' id='word_1_496' title='bbox 560 4858 658 4913; x_wconf 89' lang='lat' dir='ltr'><strong>ordine</strong></span> <span class='ocrx_word' id='word_1_497' title='bbox 687 4873 753 4912; x_wconf 89' lang='lat' dir='ltr'><strong>usus</strong></span> <span class='ocrx_word' id='word_1_498' title='bbox 780 4857 903 4925; x_wconf 86' lang='lat' dir='ltr'><strong>invaluit,</strong></span> <span class='ocrx_word' id='word_1_499' title='bbox 934 4845 1097 4930; x_wconf 69' lang='lat' dir='ltr'><strong>utht&#39;nm,</strong></span> <span class='ocrx_word' id='word_1_500' title='bbox 1114 4852 1166 4901; x_wconf 73' lang='lat'><strong>0¹⁰·</strong></span> <span class='ocrx_word' id='word_1_501' title='bbox 1183 4844 1319 4911; x_wconf 61' lang='lat' dir='ltr'><strong>subaudi,</strong></span> <span class='ocrx_word' id='word_1_502' title='bbox 1335 4845 1388 4901; x_wconf 71' lang='lat' dir='ltr'><strong>nisi</strong></span> <span class='ocrx_word' id='word_1_503' title='bbox 1403 4861 1468 4901; x_wconf 70' lang='lat'><strong>⁰³⁵⁰</strong></span> <span class='ocrx_word' id='word_1_504' title='bbox 1492 4846 1641 4913; x_wconf 67' lang='lat' dir='ltr'><strong>fldvenffl&#39;ih</strong></span> <span class='ocrx_word' id='word_1_505' title='bbox 1662 4862 1718 4919; x_wconf 71' lang='grc'><strong>(1110</strong></span> <span class='ocrx_word' id='word_1_506' title='bbox 1739 4848 1814 4918; x_wconf 65' lang='lat' dir='ltr'><strong>jum</strong></span> 
     </span>
     <span class='ocr_line' id='line_1_53' title="bbox 163 4932 1813 5020; baseline -0.001 -19"><span class='ocrx_word' id='word_1_507' title='bbox 163 4946 222 5002; x_wconf 90' lang='lat' dir='ltr'><strong>dies</strong></span> <span class='ocrx_word' id='word_1_508' title='bbox 252 4949 351 5020; x_wconf 90' lang='lat' dir='ltr'><strong>quibus</strong></span> <span class='ocrx_word' id='word_1_509' title='bbox 377 4962 432 5003; x_wconf 90' lang='lat' dir='ltr'><strong>non</strong></span> <span class='ocrx_word' id='word_1_510' title='bbox 453 4947 613 5017; x_wconf 87' lang='lat' dir='ltr'><strong>jejunatur,</strong></span> <span class='ocrx_word' id='word_1_511' title='bbox 642 4946 701 5003; x_wconf 88' lang='lat' dir='ltr'><strong>dies</strong></span> <span class='ocrx_word' id='word_1_512' title='bbox 716 4945 788 5003; x_wconf 84' lang='lat' dir='ltr'><strong>binae</strong></span> <span class='ocrx_word' id='word_1_513' title='bbox 806 4945 961 5002; x_wconf 87' lang='lat' dir='ltr'><strong>reiectionis</strong></span> <span class='ocrx_word' id='word_1_514' title='bbox 1012 4933 1136 5002; x_wconf 64' lang='lat' dir='ltr'><strong>eiusdem</strong></span> <span class='ocrx_word' id='word_1_515' title='bbox 1150 4933 1283 4988; x_wconf 62' lang='lat' dir='ltr'><strong>Matris</strong></span> <span class='ocrx_word' id='word_1_516' title='bbox 1298 4932 1660 5006; x_wconf 63' lang='lat' dir='ltr'><strong>G11180¹11⁸C0n⁸1101⁰di110⁸</strong></span> <span class='ocrx_word' id='word_1_517' title='bbox 1676 4933 1813 4994; x_wconf 54' lang='lat' dir='ltr'><strong>&amp;lentium</strong></span> 
     </span>
     <span class='ocr_line' id='line_1_54' title="bbox 163 5019 1814 5092; baseline -0.002 -11"><span class='ocrx_word' id='word_1_518' title='bbox 163 5043 305 5091; x_wconf 73' lang='lat' dir='ltr'><strong>vocentur,</strong></span> <span class='ocrx_word' id='word_1_519' title='bbox 1011 5019 1101 5092; x_wconf 79' lang='lat' dir='ltr'><strong>frangi</strong></span> <span class='ocrx_word' id='word_1_520' title='bbox 1115 5019 1290 5091; x_wconf 86' lang='lat' dir='ltr'><strong>permittitur,</strong></span> <span class='ocrx_word' id='word_1_521' title='bbox 1311 5029 1340 5076; x_wconf 90' lang='lat' dir='ltr'><strong>ut</strong></span> <span class='ocrx_word' id='word_1_522' title='bbox 1354 5021 1423 5077; x_wconf 88' lang='lat' dir='ltr'><strong>inira</strong></span> <span class='ocrx_word' id='word_1_523' title='bbox 1442 5021 1588 5079; x_wconf 92' lang='lat' dir='ltr'><strong>notabitur.</strong></span> <span class='ocrx_word' id='word_1_524' title='bbox 1605 5021 1682 5078; x_wconf 87' lang='lat' dir='ltr'><strong>idem</strong></span> <span class='ocrx_word' id='word_1_525' title='bbox 1695 5021 1814 5080; x_wconf 87' lang='lat' dir='ltr'><strong>relertur</strong></span> 
     </span>
    </p>
   </div>
   <div class='ocr_carea' id='block_1_13' title="bbox 163 5107 1813 5548">
    <p class='ocr_par' dir='ltr' id='par_1_24' title="bbox 163 5107 1813 5548">
     <span class='ocr_line' id='line_1_55' title="bbox 198 5107 1472 5195; baseline 0.002 -18"><span class='ocrx_word' id='word_1_526' title='bbox 198 5122 281 5178; x_wconf 90' lang='lat' dir='ltr'><strong>Num.</strong></span> <span class='ocrx_word' id='word_1_527' title='bbox 297 5127 323 5177; x_wconf 87' lang='lat'><strong>8.</strong></span> <span class='ocrx_word' id='word_1_528' title='bbox 340 5124 475 5180; x_wconf 81' lang='lat' dir='ltr'><strong>Dominus</strong></span> <span class='ocrx_word' id='word_1_529' title='bbox 496 5124 634 5195; x_wconf 77' lang='lat' dir='ltr'><strong>aequavit,</strong></span> <span class='ocrx_word' id='word_1_530' title='bbox 652 5129 716 5193; x_wconf 85' lang='lat' dir='ltr'><strong>etc,</strong></span> <span class='ocrx_word' id='word_1_531' title='bbox 741 5124 778 5179; x_wconf 85' lang='lat' dir='ltr'><strong>acl</strong></span> <span class='ocrx_word' id='word_1_532' title='bbox 798 5125 961 5179; x_wconf 81' lang='lat' dir='ltr'><strong>matutinas</strong></span> <span class='ocrx_word' id='word_1_533' title='bbox 1011 5122 1075 5179; x_wconf 92' lang='lat' dir='ltr'><strong>cap.</strong></span> <span class='ocrx_word' id='word_1_534' title='bbox 1096 5111 1139 5173; x_wconf 62' lang='grc' dir='ltr'><strong>Η,</strong></span> <span class='ocrx_word' id='word_1_535' title='bbox 1155 5123 1175 5162; x_wconf 89' lang='lat'><strong>1¹</strong></span> <span class='ocrx_word' id='word_1_536' title='bbox 1188 5115 1258 5179; x_wconf 60' lang='lat' dir='ltr'><strong>Pflli·</strong></span> <span class='ocrx_word' id='word_1_537' title='bbox 1274 5107 1357 5180; x_wconf 65' lang='grc' dir='ltr'><strong>1111ῑί(1·</strong></span> <span class='ocrx_word' id='word_1_538' title='bbox 1376 5108 1472 5165; x_wconf 52' lang='lat' dir='ltr'><strong>staffil-</strong></span> 
     </span>
     <span class='ocr_line' id='line_1_56' title="bbox 165 5209 1813 5286; baseline 0.004 -20"><span class='ocrx_word' id='word_1_539' title='bbox 165 5210 272 5267; x_wconf 80' lang='lat' dir='ltr'><strong>laudes.</strong></span> <span class='ocrx_word' id='word_1_540' title='bbox 288 5210 338 5266; x_wconf 87' lang='lat' dir='ltr'><strong>llic</strong></span> <span class='ocrx_word' id='word_1_541' title='bbox 352 5210 429 5267; x_wconf 90' lang='lat' dir='ltr'><strong>locus</strong></span> <span class='ocrx_word' id='word_1_542' title='bbox 443 5211 546 5268; x_wconf 88' lang='lat' dir='ltr'><strong>iudicat</strong></span> <span class='ocrx_word' id='word_1_543' title='bbox 561 5211 637 5266; x_wconf 93' lang='lat' dir='ltr'><strong>illum</strong></span> <span class='ocrx_word' id='word_1_544' title='bbox 652 5210 727 5283; x_wconf 89' lang='lat' dir='ltr'><strong>loqui</strong></span> <span class='ocrx_word' id='word_1_545' title='bbox 739 5211 774 5266; x_wconf 92' lang='lat' dir='ltr'><strong>de</strong></span> <span class='ocrx_word' id='word_1_546' title='bbox 789 5210 855 5266; x_wconf 90' lang='lat' dir='ltr'><strong>solis</strong></span> <span class='ocrx_word' id='word_1_547' title='bbox 870 5209 961 5265; x_wconf 89' lang='lat' dir='ltr'><strong>laudi·</strong></span> <span class='ocrx_word' id='word_1_548' title='bbox 1049 5213 1117 5268; x_wconf 91' lang='lat' dir='ltr'><strong>lbid.</strong></span> <span class='ocrx_word' id='word_1_549' title='bbox 1134 5215 1229 5269; x_wconf 72' lang='lat' dir='ltr'><strong>Priori</strong></span> <span class='ocrx_word' id='word_1_550' title='bbox 1242 5214 1286 5269; x_wconf 86' lang='lat' dir='ltr'><strong>vel</strong></span> <span class='ocrx_word' id='word_1_551' title='bbox 1296 5214 1396 5286; x_wconf 82' lang='lat' dir='ltr'><strong>quibus</strong></span> <span class='ocrx_word' id='word_1_552' title='bbox 1410 5214 1444 5271; x_wconf 85' lang='lat' dir='ltr'><strong>ab</strong></span> <span class='ocrx_word' id='word_1_553' title='bbox 1459 5230 1490 5272; x_wconf 85' lang='lat' dir='ltr'><strong>eo</strong></span> <span class='ocrx_word' id='word_1_554' title='bbox 1504 5215 1670 5286; x_wconf 81' lang='lat' dir='ltr'><strong>injunctam</strong></span> <span class='ocrx_word' id='word_1_555' title='bbox 1683 5218 1738 5272; x_wconf 79' lang='lat' dir='ltr'><strong>cst.</strong></span> <span class='ocrx_word' id='word_1_556' title='bbox 1748 5213 1813 5272; x_wconf 87' lang='lat' dir='ltr'><strong>Inde</strong></span> 
     </span>
     <span class='ocr_line' id='line_1_57' title="bbox 164 5297 1813 5375; baseline 0.002 -21"><span class='ocrx_word' id='word_1_557' title='bbox 164 5297 226 5370; x_wconf 90' lang='lat' dir='ltr'><strong>bus,</strong></span> <span class='ocrx_word' id='word_1_558' title='bbox 242 5299 352 5372; x_wconf 89' lang='lat' dir='ltr'><strong>quando</strong></span> <span class='ocrx_word' id='word_1_559' title='bbox 366 5297 430 5354; x_wconf 87' lang='lat' dir='ltr'><strong>alibi</strong></span> <span class='ocrx_word' id='word_1_560' title='bbox 443 5299 486 5355; x_wconf 91' lang='lat' dir='ltr'><strong>his</strong></span> <span class='ocrx_word' id='word_1_561' title='bbox 501 5299 593 5357; x_wconf 85' lang='lat' dir='ltr'><strong>verbis</strong></span> <span class='ocrx_word' id='word_1_562' title='bbox 607 5300 700 5367; x_wconf 89' lang='lat' dir='ltr'><strong>utitur,</strong></span> <span class='ocrx_word' id='word_1_563' title='bbox 716 5314 824 5370; x_wconf 89' lang='lat' dir='ltr'><strong>nempe,</strong></span> <span class='ocrx_word' id='word_1_564' title='bbox 841 5299 963 5355; x_wconf 83' lang='lat' dir='ltr'><strong>matuti-</strong></span> <span class='ocrx_word' id='word_1_565' title='bbox 995 5309 1087 5374; x_wconf 81' lang='lat' dir='ltr'><strong>·patet</strong></span> <span class='ocrx_word' id='word_1_566' title='bbox 1107 5302 1181 5373; x_wconf 92' lang='lat' dir='ltr'><strong>quod</strong></span> <span class='ocrx_word' id='word_1_567' title='bbox 1199 5308 1264 5358; x_wconf 90' lang='lat' dir='ltr'><strong>tnnc</strong></span> <span class='ocrx_word' id='word_1_568' title='bbox 1286 5302 1417 5374; x_wconf 88' lang='lat' dir='ltr'><strong>temporis</strong></span> <span class='ocrx_word' id='word_1_569' title='bbox 1441 5302 1642 5375; x_wconf 85' lang='lat' dir='ltr'><strong>deputabantur</strong></span> <span class='ocrx_word' id='word_1_570' title='bbox 1656 5302 1767 5374; x_wconf 86' lang='lat' dir='ltr'><strong>qnidam</strong></span> <span class='ocrx_word' id='word_1_571' title='bbox 1780 5300 1813 5358; x_wconf 89' lang='lat' dir='ltr'><strong>ad</strong></span> 
     </span>
     <span class='ocr_line' id='line_1_58' title="bbox 163 5387 1813 5461; baseline 0.002 -18"><span class='ocrx_word' id='word_1_572' title='bbox 163 5389 210 5444; x_wconf 77' lang='lat' dir='ltr'><strong>nis</strong></span> <span class='ocrx_word' id='word_1_573' title='bbox 227 5387 369 5445; x_wconf 61' lang='lat' dir='ltr'><strong>leuibus.</strong></span> <span class='ocrx_word' id='word_1_574' title='bbox 1013 5389 1201 5446; x_wconf 80' lang='lat' dir='ltr'><strong>confessiones</strong></span> <span class='ocrx_word' id='word_1_575' title='bbox 1215 5389 1383 5458; x_wconf 88' lang='lat' dir='ltr'><strong>audiendas,</strong></span> <span class='ocrx_word' id='word_1_576' title='bbox 1400 5397 1480 5461; x_wconf 92' lang='lat' dir='ltr'><strong>prout</strong></span> <span class='ocrx_word' id='word_1_577' title='bbox 1501 5406 1574 5446; x_wconf 91' lang='lat' dir='ltr'><strong>nunc</strong></span> <span class='ocrx_word' id='word_1_578' title='bbox 1596 5391 1635 5457; x_wconf 82' lang='lat' dir='ltr'><strong>tit,</strong></span> <span class='ocrx_word' id='word_1_579' title='bbox 1652 5398 1680 5447; x_wconf 84' lang='lat' dir='ltr'><strong>et</strong></span> <span class='ocrx_word' id='word_1_580' title='bbox 1699 5390 1813 5448; x_wconf 85' lang='lat' dir='ltr'><strong>libertas</strong></span> 
     </span>
     <span class='ocr_line' id='line_1_59' title="bbox 198 5473 1704 5548; baseline 0 -17"><span class='ocrx_word' id='word_1_581' title='bbox 198 5475 265 5532; x_wconf 81' lang='lat' dir='ltr'><strong>Cae.</strong></span> <span class='ocrx_word' id='word_1_582' title='bbox 281 5476 327 5532; x_wconf 83' lang='lat' dir='ltr'><strong>vl.</strong></span> <span class='ocrx_word' id='word_1_583' title='bbox 344 5475 420 5534; x_wconf 86' lang='lat' dir='ltr'><strong>idem</strong></span> <span class='ocrx_word' id='word_1_584' title='bbox 442 5473 560 5534; x_wconf 86' lang='lat' dir='ltr'><strong>reiartur</strong></span> <span class='ocrx_word' id='word_1_585' title='bbox 581 5489 641 5548; x_wconf 89' lang='lat' dir='ltr'><strong>cap.</strong></span> <span class='ocrx_word' id='word_1_586' title='bbox 666 5477 679 5530; x_wconf 90' lang='grc'><strong>1</strong></span> <span class='ocrx_word' id='word_1_587' title='bbox 706 5475 786 5547; x_wconf 87' lang='lat' dir='ltr'><strong>prim.</strong></span> <span class='ocrx_word' id='word_1_588' title='bbox 812 5482 885 5547; x_wconf 86' lang='lat' dir='ltr'><strong>part.</strong></span> <span class='ocrx_word' id='word_1_589' title='bbox 910 5488 962 5530; x_wconf 88' lang='lat' dir='ltr'><strong>an·</strong></span> <span class='ocrx_word' id='word_1_590' title='bbox 1014 5473 1346 5547; x_wconf 87' lang='lat' dir='ltr'><strong>dabaturpoenitentihus,</strong></span> <span class='ocrx_word' id='word_1_591' title='bbox 1364 5490 1445 5547; x_wconf 89' lang='lat' dir='ltr'><strong>quem</strong></span> <span class='ocrx_word' id='word_1_592' title='bbox 1459 5473 1560 5533; x_wconf 78' lang='lat' dir='ltr'><strong>vellent</strong></span> <span class='ocrx_word' id='word_1_593' title='bbox 1573 5473 1704 5548; x_wconf 69' lang='lat' dir='ltr'><strong>eligendi.</strong></span> 
     </span>
    </p>
   </div>
   <div class='ocr_carea' id='block_1_14' title="bbox 1012 4456 1815 4690">
    <p class='ocr_par' dir='ltr' id='par_1_25' title="bbox 1012 4456 1815 4690">
     <span class='ocr_line' id='line_1_60' title="bbox 1013 4456 1815 4531; baseline 0.006 -19"><span class='ocrx_word' id='word_1_594' title='bbox 1013 4464 1117 4512; x_wconf 88' lang='lat' dir='ltr'><strong>tantum</strong></span> <span class='ocrx_word' id='word_1_595' title='bbox 1132 4457 1298 4514; x_wconf 88' lang='lat' dir='ltr'><strong>mentionem</strong></span> <span class='ocrx_word' id='word_1_596' title='bbox 1312 4456 1377 4514; x_wconf 89' lang='lat' dir='ltr'><strong>iacit</strong></span> <span class='ocrx_word' id='word_1_597' title='bbox 1392 4456 1426 4512; x_wconf 91' lang='lat' dir='ltr'><strong>ad</strong></span> <span class='ocrx_word' id='word_1_598' title='bbox 1437 4456 1643 4528; x_wconf 88' lang='lat' dir='ltr'><strong>exprimendum</strong></span> <span class='ocrx_word' id='word_1_599' title='bbox 1653 4459 1728 4531; x_wconf 93' lang='lat' dir='ltr'><strong>quod</strong></span> <span class='ocrx_word' id='word_1_600' title='bbox 1738 4457 1815 4517; x_wconf 87' lang='lat' dir='ltr'><strong>lieret</strong></span> 
     </span>
     <span class='ocr_line' id='line_1_61' title="bbox 1012 4544 1815 4616; baseline 0.007 -17"><span class='ocrx_word' id='word_1_601' title='bbox 1012 4544 1040 4599; x_wconf 90' lang='lat' dir='ltr'><strong>in</strong></span> <span class='ocrx_word' id='word_1_602' title='bbox 1056 4544 1175 4600; x_wconf 86' lang='lat' dir='ltr'><strong>sabbato</strong></span> <span class='ocrx_word' id='word_1_603' title='bbox 1195 4545 1285 4616; x_wconf 93' lang='lat' dir='ltr'><strong>primo</strong></span> <span class='ocrx_word' id='word_1_604' title='bbox 1309 4544 1475 4612; x_wconf 90' lang='lat' dir='ltr'><strong>recordatio,</strong></span> <span class='ocrx_word' id='word_1_605' title='bbox 1499 4559 1532 4603; x_wconf 88' lang='lat' dir='ltr'><strong>ac</strong></span> <span class='ocrx_word' id='word_1_606' title='bbox 1552 4545 1652 4603; x_wconf 88' lang='lat' dir='ltr'><strong>deiude</strong></span> <span class='ocrx_word' id='word_1_607' title='bbox 1676 4546 1815 4605; x_wconf 77' lang='lat' dir='ltr'><strong>confessio</strong></span> 
     </span>
     <span class='ocr_line' id='line_1_62' title="bbox 1014 4632 1230 4690; baseline 0.005 -3"><span class='ocrx_word' id='word_1_608' title='bbox 1014 4632 1230 4690; x_wconf 86' lang='lat' dir='ltr'><strong>sacramentalis.</strong></span> 
     </span>
    </p>
   </div>
   <div class='ocr_carea' id='block_1_15' title="bbox 0 0 1876 5986">
    <p class='ocr_par' dir='ltr' id='par_1_26' title="bbox 0 0 1876 5986">
     <span class='ocr_line' id='line_1_63' title="bbox 0 0 1876 5986; baseline 0 0"><span class='ocrx_word' id='word_1_609' title='bbox 0 0 1876 5986; x_wconf 95' lang='lat' dir='ltr'><strong> </strong></span> 
     </span>
    </p>
   </div>
  </div>
 </body>
</html>
