3742 5986
182 184 236 240 iii
450 183 478 240 S.
495 181 672 241 BMUNONIS
691 179 1016 241 CARTMUSIANORUM
1040 181 1285 242 INSTITUTOMIS
1310 182 1387 241 OPP.
1416 184 1505 244 PARS
1519 184 1557 241 11.
1775 186 1830 243 20⁶

184 307 238 364 hoc
248 305 371 375 credere,
380 310 545 381 reputatum
555 311 598 365 est
608 306 818 364 eisufficiensnd
828 306 1018 368 habendamA
1032 322 1100 363 onus
1115 307 1194 380 legis,
1216 315 1346 381 quantum
1365 323 1417 366 nec
1430 307 1483 381 ipsi
1496 315 1589 381 patres
1604 323 1698 365 eornm
1717 314 1829 380 portare

180 397 339 467 justitiam.
356 397 389 452 Et
404 397 469 468 quia
483 396 620 452 Abraham
634 413 684 468 per
697 396 779 452 fidem
791 395 886 451 habuit
901 393 980 466 justi·
1032 403 1188 467 potnerunt.

182 483 257 553 dam,
273 501 336 557 eryo
348 485 505 557 copnoseite
522 485 595 557 qnia,
611 488 769 559 quicunque
781 491 844 539 sunt
858 500 895 541 ex
909 483 980 553 fide,
1067 485 1192 543 Probavit
1205 486 1297 555 modo,
1313 502 1364 559 per
1377 486 1515 543 Abraham
1530 494 1557 542 et
1567 485 1688 558 Moysen,
1698 484 1830 556 justitiam

182 580 209 629 et
222 589 277 630 non
292 589 325 628 ex
335 573 398 647 lege
408 572 488 643 (sient
503 589 553 629 nec
563 574 700 629 Abraham
725 580 789 629 tunc
804 574 873 643 erat)
897 573 920 629 ii
932 587 982 643 per
1031 565 1128 630 h'aberi
1142 591 1175 630 ex
1190 573 1254 643 fide,
1271 584 1297 631 et
1310 575 1531 631 benedictionem
1553 575 1625 647 (Act.
1638 590 1684 643 xv,
1703 575 1758 645 ll),
1777 575 1830 632 hoc

181 659 263 717 fidem
273 665 343 717 saint
351 661 407 731 filii
426 661 553 730 Abrabae,
570 661 597 717 id
612 669 654 717 est
665 661 740 731 justi,
757 660 820 733 qnia
835 660 981 716 imitatores
1030 670 1174 736 utmmque
1190 679 1252 719 esse
1265 679 1298 719 ex
1318 662 1371 720 tide
1385 664 1482 720 iterum
1497 663 1594 735 probat
1614 679 1666 734 per
1683 662 1827 720 Mabacuc.

180 747 244 805 iidei
264 756 326 805 sunt
343 749 469 805 abrahe.
490 751 561 805 Nom
582 749 670 805 solum
689 765 738 821 per
760 747 843 804 fidem
865 749 982 804 habetur
1030 751 1065 807 Et
1078 750 1306 808 considerandum
1320 760 1362 808 est
1376 751 1511 825 quomodo
1525 749 1607 808 fidem
1623 766 1734 822 semper
1755 767 1828 824 prae-

181 837 297 909 Spiritus
311 846 338 894 et
345 838 455 908 justitia,
473 838 522 894 sed
538 838 619 894 etiam
639 838 667 893 in
691 836 744 893 fide
759 837 872 893 habetur
893 837 980 892 bene·
1031 839 1097 895 terat
1120 840 1185 914 legi,
1200 850 1226 896 et
1239 857 1290 912 per
1304 840 1440 896 Abraham
1465 845 1512 912 qut
1526 839 1575 896 init
1596 846 1658 895 aute
1678 838 1782 911 legem,
1802 848 1829 896 et

179 926 272 992 dictio,
288 927 359 983 sicut
372 926 410 981 ibi
424 926 533 997 legitur.
559 925 583 981 0
608 927 744 982 Abraham
766 927 798 982 in
824 929 860 992 te,
887 925 915 980 id
939 932 980 980 est
1029 945 1079 999 per
1092 929 1205 1001 Moysen
1219 930 1342 1000 eJnsdem
1356 928 1426 1003 legis
1441 929 1575 994 datorem,
1591 935 1618 983 et
1626 944 1677 1000 per
1686 927 1826 992 Mabaono,

179 1014 396 1071 insimilitudine
416 1014 479 1070 fidei
495 1022 568 1082 tue,
593 1015 794 1072 benedicentur
813 1028 868 1070 non
892 1014 980 1069 solnm
1030 1018 1079 1072 sub
1092 1017 1152 1089 ipsa
1169 1017 1231 1091 lege
1247 1017 1390 1074 viventem.
1406 1018 1447 1073 Ex
1465 1016 1518 1073 tide
1532 1015 1647 1072 habetur
1657 1014 1825 1086 justificatio.

178 1103 274 1172 Judaei,
291 1103 340 1160 sed
355 1103 437 1159 etiam
450 1119 547 1160 omnes
560 1107 671 1174 εεειεε.
691 1102 746 1159 Sed
761 1110 907 1176 antequam
931 1118 981 1174 po·
1031 1105 1249 1173 Quiccntensin
1264 1107 1412 1178 tepenemo
1422 1104 1674 1178 justificaturtaon
1683 1102 1746 1160 dico
1754 1103 1828 1178 apud

179 1201 226 1250 nat
248 1193 319 1248 hanc
337 1191 545 1261 auctoritatem,
568 1189 699 1262 praedicit,
718 1191 855 1264 quomodo
878 1189 980 1246 intelli-
1030 1193 1256 1250 existimationem
1271 1193 1568 1267 hominumysedspnd
1577 1193 1675 1262 ileum,
1689 1193 1829 1254 menites·

179 1281 300 1354 gendum
314 1280 350 1335 sit
362 1279 441 1348 illud,
452 1281 484 1337 in
499 1284 535 1346 te,
547 1279 642 1336 dicens
658 1297 665 1334 :
680 1280 829 1352 Scriptura
839 1279 867 1334 in
878 1278 980 1335 Genesi
1031 1286 1093 1339 tum
1103 1286 1146 1339 est
1159 1282 1187 1338 in
1201 1283 1339 1351 Habesne,
1355 1284 1421 1356 quia
1436 1281 1474 1338 sit
1488 1281 1561 1355 quod
1575 1298 1613 1338 ee
1632 1280 1687 1352 fide
1701 1279 1731 1357 tit
1744 1282 1826 1338 homo

175 1369 337 1442 prouidens,
353 1368 381 1424 id
405 1376 447 1424 εει
469 1367 618 1424 ostendens
641 1368 729 1423 Deum
753 1366 923 1440 providisse;
940 1366 979 1424 sic
1023 1374 1131 1444 justus,
1148 1371 1233 1444 etqui
1254 1372 1343 1442 justus
1368 1378 1419 1435 εει,
1445 1371 1523 1438 uicit,
1546 1369 1574 1426 id
1599 1377 1641 1426 est
1662 1368 1827 1442 promissam

177 1457 250 1514 enim
273 1457 308 1512 ab
336 1465 448 1513 aeterno.
478 1457 552 1512 Deus
563 1455 735 1523 deliberavit,
751 1454 911 1526 providens,
937 1454 979 1509 in·
1029 1459 1248 1517 benedictionem
1262 1459 1449 1534 apprehendit,
1465 1458 1529 1515 etsi
1543 1474 1577 1515 ex
1594 1456 1648 1515 lide
1663 1458 1721 1514 sola
1736 1458 1827 1528 justus

180 1561 272 1619 qnam,
289 1545 340 1601 hoc
364 1545 440 1617 qnia,
465 1543 494 1599 id
514 1551 556 1600 est
577 1543 648 1618 quod
670 1546 743 1601 Dens
764 1545 903 1614 iustificat
924 1557 979 1598 non
1029 1547 1103 1616 vivit,
1116 1557 1180 1604 tuac
1194 1563 1250 1604 noa
1264 1565 1298 1604 ex
1312 1548 1385 1621 lege.
1401 1546 1558 1619 Opponeret
1572 1546 1618 1602 ille
1635 1563 1642 1602 ε
1659 1546 1760 1602 Verum
1767 1544 1828 1619 qui-

133 1630 136 1634 ’
178 1634 266 1690 solum
279 1632 351 1689 filios
364 1632 453 1690 carnis
467 1632 595 1701 Abrahae,
612 1632 661 1687 sed
676 1631 757 1687 etism
773 1636 881 1705 pentes,
896 1630 1014 1723 justi-B
1029 1636 1101 1706 dem,
1127 1636 1199 1709 qnod
1213 1635 1359 1708 perfidem
1380 1642 1486 1708 oportet
1500 1632 1643 1706 justificari
1666 1634 1826 1704 hominem

178 1722 251 1791 licat,
267 1721 338 1791 dico,
352 1737 406 1778 non
421 1738 455 1777 ex
473 1721 547 1795 lege,
564 1720 612 1777 scd
632 1736 670 1777 eac
685 1721 753 1791 fide.
777 1720 827 1776 Mla
836 1720 976 1791 Scriptura
1029 1726 1078 1781 sed
1094 1733 1182 1781 tamen
1195 1725 1239 1781 lex
1253 1725 1362 1795 adjurat
1384 1723 1475 1792 fidem,
1506 1732 1532 1780 ει
1550 1722 1752 1796 quodammodo
1773 1738 1825 1780 ne-

178 1810 261 1884 longe
276 1819 337 1866 ante
360 1817 466 1882 tempus
491 1809 587 1882 gratiae
600 1808 801 1881 praenuntiavit,
820 1809 848 1864 id
872 1816 913 1864 est
927 1823 976 1865 os·
1025 1813 1146 1871 cessaria
1169 1821 1210 1869 est
1242 1812 1313 1870 fidei.
1340 1813 1420 1882 Quod
1443 1813 1481 1868 ita
1504 1811 1600 1869 inlert.
1616 1812 1658 1867 Ex
1681 1810 1736 1868 fide
1759 1810 1826 1868 sirit

177 1900 263 1956 tendit
277 1901 365 1955 Deum
383 1897 580 1970 praeauntissse
601 1898 728 1966 Abrahae,
754 1897 816 1970 quia
836 1897 865 1953 ia
878 1904 904 1954 te
927 1913 977 1968 per
1022 1903 1122 1972 justus,
1144 1918 1199 1958 non
1214 1918 1248 1958 ex
1261 1901 1334 1974 lege.
1350 1903 1408 1958 Lee
1422 1905 1520 1958 autem
1534 1905 1658 1969 nonest,
1676 1899 1704 1956 id
1719 1906 1826 1957 estnon

179 1988 312 2045 imitatam
335 1986 417 2045 iidem
441 1986 639 2044 benedicentur
659 2001 754 2043 omnes
775 1992 873 2058 gentes
892 1985 975 2058 (Gen.
1025 1991 1124 2062 pendet
1139 2007 1176 2048 esc
1189 1991 1252 2062 fide,
1269 2006 1320 2047 aec
1334 1989 1419 2046 ullum
1428 1990 1616 2060 adjumentum
1625 1995 1667 2044 est
1680 1985 1754 2045 fidei.
1770 1987 1825 2044 Sed

179 2091 232 2146 xix,
248 2078 286 2149 3).
1025 2078 1106 2135 vultis
1129 2081 1201 2136 scire
1223 2079 1288 2151 quid
1309 2078 1407 2134 melius
1434 2077 1541 2134 saciati
1563 2077 1631 2143 Moe,
1646 2075 1761 2145 scilicet,
1776 2079 1827 2149 qui

1024 2169 1175 2240 sceeriteu,
1190 2183 1250 2240 qnae
1260 2167 1305 2224 lex
1312 2166 1445 2239 praecipit,
1457 2167 1530 2223 vicet
1539 2167 1571 2222 in
1582 2166 1652 2234 iliis,
1663 2164 1692 2221 id
1700 2171 1742 2222 est
1750 2164 1824 2237 qnod

211 2251 367 2310 Notandum
380 2250 517 2324 estquod,
536 2265 597 2308 cum
625 2249 724 2307 debeat
743 2248 857 2321 probare
878 2249 913 2306 de
929 2249 976 2306 be·
1024 2256 1328 2324 hahetnirnittsture13
1345 2256 1394 2312 sed
1409 2255 1477 2312 nihil
1491 2255 1586 2311 merito
1600 2253 1671 2326 tegis
1689 2268 1823 2327 augmen-

176 2343 340 2411 nedictione,
352 2342 388 2397 sit
404 2356 411 2396 :
427 2339 559 2397 tussificat
583 2356 615 2397 ex
633 2339 696 2408 tide,
721 2339 878 2414 intelligens
901 2340 975 2412 quod
1024 2344 1125 2400 tahitnr
1140 2344 1174 2401 ei.
1191 2343 1261 2415 Quis
1271 2345 1375 2400 dixerat
1390 2343 1516 2415 superius
1533 2358 1540 2398 :
1557 2341 1718 2400 Maledictus
1733 2341 1823 2398 omma

174 2432 219 2489 nbi
233 2431 362 2504 precedit
372 2429 484 2500 institia,
501 2428 539 2484 ibi
554 2445 587 2485 ex
602 2429 766 2485 necessitate
785 2429 909 2501 sequitur
922 2429 974 2483 be·
1025 2432 1140 2504 quinon
1155 2431 1249 2489 lecerit
1262 2439 1402 2504 praeeepts
1424 2431 1505 2504 legis,
1521 2431 1626 2487 diceret
1646 2429 1692 2487 ille
1709 2427 1823 2500 :Quaa-

174 2521 302 2579 nedictio.
319 2519 399 2590 Quod
421 2519 466 2574 hic
486 2524 563 2574 vocat
586 2516 816 2586 benedictionem,
842 2516 916 2573 idem
929 2516 974 2572 in·
1024 2520 1171 2593 doqnidem
1180 2522 1289 2592 Moyses
1304 2520 1389 2577 sicait
1403 2519 1478 2577 Licet
1493 2519 1615 2576 simusin
1628 2519 1692 2589 lide,
1708 2533 1823 2575 necesse

173 2609 269 2682 telligit
287 2606 516 2679 promissionem,
537 2613 747 2675 testamentum,
776 2605 972 2662 hereditatem.
1023 2613 1165 2661 tamenest
1179 2614 1207 2660 ut
1220 2604 1350 2661 iaciamus
1364 2605 1465 2678 legem,
1482 2620 1517 2661 ne
1538 2602 1712 2660 maledictum
1735 2601 1824 2675 Moysi

174 2698 308 2754 Praeterea
321 2695 470 2752 videndum
484 2701 526 2749 εει
540 2694 613 2766 qnod
632 2709 687 2750 non
706 2693 859 2767 incongruo
878 2693 973 2750 ordine
1023 2693 1201 2752 incurramus.
1218 2694 1316 2751 Contra
1329 2694 1382 2750 hoc
1397 2692 1498 2749 Paulus
1515 2691 1608 2749 :Licet
1628 2692 1738 2764 Moyses
1758 2705 1821 2746 ara·

170 2801 204 2843 ex
218 2784 272 2842 lide
288 2782 364 2857 prius
382 2783 496 2838 hahetur
519 2781 646 2853 Spiritus,
670 2781 771 2837 dehine
791 2780 906 2851 justitia.
929 2780 972 2837 dd
1023 2782 1146 2839 ledixcrit
1160 2782 1234 2840 omui
1248 2799 1302 2839 non
1318 2781 1428 2838 facienti
1450 2781 1551 2855 legem,
1573 2794 1628 2836 non
1651 2787 1744 2836 tamen
1758 2778 1821 2836 ideo

172 2873 297 2930 ultimum
310 2871 474 2949 benedictio·
490 2870 555 2925 Post
578 2868 659 2925 fidem
684 2869 757 2924 enim
781 2869 871 2925 statim
892 2869 973 2924 datur
1023 2871 1184 2928 adhaereatis
1198 2870 1268 2943 legi3
1292 2872 1422 2928 Christus
1443 2869 1516 2925 euim
1525 2868 1644 2927 redemit
1658 2883 1710 2925 nos
1724 2867 1760 2924 de
1773 2866 1821 2925 illo

173 2961 298 3035 Spiritus,
316 2960 374 3015 sine
389 2975 443 3032 quo
457 2973 539 3014 nemo
553 2965 643 3029 potest
657 2957 727 3012 hene
738 2957 855 3029 operari.
866 2957 972 3015 Dehine
1021 2960 1173 3016 maledieto
1189 2960 1266 3031 lepis.
1284 2958 1361 3029 Quod
1377 2967 1404 3014 et
1418 2959 1527 3030 Moyses
1548 2973 1612 3014 cum
1632 2955 1819 3022 malediceret,

171 3066 221 3123 per
233 3050 405 3120 adinventam
420 3046 560 3118 Spiritum,
575 3052 726 3118 sequuntur
746 3061 830 3117 opera
849 3045 970 3116 justitiae.
982 3017 1007 3078 0
1020 3047 1161 3103 intellexit.
1178 3046 1303 3103 Redemit
1311 3063 1363 3104 nos
1378 3046 1502 3103 Christus
1515 3049 1612 3118 sactus
1624 3062 1675 3118 pro
1685 3045 1765 3104 nobis
1776 3059 1821 3100 re·

174 3139 237 3196 Post
251 3136 383 3208 justitiam
410 3134 533 3207 seqnitur
558 3133 733 3201 benedictio,
755 3133 866 3192 214
885 3133 972 3190 idest
1021 3135 1166 3204 dimendis,
1183 3151 1238 3191 noa
1251 3135 1340 3192 solnm
1358 3135 1530 3203 maledictus,
1553 3134 1603 3190 sed
1626 3133 1705 3190 etiam
1729 3133 1821 3190 mule·

169 3226 304 3296 justornm
330 3239 444 3297 opernm
464 3222 615 3280 retributio.
636 3222 671 3278 Et
698 3221 745 3295 qui
767 3222 907 3293 Scriptura
931 3223 971 3280 sie
1021 3224 1138 3281 dictum.
1156 3224 1186 3280 Si
1206 3224 1268 3296 quis
1289 3223 1362 3280 enim
1382 3222 1600 3295 crucifigentium
1619 3221 1759 3278 Christum
1772 3235 1819 3278 vo-

174 3315 211 3370 nit
224 3313 365 3387 perfidem
379 3311 524 3380 mediante,
538 3311 642 3381 justitia
662 3310 881 3367 benedictionem
901 3326 970 3368 con·
1020 3311 1069 3367 luit
1084 3312 1248 3368 maledicere
1263 3311 1354 3382 alicui,
1369 3310 1558 3380 maledicebat,
1574 3309 1670 3367 dicens
1686 3324 1692 3365 :
1711 3308 1758 3367 sic
1770 3307 1820 3365 tibi

174 3403 262 3475 sequi,
275 3403 365 3475 ipitur
378 3402 458 3475 tiqui
467 3405 536 3457 sunt
547 3416 584 3457 ex
593 3399 658 3470 yide,
669 3399 748 3455 idest
759 3399 805 3472 qui
816 3414 877 3456 esse
890 3415 969 3454 suum
1020 3401 1173 3473 contingat,
1192 3401 1329 3472 quomodo
1352 3399 1392 3456 illi
1412 3397 1551 3456 crucifixo.
1581 3399 1653 3454 Vere
1674 3413 1725 3470 pro
1739 3396 1820 3454 nobis

173 3490 348 3551 collocantis
367 3488 430 3556 lide,
447 3489 520 3562 qnod
548 3488 641 3561 ntique
664 3488 751 3546 David
773 3494 800 3544 et
823 3487 900 3544 multi
923 3487 970 3544 alii
1019 3487 1107 3545 iactus
1123 3488 1362 3556 estmaledictum,
1377 3489 1593 3561 conscriptum
1607 3490 1650 3544 est
1665 3485 1695 3542 in
1713 3487 1817 3542 Dente·

171 3596 234 3639 oum
248 3588 341 3637 essent
355 3578 405 3635 sub
419 3578 496 3650 lege,
513 3576 664 3633 subsistere
680 3584 771 3632 tamen
785 3575 922 3632 habebant
935 3592 969 3632 ex
1018 3577 1141 3633 ronomio
1157 3595 1164 3632 :
1182 3600 1193 3627 a
1207 3576 1302 3634 Omnis
1317 3576 1363 3649 qui
1376 3575 1478 3648 pendet
1500 3575 1529 3631 in
1543 3574 1620 3649 ligno
1642 3574 1678 3629 sit
1703 3571 1819 3630 maledi·

170 3668 234 3726 lide.
254 3669 276 3725 li
292 3669 386 3741 ntique
401 3666 448 3738 qui
474 3673 537 3721 snut
555 3681 588 3721 ex
610 3664 664 3720 fide
680 3664 882 3721 benedicentur
903 3680 969 3721 eum
1017 3673 1077 3721 ctus
1092 3667 1185 3737 (Dent.
1200 3680 1263 3733 xxx,
1278 3665 1334 3738 at).
1355 3664 1500 3721 »Christus
1514 3671 1606 3720 antem
1620 3663 1648 3718 in
1659 3662 1818 3738 lignopen-

170 3758 322 3824 Abrabcm,
337 3771 393 3810 aon
406 3753 577 3819 circumciso,
592 3751 641 3808 sed
652 3751 740 3821 fideii,
756 3751 840 3806 idest
854 3767 908 3807 non
918 3767 969 3822 per
1018 3754 1096 3822 dens,
1112 3770 1168 3810 nou
1182 3753 1274 3826 utique
1290 3769 1323 3809 ex
1337 3753 1418 3825 eulpa
1427 3753 1528 3825 proprii
1539 3751 1671 3820 criminis,
1684 3750 1738 3808 sed
1747 3749 1817 3808 ineo

168 3846 270 3919 legem,
286 3843 335 3898 sed
349 3857 399 3914 per
416 3841 508 3897 tidem.
532 3841 590 3897 Nec
612 3841 665 3896 hoc
687 3838 905 3911 praetereundum
927 3846 968 3895 est
1018 3843 1077 3899 solo
1095 3841 1265 3912 maledictus,
1289 3841 1363 3916 quod
1384 3856 1494 3914 poenam
1517 3839 1656 3897 maledicti
1677 3838 1814 3897 sustinuit.

169 3932 243 4005 quod
257 3930 396 3987 Abraham
411 3945 444 3986 ex
457 3926 510 3984 fide
522 3926 685 3999 justificatus
700 3927 735 3983 sit
749 3927 907 3999 priusquam
917 3927 968 3984 eir·
1016 3930 1125 4003 Moyses
1136 3931 1209 3986 enim
1218 3938 1395 4003 praeceperat,
1408 3938 1437 3984 ut
1451 3929 1474 3984 si
1484 3927 1545 4001 quis
1553 3944 1618 3985 rens
1626 3927 1812 3994 damnaretur,

169 4017 404 4079 cumcisnsluerit.
421 4017 493 4074 Vere
507 4032 541 4073 ex
556 4014 610 4072 lide
630 4015 720 4072 solum
743 4016 860 4072 habetur
879 4016 967 4073 bene·
1016 4018 1044 4074 ia
1059 4018 1120 4090 ipsa
1133 4018 1305 4075 damnatione
1315 4017 1368 4091 ipsi
1377 4017 1596 4075 malediceretur.
1612 4015 1664 4073 Vel
1678 4014 1815 4072 itaomnis

169 4109 273 4177 dictio;
290 4123 353 4163 nam
367 4123 401 4164 ex
412 4105 474 4180 legs
489 4119 543 4161 non
557 4104 682 4173 habetur,
708 4104 756 4161 sed
772 4104 863 4176 potius
884 4104 968 4161 male-
1016 4107 1062 4180 qni
1076 4107 1177 4179 pendet
1191 4107 1221 4164 ia
1233 4107 1308 4180 ligno
1323 4107 1358 4162 sit
1372 4106 1542 4163 maledictus.
1559 4107 1632 4162 Dens
1642 4103 1717 4160 enim
1726 4104 1814 4177 primo

167 4198 261 4257 dictio.
279 4197 442 4269 Quicunque
456 4196 534 4252 enim
554 4197 632 4265 sunt,
655 4192 739 4249 idest
766 4193 916 4250 subsistere
936 4209 966 4249 se
1016 4196 1126 4253 homine
1140 4205 1241 4264 creato,
1258 4196 1397 4252 benedixit
1411 4195 1447 4262 ei,
1465 4194 1531 4251 siin
1550 4191 1706 4251 obedientia
1719 4191 1815 4264 persti-

167 4287 282 4345 credunt
308 4283 484 4358 exoperibus
496 4283 573 4356 ιεειε,
587 4281 607 4338 ii
621 4281 916 4340 suntsnbnatedtcto.
932 4283 966 4337 Et
1015 4284 1111 4353 tisset;
1124 4285 1173 4342 sed
1194 4284 1258 4357 quia
1271 4283 1402 4356 peccavit,
1418 4282 1558 4339 maledixit
1572 4282 1612 4350 εἰς
1628 4279 1709 4350 Quod
1731 4279 1814 4337 ntale-

167 4377 221 4432 hoo
234 4374 332 4446 probat
347 4391 354 4431 :
371 4374 443 4430 Vere
453 4380 516 4429 sunt
530 4372 582 4427 snb
596 4370 756 4439 maledieto;
770 4387 839 4427 nam
849 4370 886 4426 ita
895 4370 1003 4434 scri-D
1017 4372 1107 4430 dicere
1121 4373 1189 4429 nihil
1202 4373 1275 4428 aliud
1290 4371 1339 4428 tuit
1353 4372 1407 4428 nisi
1422 4371 1540 4444 spoliare
1554 4386 1617 4428 enm
1634 4368 1670 4426 de
1683 4383 1814 4427 concam

166 4467 249 4538 ptum
263 4462 347 4520 estin
364 4459 586 4526 Deuteronomio,
610 4458 639 4515 id
657 4466 700 4516 est
718 4459 747 4514 in
760 4457 966 4515 abbreviatione
1015 4461 1231 4533 impassibilitate
1246 4469 1273 4518 et
1286 4459 1499 4518 immortalitate.
1516 4458 1641 4516 Christus
1656 4473 1734 4525 uero,
1750 4472 1813 4516 osr-

164 4551 247 4627 lagis,
263 4550 372 4624 qnando
385 4551 494 4622 Moyses
509 4549 600 4604 datam
615 4547 707 4620 legem
721 4546 842 4604 breviter
855 4545 965 4618 reospi·
1015 4565 1078 4606 nem
1107 4550 1205 4606 veteris
1221 4550 1287 4606 lidae
1304 4565 1462 4617 assumens,
1484 4547 1534 4604 tuit
1555 4546 1727 4613 maledictus,
1751 4545 1815 4618 qnia

165 4639 276 4710 tnlavit,
291 4647 318 4695 et
331 4637 457 4695 omnibus
479 4635 625 4708 preceptis
648 4634 769 4693 collectis
792 4641 887 4705 postea
904 4634 964 4690 ait:
1015 4637 1154 4710 passibilis
1167 4647 1194 4694 et
1211 4637 1344 4694 mortalis.
1366 4635 1447 4706 Quod
1460 4636 1489 4692 in
1508 4650 1542 4693 eo
1556 4634 1647 4707 palam
1666 4633 1732 4703 tuit,
1749 4633 1813 4689 duna

167 4729 263 4786 Omnis
276 4729 328 4785 itte
344 4727 393 4802 qui
413 4743 472 4784 non
489 4724 684 4799 permanserit
702 4725 734 4781 in
757 4722 887 4779 omnibus
903 4739 965 4795 quae
1013 4726 1042 4781 in
1056 4726 1131 4800 ligno
1144 4725 1290 4798 pependit;
1306 4725 1360 4797 pati
1380 4725 1454 4781 enim
1477 4740 1533 4780 non
1546 4729 1657 4796 posset,
1671 4721 1694 4778 si
1715 4721 1813 4793 impas-

162 4819 269 4891 scriptu
279 4819 348 4873 sunt
363 4817 396 4872 in
413 4814 483 4871 libro
495 4815 563 4886 lepis
578 4812 664 4884 hujus
679 4812 746 4882 (non
759 4810 820 4867 dico
834 4826 963 4882 perman·
1014 4814 1100 4870 sibilis
1114 4823 1197 4871 esset.
1213 4814 1349 4884 Objiceret
1373 4813 1419 4870 ille
1443 4812 1552 4885 gentilis
1569 4829 1576 4868 :
1592 4811 1626 4867 Et
1645 4810 1670 4866 si
1688 4809 1811 4866 Christus

165 4906 231 4961 serit
245 4906 381 4963 voluntate
396 4919 404 4958 ε
419 4901 468 4958 sed
487 4901 522 4957 ita
536 4909 565 4956 ut
581 4900 662 4957 iaciat
676 4899 768 4956 omnia
782 4899 826 4971 ea)
851 4922 862 4948 ιι
879 4898 964 4956 male-
1014 4903 1095 4960 solvit
1107 4903 1279 4960 maledictum
1293 4902 1374 4974 legis,
1386 4901 1465 4958 nobis
1480 4916 1530 4957 nos
1544 4898 1706 4956 habentibus
1720 4898 1810 4970 legem

163 4991 251 5048 dictus
265 4993 300 5049 sit
310 4994 406 5062 (Dent.
424 5005 518 5057 xxva,
532 4992 589 5059 ito).
608 5010 620 5040 ε
635 4990 669 5045 Et
678 4989 731 5046 hoc
745 4988 840 5045 dicens
854 4989 962 5060 Moyses
1012 4991 1080 5046 nihil
1094 4991 1203 5063 proluit.
1230 4992 1329 5048 Contra
1339 4992 1393 5047 hoc
1407 4990 1507 5046 Paulus
1523 5007 1529 5046 :
1549 4989 1678 5046 Christus
1688 4985 1812 5044 redemit

161 5078 235 5136 idem
246 5087 306 5136 erat
317 5094 350 5136 ac
364 5080 388 5135 si
400 5078 504 5136 diceret
521 5095 527 5133 :
543 5079 620 5134 Hanc
637 5076 728 5150 legem
742 5093 797 5132 non
817 5076 894 5132 trado
913 5090 961 5132 vo·
1012 5097 1073 5146 nos,
1090 5084 1123 5137 nt
1138 5080 1208 5137 sicut
1236 5081 1264 5135 in
1288 5079 1400 5147 iudaeis,
1424 5079 1464 5136 sic
1482 5079 1514 5135 in
1528 5077 1659 5149 pentibus
1688 5073 1808 5132 215

161 5168 214 5234 bis,
230 5167 266 5225 ad
280 5167 432 5223 habendam
446 5167 473 5222 in
488 5182 519 5222 ea
534 5164 768 5236 justificationem
786 5165 836 5222 sed
850 5165 886 5221 ad
909 5165 960 5221 de·
1010 5169 1092 5239 fieret
1102 5169 1266 5239 benedictio,
1282 5167 1311 5223 id
1320 5175 1361 5224 est
1370 5166 1549 5239 repromissio
1559 5161 1811 5221 Abrohoehabendn

159 5255 333 5330 primendam
348 5254 475 5311 duritiam
488 5262 617 5311 vestram.
632 5254 668 5309 Et
681 5253 777 5311 scitote
800 5252 960 5325 fugiendum
1010 5258 1043 5313 in
1058 5257 1168 5316 Christo
1182 5258 1263 5325 iesu,
1279 5272 1334 5312 non
1349 5271 1398 5328 per
1422 5255 1526 5329 legem.
1551 5253 1642 5310 Fieret
1659 5251 1722 5310 dieo
1743 5265 1809 5324 pro·

159 5346 237 5405 vobis
251 5360 312 5404 esse
326 5344 361 5400 ad
375 5342 497 5416 gratiam,
513 5351 541 5398 ut
561 5342 736 5400 maledictum
750 5341 821 5416 legis
845 5349 961 5399 exacuet
1010 5345 1118 5412 missio,
1133 5346 1169 5401 ita
1183 5350 1216 5402 nt
1235 5345 1409 5417 accipiamus
1434 5343 1691 5417 pollicitationes,
1715 5339 1745 5396 id
1767 5344 1810 5395 εει

39 5456 45 5468 ·
159 5435 250 5509 gratia
264 5433 372 5492 christi.
387 5433 450 5507 lpse
467 5429 548 5489 etiam
571 5431 667 5489 Petrus
687 5429 752 5489 dicit
772 5437 875 5488 mutum
896 5445 959 5488 esse
1009 5450 1067 5494 rem
1081 5434 1240 5509 frequenter
1254 5432 1415 5507 pollicitam.
