3750 5984
105 173 159 229 229
419 169 610 229 EXPOSITIO
629 170 667 228 ΙΝ
684 169 874 228 Eetstotas
892 170 1006 229 PAULI.
1021 201 1056 213 -
1088 171 1124 228 ΙΝ
1139 172 1247 228 EPIST.
1268 172 1293 227 11
1307 171 1355 228 AD
1371 170 1454 228 colt-
1707 170 1761 226 2³0

145 293 198 350 Hic
212 292 306 366 incipit
322 293 419 350 Paulus
432 294 609 367 magnificare
634 311 674 360 se,
691 300 717 350 et
731 293 950 355 ministeriumA
966 293 1126 350 «Christum
1140 295 1176 350 ad
1195 297 1281 351 Deum
1299 311 1306 350 ι
1322 309 1378 351 nou
1401 292 1473 366 quod
1498 291 1662 348 sufficientes
1676 290 1760 345 simus

110 398 192 438 suum
210 399 217 438 z
234 391 261 439 et
274 384 518 455 pseudoapostolos
540 383 726 454 multipliciter
747 383 910 455 deprimere,
965 383 1115 455 «cogitare
1136 383 1238 456 aliquid
1262 398 1278 438 a
1310 382 1407 450 nobis,
1441 381 1517 453 quasi
1538 397 1570 435 ex
1594 379 1689 445 nobis3
1715 377 1764 433 sed

109 471 177 543 quia
200 471 311 545 quidam
321 472 523 528 Corinthiorum
542 472 604 527 illos
617 471 801 544 preferebant
816 472 910 528 Paulo.
964 471 1152 529 «sufficientia
1194 480 1287 527 nostra
1329 487 1362 526 ex
1388 471 1446 526 Deo
1474 477 1515 525 est
1557 467 1602 540 qui
1630 474 1658 523 et
1699 466 1761 521 ido·

111 559 257 616 Profectus
288 576 348 615 sum
376 561 404 615 in
427 561 634 617 hfacedoniam:
659 561 697 615 ibi
730 568 820 616 autem
852 577 912 615 sum
965 576 1059 616 ancos
1082 577 1133 616 nos
1161 560 1225 616 feeit
1246 560 1385 614 ministros
1414 558 1484 615 Novi
1508 556 1682 625 Testamenti,
1706 569 1761 610 uon

111 649 275 705 constitutus
290 649 470 721 triumphator
490 649 518 705 in
542 649 660 716 Christo,
683 657 709 705 et
727 649 791 705 inde
805 651 912 721 pretias
964 649 1083 705 «littera
1114 649 1162 704 sed
1196 648 1301 720 spiritu.
1333 648 1431 703 Littera
1465 647 1538 702 enim
1558 645 1677 711 occidit,
1702 643 1761 715 spi·

108 751 165 810 ago
175 739 230 794 fleo
240 740 288 811 qai
296 754 405 810 semper
415 739 574 810 triumphat
584 754 645 805 nos,
655 738 683 793 id
693 745 735 793 cst
744 738 912 809 triumphare
964 738 1060 792 «ritus
1074 746 1164 793 autem
1179 736 1308 794 viviticat.
1339 735 1408 804 Quia
1423 736 1446 790 si
1473 733 1636 790 ministratio
1664 733 1761 788 mortis

110 840 164 880 nos
180 824 245 881 facit
257 826 289 880 in
301 824 494 893 Christotesa,
506 827 534 881 id
545 834 585 881 cst
596 842 646 897 per
661 826 796 881 Christum
806 827 911 893 Jesum,
964 825 1089 882 «litteris
1133 824 1282 882 deformata
1307 824 1336 879 in
1364 824 1499 895 lapidibus
1549 822 1597 877 fuit
1632 822 1661 877 in
1697 821 1760 894 glo-

106 911 138 966 in
155 927 212 984 quo
226 927 280 967 non
303 912 469 985 triumphant
492 913 595 983 pseudo
612 928 619 968 ε
635 922 661 968 ει
676 914 722 985 qui
736 914 810 969 Deus
824 913 912 968 mani·
964 934 975 964 ι
992 914 1042 980 ria,
1059 915 1094 969 ita
1108 923 1138 969 ut
1152 931 1206 970 non
1221 922 1333 985 possent
1352 913 1493 969 intendere
1515 911 1563 966 filii
1577 911 1659 967 lsrael
1672 911 1701 965 in
1715 909 1759 965 fa·
1822 934 1824 940 ·

109 999 196 1055 festat
210 1001 323 1057 odorem
346 1002 458 1057 notitia
481 1018 548 1068 sace,
574 1002 664 1057 idest
687 1001 824 1057 Christum
841 1016 848 1056 τ
864 1017 914 1072 per
964 1003 1062 1059 «ciem
1076 1003 1173 1075 Moysi,
1190 1011 1303 1074 propter
1312 1001 1429 1074 gloriam
1443 1001 1532 1058 vultus
1546 1001 1605 1071 ejus
1619 1015 1680 1072 quae
1699 1013 1761 1055 eva·

108 1088 191 1158 cujus
211 1089 404 1144 humanitatem
419 1089 565 1144 odoramus
590 1089 709 1145 divinam
733 1098 760 1145 et
787 1089 913 1145 indivisi·
964 1098 1100 1157 acuatur,
1120 1091 1257 1163 quomodo
1280 1106 1335 1146 non
1357 1090 1445 1162 magis
1466 1088 1626 1144 ministratio
1649 1087 1760 1159 spiritus

110 1176 198 1233 bilem
221 1178 378 1233 essentiam.
403 1178 454 1234 Vel
475 1177 631 1234 manifestat
655 1194 704 1250 per
725 1193 775 1234 nos
799 1177 913 1234 odorem
964 1179 1044 1235 uerit
1058 1180 1085 1234 in
1101 1179 1213 1252 gloria?
1226 1180 1297 1235 Nam
1311 1179 1334 1233 si
1348 1177 1510 1234 ministratio
1532 1176 1716 1232 damnationis
1732 1176 1760 1230 in

112 1281 171 1322 suae
195 1266 308 1331 notitia,
336 1267 364 1322 id
392 1274 434 1322 est
457 1267 677 1338 pradicationem
709 1274 840 1334 nostram,
864 1282 913 1338 per
964 1268 1147 1342 «gloriaest,
1163 1267 1352 1340 multomagis
1373 1267 1491 1323 abundat
1518 1265 1699 1321 ministerium
1711 1267 1759 1335 ju·

109 1369 194 1426 quam
217 1355 304 1411 virtus
335 1354 385 1410 Dei
415 1354 655 1411 manifestatoria
679 1356 754 1411 omni
775 1355 836 1412 loeo
857 1371 912 1427 quo
964 1356 1072 1412 astitiae
1087 1357 1113 1412 in
1138 1356 1238 1430 gloria.
1260 1357 1331 1411 Nam
1346 1371 1398 1412 nec
1421 1353 1599 1426 glorificatum
1615 1362 1665 1422 est,
1684 1353 1759 1425 «ruod

109 1443 306 1514 praedicamus.
328 1443 482 1499 Manifestat
504 1444 597 1516 utique
618 1459 669 1515 per
682 1460 733 1499 nos
748 1461 755 1498 ε
771 1447 839 1516 quia
861 1460 913 1500 nos
963 1465 975 1496 ι
993 1445 1089 1501 claruit
1103 1444 1132 1499 in
1146 1446 1196 1501 bac
1210 1453 1296 1515 parte,
1313 1451 1425 1515 propter
1438 1442 1617 1499 excellentem
1631 1442 1756 1513 gloriam.

109 1547 211 1587 saman
226 1532 313 1588 bonus
327 1532 394 1588 odor
405 1531 519 1599 Christi,
536 1532 564 1586 id
586 1539 627 1587 est
642 1532 665 1586 si
687 1532 746 1603 quis
768 1532 913 1602 puritatem
964 1557 975 1582 a
994 1533 1022 1589 Si
1037 1534 1109 1590 enim
1129 1534 1202 1606 quod
1217 1540 1365 1589 evacuatur
1388 1549 1439 1603 per
1461 1531 1577 1605 gloriam
1599 1538 1649 1594 est,
1675 1530 1759 1586 multo

108 1627 219 1675 actuum
235 1628 388 1675 nostrorum
403 1619 568 1686 considerat,
593 1627 683 1691 potest
704 1620 821 1676 odorare
834 1619 912 1674 boui·
926 1647 976 1711 B«
993 1622 1082 1695 magis
1097 1622 1169 1694 quod
1184 1629 1276 1677 manet
1300 1621 1328 1676 in
1351 1621 1438 1693 gloria
1453 1628 1504 1675 est.
1525 1619 1663 1675 Habentes
1675 1619 1760 1691 igitur

108 1714 193 1762 tatem
216 1707 326 1774 Christi,
352 1708 429 1777 eujus
457 1723 508 1763 nos
537 1724 629 1763 sumus
656 1708 781 1762 ministri.
811 1709 910 1775 Bonus,
965 1709 1077 1764 «talem
1091 1725 1177 1780 spem,
1195 1709 1278 1763 multa
1297 1706 1396 1762 fiducia
1419 1707 1529 1762 utimur.
1554 1707 1589 1760 Et
1610 1722 1665 1762 non
1691 1706 1761 1762 sicut

107 1795 234 1867 inquam,
250 1795 320 1851 odor
334 1811 427 1851 sumus
445 1813 452 1850 :
470 1803 497 1851 ct
511 1796 533 1850 si
557 1812 613 1851 uon
635 1795 797 1867 quibusdam
820 1796 913 1853 incre·
965 1798 1102 1869 shloyses
1127 1818 1138 1848 ι
1163 1796 1281 1867 ponebat
1305 1795 1429 1851 velamen
1453 1810 1537 1865 super
1560 1794 1658 1850 faciem
1683 1808 1760 1848 suam

112 1883 199 1951 dulis,
216 1891 308 1939 manen
322 1886 387 1954 Deo,
404 1884 450 1956 qui
471 1883 545 1939 videt
559 1883 688 1939 interiora
703 1884 794 1940 cordis
808 1884 908 1939 nostri.
964 1910 974 1934 a
994 1885 1095 1956 (fiand.
1107 1898 1208 1955 xxxiv,
1221 1885 1277 1955 33),
1296 1891 1345 1938 »ut
1355 1898 1410 1938 non
1420 1881 1590 1938 intenderent
1599 1880 1661 1936 filiis
1676 1880 1758 1936 lsrael

109 1971 213 2036 Bonus,
230 1972 349 2043 inquam,
365 1971 433 2028 odor
447 1988 541 2027 sumus
565 1980 693 2044 quantum
707 1973 743 2027 ad
759 1974 865 2040 Deum3
886 1979 913 2027 et
964 1994 976 2024 ι
993 1973 1021 2027 in
1036 1972 1132 2029 faciem
1147 1974 1216 2043 ejus,
1234 1972 1308 2044 quod
1332 1978 1485 2036 evacuatur,
1512 1969 1561 2025 sed
1584 1969 1674 2025 obtusi
1697 1976 1759 2024 sunt

110 2059 140 2114 in
155 2059 201 2114 his
214 2060 260 2131 qui
273 2059 341 2115 salvi
363 2058 429 2114 frunt
451 2076 500 2131 per
523 2061 702 2132 Evangelium
726 2068 859 2127 nostrum,
885 2067 913 2115 et
964 2078 1091 2118 «sensus
1106 2077 1211 2117 eorum.
1228 2061 1321 2131 Usque
1342 2059 1370 2114 in
1393 2058 1555 2114 hodiernum
1579 2058 1651 2113 enim
1674 2057 1757 2128 mem,

108 2149 143 2202 in
158 2147 204 2203 bis
214 2148 262 2220 qni
275 2153 407 2220 pereant,
424 2164 475 2219 per
485 2157 669 2220 contemptum
683 2149 804 2219 ejusdem
820 2150 911 2204 Euan·
963 2150 1110 2222 «idipsum
1124 2149 1248 2205 velamen
1268 2149 1296 2203 in
1325 2147 1440 2204 lectione
1464 2147 1570 2202 Veteris
1593 2145 1760 2203 Testamenti

106 2235 186 2307 gelli,
204 2243 335 2306 quantum
359 2237 393 2292 ad
416 2237 522 2305 Deum3
541 2237 570 2292 in
593 2237 712 2309 utrisque
734 2237 870 2293 salvandis
885 2245 912 2292 et
964 2261 975 2287 a
993 2247 1084 2294 manet
1104 2254 1159 2294 non
1179 2237 1340 2303 revelatum,
1367 2235 1440 2307 quod
1462 2235 1491 2290 in
1514 2235 1621 2291 Christo
1642 2250 1759 2291 evacua·

109 2324 241 2395 perituris
256 2324 344 2380 bonus
357 2325 530 2380 odorsumus
547 2325 615 2380 :sed
626 2333 755 2397 quantum
770 2325 805 2380 ad
821 2327 911 2381 homi·
964 2335 1045 2394 «tur,
1070 2326 1119 2382 sed
1142 2325 1270 2398 usquein
1295 2325 1458 2380 hodiernum
1483 2324 1556 2379 diem
1577 2339 1639 2380 cum
1659 2323 1760 2397 legitur

107 2427 170 2479 nes,
188 2412 255 2469 aliis
264 2414 480 2485 qaidamsumus
491 2414 677 2470 odormortis.
689 2414 823 2469 increduli
838 2415 911 2470 enirn
964 2417 1111 2486 «Moyses,
1127 2414 1253 2470 velamen
1276 2413 1394 2484 positum
1417 2420 1556 2482 estsuper
1578 2427 1628 2468 eor
1651 2427 1756 2468 eorum.

107 2499 254 2556 audientes
266 2516 282 2555 a
296 2500 376 2556 nobis
390 2502 472 2556 tidem
496 2502 607 2567 Christi,
632 2502 724 2559 dicunt
748 2518 778 2557 sc
792 2503 911 2558 odorare
963 2525 975 2555 ι
993 2504 1061 2559 Cum
1076 2511 1165 2558 autem
1180 2518 1331 2558 conversus
1346 2499 1426 2556 fuerit
1439 2500 1474 2554 ad
1501 2502 1597 2569 Deum,
1620 2499 1760 2555 auferetur

108 2603 167 2644 rem
182 2587 358 2644 mortiferam.
382 2588 501 2645 164
517 2590 589 2646 Odor
603 2591 713 2659 mortis,
729 2590 801 2658 dico,
817 2590 911 2646 valeus
963 2611 975 2642 ι
992 2590 1126 2646 velamen.
1146 2612 1157 2638 u
1174 2589 1307 2645 Dominus
1321 2597 1411 2644 autem
1422 2587 1533 2660 spiritus
1546 2595 1588 2644 est
1611 2589 1702 2658 (loon.
1718 2604 1757 2658 tv,

108 2677 198 2733 eisin
211 2683 342 2743 mortem,
358 2678 386 2732 id
402 2679 484 2734 estad
494 2678 707 2734 damnationem.
720 2680 791 2735 attis
802 2684 909 2745 antam,
964 2680 1048 2750 sit).
1069 2700 1080 2729 ι
1105 2678 1157 2735 Ubi
1180 2686 1270 2734 autern
1293 2677 1405 2748 spiritus
1428 2676 1546 2744 Domini,
1576 2675 1613 2731 ibi
1635 2676 1756 2733 libertas.
1803 2709 1811 2721 ·

106 2765 136 2821 id
157 2773 203 2822 est
224 2764 361 2833 fidelibus,
383 2782 477 2821 sumus
498 2767 562 2823 odor
588 2767 662 2822 citae.
687 2769 740 2823 Per
760 2767 910 2824 doctrinam
963 2769 1048 2823 nNos
1072 2783 1136 2823 vero
1159 2782 1255 2822 omues
1274 2766 1393 2822 revelata
1415 2765 1486 2821 facie
1508 2764 1626 2835 glanum
1649 2764 1758 2820 Domini

107 2853 183 2909 enim
200 2861 322 2909 nostram
337 2855 451 2910 odorant
466 2854 547 2911 vitam
574 2855 693 2924 justitiae,
718 2856 807 2911 eundo
829 2855 868 2911 sic
882 2855 911 2910 in
962 2878 974 2902 a
992 2854 1175 2926 speculantes,
1191 2854 1218 2908 in
1233 2854 1358 2910 eamdem
1370 2853 1516 2925 imaginem
1536 2852 1760 2908 transformamur

106 2941 192 2999 sitam
206 2948 347 2997 aeternam.
371 2944 444 2998 Deus
471 2959 521 3014 per
542 2958 593 2998 nos
616 2942 773 2998 manifestat
795 2943 909 2998 odorem
962 2943 1143 3000 «eeleritate
1157 2944 1186 2998 in
1210 2943 1372 3011 claritatem,
1400 2950 1557 3014 tanquama
1577 2941 1686 2998 Domini
1699 2941 1758 3012 spi·

104 3029 222 3099 justitia
241 3045 321 3086 suae:
348 3038 374 3085 et
397 3030 431 3085 ad
458 3031 516 3087 haec
538 3029 734 3086 manifestanda
757 3033 819 3104 qais
840 3031 912 3086 inter
966 3031 1086 3087 initu.»

107 3117 218 3188 pseudo
232 3125 285 3172 mm
310 3118 423 3174 idoneus
447 3119 517 3174 sicut
539 3136 591 3190 ego
615 3126 642 3174 et
663 3119 811 3190 coapostoli
833 3119 912 3175 meif

106 3205 200 3262 Nemo
215 3206 307 3279 utique
332 3211 390 3262 tam
410 3207 529 3264 Monens
543 3228 552 3264 :
567 3224 636 3263 nam
659 3224 709 3264 nos
731 3223 789 3263 non
813 3224 911 3264 sumas

107 3295 187 3350 mast
197 3295 328 3366 plurimi,
344 3294 446 3351 scilicet
459 3295 573 3366 pseudo,
584 3296 781 3352 adulterantes
798 3296 911 3351 verbam
996 3298 1030 3352 Et
1045 3295 1109 3368 quia
1122 3296 1184 3352 dico
1199 3310 1279 3351 nemo
1303 3294 1411 3351 adhaec
1439 3303 1496 3350 tam
1519 3294 1643 3364 idoneus,
1667 3295 1758 3353 dicitis

108 3383 180 3439 fici:
196 3382 351 3438 sicutenim
366 3383 472 3438 adulter
489 3399 548 3439 rem
559 3383 671 3439 alterius
680 3391 790 3454 usurpat
806 3382 909 3450 illicite,
959 3391 1106 3456 propterea
1121 3383 1194 3455 quod
1207 3383 1316 3451 iterum,
1333 3384 1403 3438 utin
1419 3382 1474 3438 alia
1492 3383 1615 3454 Epistola
1626 3383 1672 3439 ubi
1687 3385 1758 3441 dice

1281 3168 1429 3210 Expostulo
1436 3195 1443 3209 .

109 3471 153 3526 sic
166 3471 272 3541 pseudo
285 3470 464 3526 ministerium
486 3471 690 3542 praedicationis
705 3487 722 3525 a
735 3471 843 3527 nemine
858 3471 911 3526 sibi
960 3472 1022 3527 bam
1037 3472 1171 3527 Omnibus
1181 3474 1277 3527 omnia
1287 3473 1382 3542 [actas
1391 3487 1455 3527 sam
1469 3471 1494 3539 (f
1504 3471 1564 3527 Cos.
1581 3487 1621 3537 rx,
1632 3474 1678 3542 22)
1689 3480 1754 3540 eta,

108 3557 271 3628 injunctum.
287 3559 361 3614 Sicut
375 3559 457 3614 etiam
478 3558 585 3615 adulter
600 3559 718 3615 fructum
738 3558 840 3615 sobolis
855 3575 910 3615 non
959 3561 1113 3633 incipimus
1120 3559 1327 3625 commendare,
1338 3559 1366 3613 id
1376 3566 1417 3614 est
1427 3557 1603 3631 magnificare
1617 3562 1756 3616 nosmeti-

110 3647 208 3718 quaerit
229 3647 258 3701 in
277 3662 360 3719 opere
382 3646 553 3718 turpitudinis
577 3663 643 3716 suae,
669 3647 719 3703 sed
740 3648 910 3704 solummodo
958 3648 1105 3720 psas.Non
1126 3647 1243 3719 utique:
1268 3647 1317 3702 sed
1340 3646 1519 3702 ministerium
1541 3646 1592 3702 Dei
1615 3647 1644 3702 in
1666 3647 1756 3704 nobis.

109 3733 221 3805 explere
243 3734 407 3791 libidinem:
434 3734 473 3791 sic
494 3734 533 3789 illi
559 3737 664 3806 pseudo
686 3735 858 3791 solummodo
882 3745 911 3791 ut
960 3737 1016 3791 lat
1029 3736 1159 3808 nunquid
1173 3735 1368 3808 epcmassieut
1383 3735 1496 3808 paidom
1510 3734 1626 3806 (scilicet
1639 3737 1756 3808 pseudo)

107 3821 212 3877 lucrari
226 3823 331 3894 possint
354 3822 523 3894 temporalia,
548 3839 603 3878 non
626 3832 721 3879 curant
735 3824 769 3880 de
785 3824 824 3879 eis
840 3840 909 3896 quos
959 3825 1199 3880 commendatitiis
1210 3824 1335 3896 epbtotis
1346 3823 1438 3878 missis
1453 3823 1487 3878 ab
1502 3823 1563 3879 aliis
1577 3824 1613 3880 ad
1623 3840 1690 3893 oos,·
1705 3829 1757 3882 aot

107 3909 220 3980 docent,
245 3909 302 3965 sive
325 3918 447 3982 pereant,
473 3911 532 3967 sive
546 3926 600 3966 nou
624 3920 744 3982 pereant.
769 3912 841 3979 Non,
864 3912 909 3966 in·
959 3928 997 3970 aa
1010 3911 1095 3978 vobis,
1111 3912 1203 3967 missis
1217 3912 1251 3966 ad
1262 3911 1351 3967 aliosi
1364 3911 1485 3967 lllienim
1496 3912 1610 3982 pseudo,
1624 3919 1653 3968 ut
1668 3913 1757 3986 magis

108 4013 203 4069 quam,
218 3997 401 4053 adulteramus
416 3998 531 4054 verbum
553 3998 602 4053 Dei
619 4016 625 4052 :
650 4000 698 4054 sed
713 3999 850 4072 loquimur
872 4016 909 4055 ex
958 4008 1070 4071 possent
1085 4000 1196 4068 lucrari,
1212 4016 1273 4056 euru
1288 4000 1440 4055 transibant
1453 4000 1489 4056 de
1515 4001 1575 4057 loco
1600 4001 1634 4056 ad
1654 4001 1754 4069 locum,

108 4087 288 4152 sinceritate,
305 4086 331 4141 id
347 4094 389 4141 est
400 4086 549 4142 secundum
562 4101 661 4157 puram
675 4085 739 4142 fidei
753 4087 907 4143 veritatem.
958 4090 1140 4160 precabantur
1163 4096 1192 4142 ut
1213 4088 1252 4143 illi
1267 4104 1284 4143 a
1307 4088 1405 4160 quihus
1436 4088 1508 4144 irent
1533 4090 1757 4146 commendarent

106 4173 170 4229 llon
184 4173 284 4229 iterum
296 4173 483 4230 adulteramus
500 4189 506 4228 ε
523 4174 572 4229 sed
589 4176 729 4247 loquimar
741 4178 773 4232 in
787 4175 906 4240 Christo,
958 4192 1006 4233 eos
1019 4193 1070 4248 per
1084 4176 1221 4248 epistolas,
1237 4176 1290 4231 illis
1303 4175 1338 4232 ad
1352 4192 1421 4249 quos
1443 4176 1601 4232 transibant.
1628 4179 1688 4251 Ego
1703 4179 1757 4234 uti-

104 4261 132 4316 id
160 4269 204 4316 est
230 4263 380 4318 secundum
410 4261 491 4318 fidem
519 4270 546 4318 et
572 4263 767 4319 institutionem
805 4261 906 4320 Christi
958 4282 1012 4335 quc
1026 4281 1082 4321 non
1097 4280 1166 4337 egeo
1176 4264 1297 4335 epistolis
1310 4264 1514 4321 commendatiis
1530 4280 1537 4319 τ
1553 4281 1616 4321 uam
1630 4281 1677 4322 nos
1686 4267 1757 4324 catis

104 4348 245 4420 loquimur
267 4365 304 4406 aa
332 4352 398 4417 bea,
427 4350 455 4405 id
482 4359 524 4406 est
553 4351 703 4407 secundum
731 4351 804 4423 quod
832 4354 942 4418 Deusl)
957 4357 1057 4410 nostra
1073 4353 1204 4426 epistota,
1228 4352 1290 4424 quia
1307 4352 1480 4426 signaculum
1500 4353 1554 4409 mei
1577 4355 1754 4426 apostolatus,

106 4435 183 4509 loqui
205 4436 343 4505 insinuat3
372 4442 401 4494 et
424 4454 519 4495 coram
542 4440 607 4506 fleo,
624 4438 653 4494 id
675 4447 718 4496 est
731 4439 759 4494 in
774 4440 908 4512 benepla-
961 4443 1007 4514 qui
1025 4457 1075 4498 vos
1089 4441 1118 4495 in
1131 4439 1185 4496 fide
1195 4439 1295 4495 Christi
1309 4439 1431 4497 fundavi.
1442 4441 1564 4512 Epistola
1578 4442 1640 4500 dico
1649 4445 1757 4517 scripta

106 4525 161 4582 oito
189 4525 251 4582 Dei.
959 4532 992 4586 in
1001 4527 1340 4596 cordibusnostris,fidem
1350 4529 1422 4585 enim
1432 4538 1552 4586 vestram
1561 4547 1701 4604 nunquam
1711 4533 1759 4589 ob·

440 4650 552 4708 CAPUT
575 4652 611 4707 ΠΙ
959 4617 1109 4675 liviscimur
1125 4633 1131 4671 :
1145 4618 1194 4674 sed
1209 4617 1243 4673 de
1252 4617 1338 4673 salute
1347 4626 1439 4674 vestra
1449 4618 1563 4675 sollicite
1572 4621 1660 4676 Deum
1674 4635 1757 4693 roga-

615 4693 622 4707 '
959 4705 1161 4762 mus:165
1171 4708 1643 4779 quaepistatascitarabomnibaa.
1653 4708 1757 4765 Omnes

146 4811 158 4844 ε
179 4790 328 4863 lneipimus
358 4791 457 4848 iterum
480 4792 664 4863 nosmetipsos
687 4792 880 4849 commendare
894 4792 909 4848 f
960 4795 1032 4850 enim
1048 4795 1136 4850 sciunt
1148 4810 1198 4850 vos
1212 4810 1261 4866 per
1274 4811 1318 4851 me
1333 4794 1368 4850 ad
1379 4794 1461 4852 fidem
1476 4810 1635 4863 couversos,
1653 4805 1680 4853 et
1694 4813 1756 4869 quae

110 4903 122 4926 ·
139 4883 194 4936 hut
208 4880 330 4952 nunquid
353 4896 467 4954 egemus
491 4879 571 4950 (sicut
594 4880 715 4953 quidam)
730 4881 909 4937 commenda·
958 4882 1082 4954 Epistola
1097 4883 1203 4954 lapitas·
1216 4883 1250 4938 ab
1265 4884 1404 4940 omnibus.
1421 4884 1450 4939 Si
1464 4884 1525 4956 quis
1540 4884 1612 4940 enim
1626 4885 1691 4941 velit
1705 4900 1756 4942 co-

111 4989 123 5019 ι
141 4969 207 5024 titiis
219 4968 340 5040 epistolis
350 4970 385 5024 ad
399 4984 458 5036 vos,
476 4969 673 5024 autexvobist
686 4969 808 5040 Epistola
817 4978 909 5025 nostra
959 4985 1093 5042 gnoscere
1107 4971 1196 5042 qualis
1211 4971 1304 5026 simin
1319 4971 1407 5040 vobis,
1422 4988 1467 5027 me
1481 4972 1548 5046 legit
1563 4981 1590 5028 et
1604 4975 1755 5045 cognoscit.

112 5076 124 5107 ι
140 5073 191 5113 ros
206 5056 282 5124 estis,
298 5056 401 5128 scripta
420 5057 448 5111 in
470 5057 601 5114 cordibus
624 5057 732 5128 nostris,
751 5075 812 5129 quae
825 5058 909 5114 scitur
959 5058 1277 5130 Vosdicomanitestati,
1288 5063 1497 5133 qnoniamestis
1505 5062 1624 5135 epistota
1636 5062 1757 5120 Christi:

111 5153 167 5201 «et
195 5144 297 5216 legitur
322 5145 357 5199 ab
386 5145 511 5200 omuibus
540 5145 705 5215 bominibus,
734 5145 906 5214 manifestati,
959 5147 1021 5219 quia
1035 5145 1104 5202 tides
1119 5154 1211 5203 restra
1219 5156 1246 5203 et
1255 5148 1326 5203 bona
1340 5149 1393 5205 rita
1402 5149 1521 5205 ostendit
1535 5150 1664 5207 virtutem
1677 5151 1756 5207 Chri·

110 5254 121 5281 «
139 5233 270 5305 quoniam
284 5232 399 5304 epistola
413 5233 480 5289 estis
502 5232 611 5302 Christi,
636 5233 785 5290 iniuistrata
800 5250 815 5288 a
828 5235 908 5290 nobis
959 5235 1003 5290 sti.
1020 5234 1141 5306 Epistola
1156 5235 1256 5291 Christi
1278 5236 1349 5306 dico,
1369 5238 1572 5295 ministratae
1592 5241 1679 5296 nobis.
1706 5239 1757 5294 Per

111 5342 122 5368 e
137 5329 164 5376 et
179 5321 290 5393 scripta,
307 5336 363 5376 uon
385 5328 545 5389 atramento,
569 5320 619 5376 sed
647 5321 749 5393 Spiritu
777 5321 828 5377 Dei
843 5321 906 5378 vivi.
958 5324 1012 5381 hoc
1026 5323 1099 5379 enim
1114 5324 1188 5396 quod
1203 5325 1268 5380 estis
1281 5341 1344 5380 mea
1358 5325 1473 5397 epistola
1498 5327 1544 5399 qui
1557 5343 1606 5383 vos
1630 5326 1752 5394 instruxi,

110 5409 199 5468 *Non
222 5409 251 5464 in
283 5409 381 5465 tabulis
405 5409 538 5481 lapideis,
564 5409 613 5465 sed
642 5410 671 5465 in
693 5409 792 5465 tabulis
816 5409 908 5466 cordis
958 5427 1013 5486 ego
1027 5420 1117 5469 autem
1132 5412 1245 5485 epistola
1264 5413 1374 5480 Christi,
1400 5414 1505 5471 sicma
1527 5414 1664 5471 mediante
1689 5413 1755 5470 estis

112 5497 307 5555 «carnalibus.
327 5498 467 5556 Fiduciam
488 5506 578 5556 autern
600 5498 684 5556 talem
705 5499 837 5556 babemus
859 5515 909 5571 per
957 5500 1073 5573 epistola
1088 5500 1207 5558 Christi:
1223 5517 1304 5574 quem
1325 5501 1463 5559 Christum
1483 5502 1561 5560 robis
1587 5501 1755 5575 dispensavi.
