3750 5984
119 189 174 246 tou
405 190 859 252 anrostnomansronas
877 162 1049 254 raut1.-'
1072 195 1468 256 marasa1anrnass.
1717 201 1769 257 raa

120 313 154 367 ln
169 314 246 369 amai
269 316 448 385 necessitate,
472 316 500 372 id
524 325 565 373 est
587 317 701 389 penuria
717 333 723 372 :
741 326 768 375 et
791 319 819 373 in
843 319 982 382 omniAu
1003 318 1112 390 placere
1125 320 1194 387 Deo,
1206 320 1246 377 sic
1260 328 1286 377 et
1301 322 1446 378 ambuletis
1469 328 1498 377 ut
1512 321 1654 378 abundetis
1668 321 1769 394 magis.

121 402 305 457 tribafattrme
316 407 423 468 nostra,
440 420 521 476 quam
540 421 555 459 a
569 406 791 477 persecutoribus
806 408 897 478 patior
912 425 920 464 ε
936 423 940 431 ’
973 429 984 456 ι
1002 407 1081 463 Scitis
1097 407 1168 463 enirn
1187 425 1248 480 quae
1262 417 1399 480 praecepta
1423 409 1546 466 dederim
1562 409 1640 465 vobis
1652 425 1702 483 per
1714 410 1771 466 Do·

117 488 241 560 qmanec
255 489 337 545 etiam
352 490 460 547 afflictio
482 509 542 548 mea
556 500 645 564 potest
671 495 800 567 gaudium
815 504 921 566 pertur-
972 517 983 542 i
1001 495 1104 549 minum
1117 496 1221 552 lesum.
1242 498 1307 553 Haec
1321 505 1363 552 est
1389 497 1459 552 enim
1484 497 1607 552 uoluntas
1628 497 1680 552 Dei
1703 511 1769 565 sap-

119 576 187 632 bare
201 577 273 650 quod
288 578 378 635 habeo
392 578 427 635 de
440 588 532 636 vestra
554 579 690 638 firmitate.
715 582 779 639 fdeo
790 584 856 640 <dico
870 600 921 640 nos
972 604 982 629 ιι
1001 581 1128 638 ctificatio
1144 593 1237 640 vestra
1253 586 1344 654 (Rara.
1365 600 1413 653 nn,
1429 589 1466 651 23
1490 586 1589 658 Ephes.
1614 600 1651 652 vr,
1668 586 1723 654 tt),
1740 590 1769 639 ut

117 664 274 721 consolatos
290 683 297 720 ε
313 661 447 740 quoniam
456 685 535 724 auae
551 669 631 724 etiam
646 670 673 725 in
697 669 869 728 tribulatione
894 681 921 728 et
972 692 983 716 a
1000 670 1160 726 abstineatis
1174 687 1224 726 ras
1239 686 1255 726 a
1269 670 1458 740 fornicatione,
1469 680 1496 727 ul
1509 671 1770 744 sciatunusquisqua

118 753 232 823 penuria
245 755 374 824 uiuimus,
388 755 415 809 id
430 764 471 811 est
487 756 513 810 in
529 757 629 829 gaudio
644 774 694 813 nos
719 758 811 814 vivere
826 760 919 815 credi·
971 776 982 807 ι
1000 766 1121 813 vestrum
1136 773 1186 816 vas
1201 775 1280 814 suum
1303 760 1446 830 possidere
1461 759 1488 815 iu
1513 757 1727 816 sanctificatione
1741 767 1769 816 et

117 857 180 895 mus
196 855 203 894 :
217 843 242 897 si
256 857 302 898 vos
316 844 446 911 stettein
462 845 595 911 Domina,
613 846 686 917 quod
709 846 802 916 utique
825 862 919 902 verum
970 869 981 892 ι
1001 845 1112 913 honore,
1129 861 1184 901 non
1198 846 1226 900 in
1239 847 1367 917 passione
1382 847 1521 914 desiderii,
1547 847 1617 904 sicut
1631 855 1657 902 et
1671 855 1768 921 gentes

116 937 168 994 est,
184 928 247 1000 quia
261 930 348 985 statis.
365 931 433 986 fllud
448 933 473 987 ri
487 933 695 1003 approbativum
709 942 760 988 est.
970 952 982 982 ι
999 949 1060 1003 quae
1075 932 1202 1005 ignorant
1222 935 1319 989 Deum.
1336 936 1371 989 [ιι
1394 952 1428 990 ne
1448 936 1509 1007 quis
1532 935 1766 1009 supergrediatur,

155 1016 249 1072 bferito
260 1017 323 1073 ideo
333 1017 448 1074 vivimus
464 1035 470 1074 :
488 1021 549 1091 quia
560 1038 644 1094 quarn
654 1022 795 1078 actionem
806 1024 918 1093 aratia-
969 1035 1087 1090 «neque
1110 1020 1305 1077 circumveniat
1337 1021 1365 1077 in
1390 1023 1500 1095 negotio
1535 1022 1649 1079 fratrem
1677 1039 1766 1090 auum,

117 1121 185 1159 rana
202 1120 350 1176 possumus
365 1108 522 1164 retribuere
536 1110 591 1164 Deo
603 1125 655 1181 pre
674 1111 747 1168 vobis
761 1112 810 1166 :in
824 1110 877 1168 frde
891 1121 919 1171 et
969 1107 1126 1178 ¹⁴q110⁰i⁸m
1155 1108 1253 1164 Vindex
1281 1117 1323 1163 ⁶⁸²
1350 1110 1481 1165 D⁰fflissl¹⁵
1496 1110 1531 1166 de
1554 1110 1597 1165 his
1631 1110 1766 1179 Omniblffl·

117 1191 249 1247 charitate
283 1194 465 1251 manentibus.
497 1177 647 1252 ¹Possumus
670 1197 731 1254 dico
762 1214 813 1255 nos
836 1202 918 1271 positi
969 1194 1066 1250 «θίθῑιῑ
1082 1194 1259 1265 pfaedillimlffi
1273 1196 1361 1263 robis,
1378 1205 1405 1252 0²
1428 1196 1561 1253 fesfififflli
1585 1214 1688 1252 sumus·
1704 1198 1766 1254 N0n

117 1279 149 1334 ira
159 1280 238 1335 ortui
245 1281 574 1354 gaudiaquopaudcmus
583 1290 762 1356 proptcruos,
770 1287 917 1345 existentes
969 1282 1069 1339 «enim
1085 1283 1192 1339 vocavit
1214 1299 1264 1339 110⁸
1291 1286 1365 1340 Deus
1393 1285 1422 1340 iu
1445 1285 1650 1351 immunditiam,
1676 1286 1726 1341 sed
1739 1284 1768 1340 in

118 1370 189 1422 aare
204 1368 293 1424 neum
316 1374 457 1426 nostram.
480 1371 537 1437 Vel,
562 1372 714 1444 gaudemus
737 1382 800 1431 ante
829 1377 917 1433 Deum
968 1369 1250 1427 «sanetifiaauanern.
1292 1373 1384 1445 traque
1423 1373 1468 1444 qui
1495 1372 1768 1445 receperamus

117 1463 241 1510 nastrum
273 1465 385 1528 propter
407 1473 479 1514 vos:
506 1458 594 1530 placer
623 1461 694 1516 enim
717 1462 746 1515 in
769 1472 916 1534 conspectu
967 1458 1133 1514 «hominem
1148 1459 1262 1530 spernit,
1279 1459 1329 1515 sed
1344 1460 1442 1526 Deum,
1459 1459 1504 1532 qni
1518 1459 1598 1515 etiam
1615 1459 1690 1515 dedit
1704 1459 1766 1532 Spi-

115 1542 184 1608 Dei,
206 1544 279 1615 quod
303 1545 403 1600 oblitus
435 1562 503 1602 mere
531 1547 722 1616 tribulationis,
756 1554 916 1624 congaudeo
967 1546 1075 1601 iritum
1091 1562 1169 1602 suum
1194 1555 1317 1603 sanctum
1338 1547 1365 1601 in
1388 1548 1478 1604 nabis.
1502 1549 1543 1604 De
1563 1547 1691 1604 charitate
1715 1562 1766 1603 au·

115 1629 196 1686 bonis
209 1631 317 1688 restris.
334 1633 495 1691 Retribucre
515 1635 576 1691 ideo
597 1636 672 1703 dicit,
690 1639 754 1708 quia
767 1639 840 1694 bona
855 1657 952 1727 quaeB
968 1656 979 1681 a
996 1642 1052 1688 tem
1066 1634 1241 1690 fraternitatis
1265 1650 1319 1690 non
1344 1651 1459 1692 necesse
1481 1635 1626 1692 habuimus
1646 1635 1767 1692 scribere

116 1718 190 1774 Deus
201 1720 293 1775 tribuit
307 1722 439 1778 Ecclesiis
454 1723 540 1791 Pauli,
563 1725 663 1780 Paulus
678 1737 840 1784 annumerat
856 1730 915 1784 col-

116 1806 170 1861 lata
184 1823 246 1864 esse
262 1808 322 1863 sibi.
341 1808 499 1866 Gaudemus
513 1827 568 1866 non
589 1814 675 1868 solum
698 1817 801 1888 gratias
826 1832 915 1890 agen-

117 1900 182 1950 tes:
199 1895 248 1952 sed
264 1897 347 1952 eliam
362 1903 477 1954 oranter
495 1905 577 1957 nocte
591 1906 621 1956 ct
643 1902 688 1959 die
711 1905 913 1975 abundantius,

115 1998 199 2053 quam
230 1984 308 2055 prius
337 1985 457 2041 nondum
491 1988 583 2044 audita
614 1991 779 2060 perfectione
803 2001 915 2048 vestra:

115 2078 226 2127 orantes
240 2073 303 2140 hoc,
320 2078 354 2129 ut
369 2074 515 2131 videamur
528 2079 765 2148 facicmaestram
780 2086 827 2137 :et
841 2097 916 2151 prae·

114 2165 207 2214 sentes
221 2174 255 2215 ea
269 2163 459 2234 compleamus
472 2163 500 2217 in
514 2165 592 2220 vobis
621 2183 681 2238 que
699 2168 790 2224 adbuc
814 2170 917 2225 derunt

114 2245 182 2314 fidet
197 2252 307 2303 vestrae.
320 2249 421 2304 Paulus
431 2266 494 2305 cum
504 2252 622 2322 primum
634 2254 741 2310 tradidit
754 2255 807 2310 illis
822 2254 915 2325 fidem,

113 2333 178 2404 qrria
192 2334 282 2391 adhuc
297 2337 436 2407 simplices
460 2347 546 2406 erant,
563 2355 618 2395 non
641 2341 805 2399 sufficientes
819 2359 915 2415 capere

113 2423 243 2493 mysteria
265 2424 325 2489 Dei,
352 2426 503 2481 secundum
531 2443 564 2483 ea
588 2444 649 2500 quae
672 2430 736 2486 frdei
758 2433 916 2488 necessaria

111 2517 202 2580 erant,
218 2526 267 2566 eos
287 2512 430 2569 initiavit:
448 2515 497 2569 sed
521 2515 584 2588 quia
605 2518 688 2573 modo
712 2519 826 2589 perfecti
841 2528 913 2588 sunt,

112 2598 243 2655 simodo
272 2609 344 2656 esset
370 2601 443 2672 apud
470 2617 527 2670 eos,
558 2605 676 2674 aperiret
713 2606 865 2677 Scripturas
889 2616 916 2664 et

111 2686 244 2757 mysteria
264 2687 338 2743 Dei:
364 2704 424 2760 quaa
450 2688 519 2745 sicut
546 2692 623 2762 prius
657 2694 796 2765 superflua
824 2703 919 2751 essent

111 2790 209 2830 aarum
221 2774 397 2845 simplicitati,
421 2777 460 2833 sic
489 2779 571 2834 modo
592 2779 705 2835 deerant
727 2797 821 2837 eorum
850 2800 915 2854 per-

112 2861 235 2919 fectioni.
253 2861 368 2918 Oramus
386 2863 480 2920 videre
504 2864 601 2922 faciem
622 2875 740 2923 vestram
757 2885 764 2924 τ
780 2871 839 2943 ipsc
863 2887 915 2928 au·

111 2954 170 3007 tem
180 2951 254 3006 Deua
265 2955 293 3006 ct
304 2955 501 3023 paternoster,
516 2958 545 3009 et
558 2956 694 3012 Dominae
706 2958 834 3014 Christus
845 2960 914 3015 diri·

110 3042 161 3109 pat
170 3039 247 3095 riam
257 3043 395 3107 uestram,
409 3039 437 3096 id
446 3048 487 3095 est
499 3040 577 3097 faciat
584 3042 719 3100 directum
730 3045 782 3101 iter
792 3055 913 3102 nostrum

113 3126 149 3182 ad
160 3141 220 3183 ros.
231 3125 294 3182 Sive
306 3129 518 3199 autemveniam,
526 3129 583 3185 sive
594 3132 771 3200 nonveniam,
779 3135 914 3190 Dominus

110 3216 453 3287 sempermaltr'plicetuoa
467 3217 617 3272 secundum
633 3228 810 3291 augmentum
824 3238 912 3277 mem-

109 3303 914 3374 brorum:effaetutaburtdarccharitatemucatramtairt-

108 3391 912 3466 uicem:quodomnesvicissimdiligatisvosinfdcclesia:ct

111 3477 144 3532 ira
153 3493 261 3544 amaea,
276 3477 304 3532 id
314 3486 355 3534 est
370 3479 452 3534 etiam
466 3481 501 3535 ad
515 3479 649 3548 infideles,
665 3491 784 3539 transeat
795 3485 913 3541 charitas

109 3565 341 3623 vestra.295
356 3567 449 3623 Faciat
462 3569 620 3635 abundare,
633 3570 866 3643 quemadmodum
884 3578 914 3630 at

108 3667 162 3709 aar
172 3652 343 3710 abundamus
354 3655 485 3712 charitate
494 3658 525 3711 ln
538 3657 623 3714 roba.
633 3658 782 3715 abundare
788 3659 860 3726 dico,
877 3661 913 3717 ad

108 3741 307 3810 confirmanda
320 3743 405 3798 eorda
416 3749 509 3799 uestra
520 3752 548 3799 ut
559 3745 685 3799 voluntas
693 3753 785 3801 restra
797 3747 824 3801 in
839 3748 913 3803 omni

967 1743 979 1773 ι
997 1721 1084 1777 vobis.
1105 1722 1159 1792 fpsi
1180 1722 1253 1777 euim
1274 1738 1324 1779 vas
1338 1725 1423 1779 aDeo
1441 1723 1574 1779 didicistis
1590 1731 1619 1778 ut
1647 1723 1767 1795 diligatis

968 1809 1114 1865 «invicem
1130 1811 1222 1878 (toan.
1247 1824 1309 1876 aur,
1333 1812 1389 1880 ll).
1414 1811 1522 1866 Etenim
1547 1810 1614 1866 illud
1634 1810 1723 1867 facitis
1738 1809 1767 1866 in

968 1913 1093 1953 «omnes
1108 1896 1216 1966 fratres,
1244 1897 1271 1951 in
1286 1898 1414 1954 universa
1437 1897 1605 1954 Macedonia.
1628 1899 1766 1970 Rogamus

967 1993 1085 2041 «autem
1100 2000 1158 2050 vos,
1187 1983 1292 2050 fratres,
1317 1993 1345 2040 ut
1367 1985 1510 2042 abundetis
1531 1985 1630 2058 magis,
1647 1993 1673 2041 et
1695 2001 1766 2057 ope-

967 2089 1054 2128 «ram
1079 2072 1148 2128 detis
1172 2080 1201 2127 ut
1224 2072 1308 2144 quieti
1337 2073 1406 2140 sitis,
1431 2081 1459 2130 et
1481 2082 1603 2129 vestrum
1626 2073 1766 2146 negotium

967 2184 978 2209 a
997 2160 1105 2232 agatis3
1121 2167 1148 2216 et
1160 2160 1312 2230 operemini
1335 2160 1462 2216 manibus
1476 2161 1584 2227 vestris,
1611 2160 1681 2217 sicut
1693 2176 1766 2233 prat·

968 2269 980 2299 ι
1000 2249 1120 2319 cepimus
1135 2247 1223 2316 vobis,
1240 2256 1266 2302 et
1280 2255 1309 2302 ut
1324 2249 1437 2305 honeste
1451 2249 1595 2304 ambuletis
1609 2247 1643 2303 ad
1658 2247 1766 2321 eosqui

967 2361 978 2385 ι
995 2336 1062 2392 foris
1073 2343 1146 2402 sunt,
1162 2343 1188 2391 et
1203 2336 1303 2390 nullius
1318 2336 1421 2406 aliquid
1446 2336 1616 2392 desideretis.
1632 2335 1765 2392 Nolumus

968 2444 979 2475 ι
996 2430 1086 2479 autem
1101 2437 1150 2479 vos
1164 2422 1302 2496 ignorare,
1329 2422 1435 2490 fratres,
1452 2424 1487 2480 de
1509 2423 1716 2493 dormientibus,
1737 2431 1767 2480 ut

968 2527 1050 2567 «non
1065 2510 1274 2577 contristemini,
1289 2511 1359 2567 sicut
1378 2520 1405 2567 et
1419 2511 1511 2567 caeteri
1534 2511 1580 2583 qui
1605 2527 1682 2583 spem
1709 2526 1765 2568 nou

967 2621 979 2651 ι
996 2599 1107 2655 babent.
1125 2597 1153 2653 Si
1168 2598 1240 2654 enim
1255 2598 1392 2654 credimus
1406 2599 1478 2671 quod
1492 2599 1571 2654 lesus
1585 2605 1709 2655 mortuus
1724 2604 1766 2654 est

968 2709 979 2736 ι
996 2694 1023 2742 et
1034 2686 1193 2755 resurrexit,
1212 2686 1290 2743 itaet
1312 2688 1386 2742 Deus
1413 2702 1460 2742 eos
1474 2686 1521 2759 qni
1534 2686 1704 2742 dormierunt
1717 2701 1766 2757 per

967 2797 978 2822 α
994 2775 1086 2830 lesum
1102 2772 1220 2829 adducet
1233 2789 1294 2830 cam
1321 2788 1365 2829 eo.
1380 2773 1438 2830 Hoc
1452 2774 1525 2830 enim
1548 2773 1625 2831 vobis
1648 2772 1765 2829 dicirnua

966 2883 978 2913 a
996 2861 1023 2916 in
1039 2861 1123 2917 verbo
1137 2861 1257 2930 Domini,
1269 2861 1391 2933 quianos
1402 2861 1448 2933 qui
1462 2861 1587 2929 vivimus,
1603 2860 1650 2933 qui
1664 2860 1765 2916 residui

967 2969 978 3000 ι
995 2965 1097 3016 sumus,
1113 2949 1141 3003 in
1156 2949 1273 3004 adventu
1296 2949 1405 3004 Domini
1428 2965 1482 3005 non
1505 2949 1703 3021 praeveniemus
1716 2963 1764 3004 eos

966 3058 978 3088 ι
996 3037 1042 3109 qui
1059 3036 1240 3092 dormierunt.
1259 3036 1394 3105 Quoniam
1408 3036 1467 3108 ipse
1490 3036 1622 3093 Dominus
1645 3036 1672 3090 in
1684 3036 1763 3114 iussu

964 3147 975 3174 u
994 3134 1020 3181 et
1035 3125 1063 3180 in
1077 3139 1145 3180 voce
1158 3125 1328 3197 archangeli,
1345 3125 1411 3180 etin
1424 3126 1486 3180 tuba
1501 3124 1551 3181 Dei
1565 3123 1714 3180 descendet
1729 3121 1764 3179 de

964 3213 1075 3279 rcoefo,
1092 3220 1119 3267 et
1134 3212 1234 3267 mortui
1264 3213 1310 3282 qui
1337 3212 1365 3267 in
1394 3212 1499 3269 Christo
1521 3221 1592 3278 sunt,
1618 3220 1763 3282 resurgent

964 3324 975 3349 a
994 3299 1084 3371 primi.
1099 3299 1204 3356 Deinde
1217 3315 1267 3355 nos
1283 3300 1329 3372 qui
1352 3300 1477 3368 vivimus,
1503 3301 1549 3372 qui
1573 3297 1762 3371 relinquimur,

964 3386 1071 3443 «simul
1103 3387 1241 3457 rapiemur
1266 3402 1329 3442 cum
1362 3387 1416 3441 illis
1445 3388 1472 3442 in
1508 3388 1627 3442 nubibus
1655 3385 1763 3442 obviam

964 3499 975 3523 a
992 3473 1100 3529 Christo
1114 3473 1176 3545 fat,
1192 3473 1319 3546 Domina]
1334 3475 1362 3530 iu
1384 3491 1456 3542 aera,
1473 3482 1500 3530 et
1515 3474 1554 3530 sic
1577 3489 1686 3543 semper
1700 3487 1763 3528 cum

964 3561 1109 3617 aDomino
1133 3561 1243 3617 erimus.
1277 3563 1371 3635 ltaque
1391 3561 1571 3620 consolamini
1593 3560 1711 3616 invicem
1734 3559 1762 3614 in

965 3649 1082 3706 «verbis
1100 3648 1170 3704 istis.
1189 3673 1200 3697 n

111 3827 229 3883 bonosit
238 3827 406 3884 confirmata.
421 3830 620 3901 coadunanda
629 3833 701 3898 dico,
717 3834 778 3889 aine
787 3837 911 3905 querela,
1271 3808 1431 3849 ⁸¹⁹⁰⁸¹T¹⁰·

49 4000 55 4005 -
108 3923 137 3970 ιιι
145 3915 221 3970 nulla
232 3915 267 3970 sit
275 3915 313 3971 ibi
323 3916 462 3986 injustitia,
472 3926 498 3974 et
508 3918 695 3975 confirmanda
703 3923 734 3976 ia
744 3923 910 3988 sanctitate,
997 3933 1145 4005 Hucusque
1169 3940 1275 4003 partem
1295 3930 1477 4003 perfectorum
1493 3934 1666 4005 collaudavit,
1688 3946 1715 3994 et
1728 3941 1763 3996 ad

107 4009 138 4058 ut
151 4003 179 4057 in
196 4003 275 4058 bonis
304 4005 399 4059 sanciti
428 4005 487 4062 sitis
513 4015 540 4062 et
570 4005 734 4064 confirmati.
752 4010 911 4067 Sanctitate
961 4020 1158 4076 incrementum
1172 4020 1347 4092 perfeetionis
1369 4020 1529 4076 adhortatus
1544 4031 1595 4080 est,
1618 4026 1697 4082 Nunc
1720 4026 1763 4083 in.

107 4090 181 4160 dico,
198 4091 287 4145 habita
295 4097 363 4147 arete
374 4094 463 4148 Deum
472 4099 500 4150 et
512 4097 629 4152 Patrem
638 4100 779 4165 uestrum,
796 4098 823 4152 ld
834 4106 875 4152 est
884 4097 912 4152 in
962 4107 1027 4178 cipit
1051 4108 1184 4163 instruere
1208 4116 1314 4178 partem
1341 4107 1425 4175 illam,
1451 4125 1511 4179 quae
1534 4110 1676 4167 videbatur
1698 4130 1763 4171 001.

104 4178 277 4249 beueplaoito
292 4180 342 4234 Dei
367 4181 463 4235 Patris.
482 4181 571 4238 Corda
597 4183 658 4238 dico
673 4184 713 4239 sic
728 4183 912 4240 confirmanda
962 4195 1051 4266 rumpi
1069 4194 1260 4263 fornicatione,
1285 4196 1449 4263 curiositate,
1474 4197 1540 4262 otio,
1566 4204 1593 4254 el
1615 4199 1651 4255 de
1665 4217 1762 4257 resur-

104 4267 139 4322 ιιι
151 4267 285 4336 educatu,
301 4267 378 4322 idest
389 4268 416 4322 in
430 4270 646 4325 consideratione
657 4266 789 4327 adtentus
799 4274 913 4328 Domini
962 4283 1082 4338 rectione
1097 4282 1256 4348 dubitando,
1272 4283 1367 4339 dicens
1384 4301 1391 4338 ε
1410 4284 1463 4340 Vos
1473 4285 1607 4354 perfectos
1618 4287 1658 4344 sic
1668 4287 1761 4358 laudo,

106 4356 280 4411 matritum
297 4354 413 4410 Christi·
430 4355 483 4424 Qui
497 4358 569 4443 anim
589 4358 659 4414 bene
683 4374 792 4430 semper
807 4375 913 4416 memor
922 4353 948 4414 D
962 4378 989 4425 et
1003 4370 1039 4425 ad
1053 4370 1250 4426 incrementum
1263 4370 1357 4425 invita.
1374 4372 1412 4426 Dc
1427 4376 1529 4429 cetera
1553 4389 1626 4446 erpa,
1642 4378 1760 4447 fratrer,

107 4442 160 4496 erit
173 4441 309 4498 adventus
323 4442 424 4498 Christi
440 4444 631 4514 adjudicium,
654 4446 760 4502 timebit
775 4448 913 4517 peccando
961 4458 989 4512 id
1004 4465 1046 4512 est
1059 4458 1094 4512 ad
1108 4457 1218 4512 alteram
1232 4465 1336 4529 partem
1357 4473 1452 4529 agens,
1465 4476 1596 4532 rogamus
1620 4479 1665 4519 aas
1680 4465 1760 4536 quasi

105 4544 257 4601 provocare
267 4546 339 4586 eum·
352 4532 402 4586 Vel
411 4531 449 4586 iit
467 4532 873 4602 :coapmanaatnauveata
885 4535 912 4590 id
962 4561 1020 4601 rem
1035 4544 1164 4610 debitam,
1180 4549 1208 4602 ct
1226 4547 1403 4603 obsecramus
1429 4546 1522 4604 mitius
1546 4559 1669 4622 agentes,
1696 4552 1761 4607 dum

105 4624 149 4672 esf
162 4633 250 4688 usque
264 4618 291 4672 ill
312 4618 461 4675 adveniunt
477 4620 588 4675 Domini
611 4622 699 4677 noslri
721 4625 787 4678 Jcsu
801 4623 911 4680 Christi.
961 4648 1106 4705 precamur
1136 4635 1208 4704 quod
1233 4634 1366 4704 imperare
1390 4635 1475 4691 licet:
1495 4636 1681 4706 obsecramus,
1715 4640 1761 4695 in.

106 4703 216 4762 carate·
229 4705 290 4761 dico
305 4707 410 4762 venturi
432 4724 498 4764 cum
513 4710 641 4766 omnibus
655 4712 764 4767 sanctu
778 4713 847 4779 ruia,
866 4713 912 4782 qui
961 4736 1054 4793 quam,
1070 4723 1102 4777 in
1115 4722 1233 4778 Domino
1250 4724 1326 4789 teau,
1350 4722 1373 4777 sl
1398 4723 1432 4778 de
1455 4722 1502 4779 illo
1526 4725 1646 4796 gaudere
1667 4727 1759 4796 vultis,

105 4808 170 4848 cum
179 4809 214 4849 eo
225 4793 370 4862 judicaturi
384 4802 448 4850 sunt
463 4797 605 4851 mundum.
633 4798 692 4866 Vel,
717 4800 913 4868 confirmanda
961 4814 995 4865 ut
1009 4808 1242 4881 quemadmodum
1256 4812 1521 4882 acceptatirauobis
1532 4813 1665 4884 quomoda
1680 4829 1761 4886 opor·

104 4897 172 4937 cum
186 4882 315 4938 omnim
337 4885 444 4939 ‘antiit
464 4887 535 4955 ejus,
552 4892 580 4938 ut
603 4884 642 4941 Sit
665 4885 805 4942 wssfirmel
821 4896 847 4942 ei
862 4904 911 4945 VOS
962 4901 1023 4953 teat
1035 4912 1080 4953 uas
1091 4897 1236 4954 ambulare
1249 4901 1278 4953 et
1287 4898 1399 4970 placere
1411 4900 1481 4966 Dco;
1492 4899 1638 4957 ambulare
1648 4901 1758 4970 dicitur,

107 4968 341 5039 quemadmodum
376 4969 546 5026 confirmavit
569 4979 677 5028 sanctos
705 4989 780 5030 suos.
810 4976 910 5044 Amen,

112 5054 141 5110 id
156 5063 199 5111 est
211 5056 248 5111 ita
261 5057 315 5124 fiat,
331 5065 359 5114 ut
372 5074 421 5115 vos
436 5058 698 5129 sicfficonfirmemini.

436 5198 549 5255 CAPUT
563 5199 608 5256 IV.

143 5341 154 5367 a
173 5320 214 5375 De
229 5328 328 5377 caetero
343 5337 420 5394 ergo,
436 5321 544 5389 fratres,
561 5340 692 5398 rogamus
716 5342 765 5382 vos
780 5335 806 5381 et
828 5328 912 5384 obse-

75 5399 78 5407 '
117 5423 258 5464 remmus
273 5407 430 5465 inDomino
444 5410 520 5478 lesu,
535 5421 565 5467 ut
587 5414 817 5485 quemadmodum
830 5432 912 5472 acce-
961 5423 1070 5493 bulatis,
1086 5422 1149 5480 licet
1163 5424 1262 5480 sicvos
1276 5423 1460 5481 admoneam:
1482 5442 1611 5500 rogamus
1625 5435 1653 5484 et
1675 5429 1760 5485 obae-

108 5516 121 5546 «
141 5494 222 5566 piatis
236 5510 253 5551 a
267 5497 347 5555 nobis
370 5499 506 5571 quomoda
527 5507 651 5572 oporteat
665 5517 714 5558 vos
731 5503 872 5560 ambulare
886 5514 913 5564 et
962 5525 1080 5580 cramus,
1094 5516 1127 5568 ut
1137 5511 1287 5570 abundetis
1297 5514 1396 5586 magis,
1407 5513 1572 5571 ambulando
1588 5523 1614 5572 et
1626 5515 1761 5588 placendo

961 4983 990 5038 in
1003 4983 1046 5039 his
1060 5000 1122 5055 quae
1137 5001 1170 5041 en
1185 4985 1332 5041 dilectione
1355 4985 1414 5040 sine
1439 4985 1537 5058 quibus
1565 4987 1647 5044 homo
1669 4991 1762 5062 nequit

962 5071 1081 5139 salvari;
1104 5073 1219 5144 placere
1233 5073 1260 5127 in
1275 5073 1317 5129 his
1332 5091 1393 5146 quae
1407 5090 1440 5130 ex
1455 5074 1600 5132 dilectione
1614 5078 1696 5135 boma
1711 5095 1759 5135 su-

961 5159 1097 5230 peraddit,
1108 5168 1137 5214 ut
1147 5175 1255 5215 serrare
1271 5160 1391 5216 296
1401 5161 1594 5234 virginitatem,
1607 5165 1674 5221 nihil
1692 5182 1759 5238 por-

962 5246 1052 5302 sidere
1067 5246 1095 5301 iu
1109 5247 1231 5314 mundo;
1248 5264 1309 5319 quae
1323 5248 1346 5303 si
1360 5265 1415 5304 non
1430 5248 1542 5318 faceret,
1558 5261 1653 5323 posset
1667 5261 1759 5310 famen

962 5335 1064 5391 salvari
1081 5352 1087 5388 :
1103 5342 1229 5406 oporteat
1241 5335 1389 5404 ambulare,
1406 5338 1475 5394 sicut
1498 5339 1593 5407 credo,
1607 5341 1683 5413 quod
1697 5356 1759 5396 am-
1859 5380 1864 5385 a
