3750 5984
86 212 135 267 aar
643 207 1020 268 unnnnsaxnncmo
1040 209 1168 268 maun.
1418 173 1423 182 ’
1683 213 1736 268 aas

87 331 167 388 nibus
181 331 313 388 membris
341 332 465 405 corporis
495 349 577 389 sanus
601 333 691 401 fuerit,
707 350 761 390 non
785 333 997 407 aliquidisdico
1012 335 1128 406 aptum?
1155 335 1298 406 pulchrum
1327 344 1354 391 et
1381 335 1564 400 conveniens,
1582 334 1659 405 qnasi
1683 334 1736 388 boc

86 420 160 491 quod
176 420 278 476 bonum
286 420 331 485 sit,
342 421 567 491 pronecessitate
581 429 608 478 et
623 430 747 494 tempore
761 423 889 478 manibus
943 419 1068 476 sufficere
1082 421 1178 492 possit.
1195 423 1274 478 Certe
1292 423 1364 491 dico,
1381 431 1406 478 et
1421 423 1461 479 sic
1476 429 1582 493 oportet
1608 429 1636 475 ut
1654 419 1737 475 facia·

86 507 144 563 suis
158 507 246 578 possit
261 508 397 578 operarii
411 508 498 580 Igitur
512 509 576 580 quia
586 511 679 580 pietas
689 510 729 582 (ut
743 509 889 580 Apostolus
941 524 1012 562 mus.
1034 507 1102 576 Quis
1113 510 1185 564 enirn
1200 510 1420 582 semperabsque
1429 509 1575 581 aliquando
1584 507 1736 573 interuallo,

87 594 164 667 dicit)
174 596 210 652 ud
224 596 321 651 omnia
335 597 419 652 utilis
438 600 490 663 est,
502 599 720 668 promissionem
735 597 839 654 iudeus
849 597 890 653 ui·
940 602 986 649 aut
1000 595 1119 667 lectioni,
1136 604 1181 652 aut
1200 597 1377 663 meditationi,
1395 605 1440 653 aut
1455 596 1571 652 orationi
1585 593 1738 650 indefessus

89 686 287 754 toeouoeuuac
303 687 353 749 est,
367 687 395 739 et
409 686 518 754 suturae
541 685 567 754 (l
585 687 655 740 Tira.
677 700 715 753 tv,
734 685 772 755 8),
791 684 889 741 merito
940 682 1082 739 intendere
1110 685 1206 740 valeti
1219 685 1254 740 Et
1280 685 1384 740 idcirco
1414 685 1537 757 quamvis
1565 683 1622 740 iere
1650 680 1739 736 nullus

87 768 212 826 fortassis
229 777 256 826 et
270 770 305 826 de
319 770 427 824 duobus
449 770 539 826 fluviis
569 771 677 838 dicitur,
701 773 775 844 quod
802 781 889 827 terras
940 769 974 824 de
1002 785 1084 842 opere
1114 787 1243 826 manuum
1263 771 1363 827 fructus
1391 771 1556 844 proveniret,
1577 777 1619 826 est
1646 777 1739 824 tamen

88 857 267 924 circumeant,
284 866 311 914 et
325 859 360 914 de
376 858 456 913 tertio
473 858 547 930 quod
557 859 631 914 vadit
645 866 741 916 contra
749 859 887 931 Assyrios.
940 857 1052 924 bonum,
1078 866 1106 913 ut
1128 859 1154 915 ei
1182 874 1377 931 nonnunquam
1405 860 1523 932 diligens
1545 865 1637 914 nostra
1663 854 1739 913 solli·

89 944 176 1014 Quam
189 945 333 1002 utilitatem
348 944 488 1001 retulimus
504 946 541 1002 ad
556 945 653 1003 duvios
667 946 729 1002 illos
746 962 752 1001 :
769 947 804 1003 ad
816 948 889 1019 Pby·
941 944 1052 1013 citudo,
1084 953 1111 1002 et
1140 946 1255 1002 sollicita
1292 946 1429 1020 diligentia
1472 962 1521 1019 pro
1562 954 1687 1017 tempore
1714 950 1742 1000 et

88 1048 139 1088 son
148 1048 256 1105 quoque
266 1041 379 1105 propter
390 1033 509 1088 studium
518 1049 604 1090 sacrae
615 1033 751 1104 lectionis,
763 1035 798 1090 ad
810 1035 890 1106 Gyan
941 1033 1023 1089 modo
1065 1033 1197 1090 intendat.
1235 1033 1376 1103 Quatenus
1418 1051 1434 1091 a
1475 1035 1554 1091 nobis
1576 1033 1742 1106 repellamus

88 1125 201 1190 propter
228 1119 370 1191 puritatem
404 1119 518 1176 internae
537 1121 732 1187 meditationis,
749 1122 785 1177 ad
812 1121 890 1177 illurn
942 1119 1081 1176 fastidium
1097 1122 1143 1190 (ne
1162 1121 1243 1176 nimis
1256 1124 1379 1194 pondere
1393 1121 1622 1194 pusillanimitatis
1636 1119 1741 1198 onerati

89 1207 136 1279 qui
150 1207 249 1279 Tygris
262 1216 383 1277 vocatur,
399 1216 511 1281 propter
520 1208 704 1266 sinceritatem
713 1210 818 1266 devotae
832 1225 891 1266 ora·
941 1208 1039 1280 simus)
1054 1216 1080 1265 et
1102 1209 1274 1278 otiositatem,
1290 1226 1349 1282 quae
1371 1209 1481 1267 inimica
1495 1217 1536 1266 ast
1558 1209 1667 1275 animae,
1678 1222 1740 1280 quoe

90 1293 182 1350 tlonis.
198 1294 345 1364 Quisvero
360 1295 513 1368 corporalis
528 1295 687 1353 exercitatio
702 1297 737 1353 ad
751 1297 889 1354 modicum
942 1295 983 1367 (ut
1000 1296 1111 1367 quidam
1126 1297 1237 1368 sapiens
1251 1296 1338 1368 dicit),
1350 1297 1631 1354 multamatadocuit
1640 1296 1739 1367 (decii.

90 1381 164 1437 utilis
179 1389 229 1450 est,
242 1384 337 1455 (quarn
351 1384 388 1440 ad
401 1383 581 1455 Euphratem,
601 1385 646 1457 qui
662 1394 777 1457 quartus
791 1385 889 1442 fluvius
941 1398 1042 1450 xxxin,
1059 1383 1105 1455 29)
1123 1399 1129 1438 ι
1145 1399 1180 1440 ne
1194 1400 1279 1455 supra
1293 1386 1403 1440 modum
1418 1384 1453 1441 ab
1463 1385 1536 1441 omni
1550 1399 1628 1440 mens
1646 1389 1742 1439 nostra

90 1478 140 1535 cst,
171 1470 339 1542 referimus),
355 1472 384 1526 in
408 1485 441 1527 eo
469 1471 542 1543 quod
569 1472 644 1528 utilis
673 1482 723 1540 est,
753 1474 832 1545 quasi
854 1473 889 1530 de
940 1470 998 1525 utili
1028 1472 1158 1528 exercitio
1182 1479 1341 1529 marcescat.
1367 1472 1484 1528 Sanctus
1511 1486 1617 1544 quoque
1641 1471 1742 1526 Paulus

89 1557 151 1614 loco
166 1558 313 1630 voluptatis
323 1558 472 1631 egreditur.
486 1559 541 1615 Sed
554 1559 619 1632 quia
637 1576 693 1617 non
707 1561 743 1616 ad
756 1561 846 1616 omnia
860 1568 889 1616 ut
940 1573 991 1614 nos
1011 1557 1120 1615 instruit
1150 1575 1232 1632 quam
1265 1559 1453 1616 necessarium
1480 1574 1617 1631 quamque
1631 1558 1740 1614 salubre

88 1645 188 1717 pietas,
196 1647 244 1702 sed
256 1647 291 1702 ad
297 1646 435 1703 modicum
444 1646 518 1702 utilis
529 1655 580 1715 est,
590 1647 624 1703 de
635 1647 718 1704 fluvio
725 1647 772 1704 illo
783 1657 924 1740 quarto,B
939 1645 1020 1701 nobis
1034 1663 1104 1718 opus
1127 1662 1256 1702 manuum
1272 1646 1316 1702 sit.
1343 1647 1441 1704 Scribit
1455 1661 1575 1719 namque
1598 1646 1647 1713 sic,
1671 1645 1741 1703 sicut

95 1749 241 1805 perquem
256 1734 389 1791 actionem
398 1733 554 1806 accipimus,
571 1750 627 1791 non
637 1735 746 1805 dicitur,
755 1737 798 1792 vel
814 1737 888 1808 quod
940 1733 998 1805 ipsa
1009 1733 1064 1790 sois
1076 1750 1082 1788 :
1096 1738 1233 1806 ducamus
1243 1751 1298 1802 vot,
1311 1738 1428 1806 fraires,
1440 1738 1473 1791 αἱ
1484 1735 1738 1807 abuudssiiimssdt'b

88 1827 190 1876 terram
204 1821 322 1893 aliquam
345 1823 502 1888 circumeat,
524 1822 568 1879 vel
583 1823 656 1896 quod
671 1831 767 1880 contra
782 1822 887 1896 aliquos
939 1823 1213 1894 etopcramdctisut
1223 1824 1312 1896 quieti
1335 1824 1408 1888 sitis,
1422 1826 1493 1880 etut
1511 1826 1637 1880 oestrum
1650 1836 1738 1894 nepo·

89 1909 206 1981 populos
221 1909 311 1977 vadat,
328 1909 377 1965 sed
397 1909 570 1967 solummodo
593 1910 674 1983 (sicut
686 1911 742 1980 iam
756 1911 886 1983 diximus)
933 1910 1738 1984 ¹tiuare,apetiumopereminiertosu'busuestris,sieutprca·

89 1996 248 2068 simpliciter
271 2005 298 2052 et
321 1996 439 2053 breviter
454 2016 461 2052 :
477 1999 593 2055 Flavius
608 2014 671 2056 vero
686 2003 815 2071 querius,
826 2001 887 2073 ipse
938 1999 1161 2069 cepimusuobis,·
1172 2003 1200 2054 et
1211 2003 1244 2054 ut
1255 1999 1369 2055 honeste
1379 2000 1532 2055 ambuletis
1543 1999 1579 2054 ud
1587 2000 1688 2070 eosqui
1698 2000 1740 2070 so·

89 2087 132 2140 cst
147 2084 306 2156 Euphrates
321 2085 403 2154 (Gen.
419 2101 449 2153 u,
467 2086 522 2156 tt).
535 2086 569 2140 Et
583 2086 606 2141 si
616 2086 675 2143 baec
685 2086 721 2140 ita
736 2094 810 2142 stare
818 2102 885 2157 pos·
937 2086 1065 2151 mssuut,
1076 2086 1670 2159 einulliusaliquiddesideretis(llbes.iv,
1681 2085 1736 2156 ll).

88 2179 160 2240 sunt,
172 2179 199 2226 et
213 2171 237 2226 si
247 2171 316 2228 forte
329 2187 385 2240 non
404 2180 528 2244 possunt,
544 2188 707 2245 quocunque
726 2175 809 2230 modo
824 2190 885 2231 rec·
937 2170 1061 2227 Sciamus
1076 2181 1168 2227 autem
1183 2173 1246 2245 quia
1263 2180 1290 2229 et
1304 2174 1377 2246 quod
1388 2173 1479 2229 docuit
1488 2174 1542 2229 hoc
1551 2181 1577 2229 et
1587 2174 1645 2245 ipse
1656 2172 1736 2239 fecit;

90 2258 143 2314 tius
158 2266 185 2314 et
210 2260 405 2332 congruentius
424 2259 602 2334 intelligenda
616 2270 689 2327 sunt,
708 2262 761 2317 hoc
776 2262 886 2333 quidem
937 2258 1000 2331 ipsi,
1011 2259 1106 2331 inquit,
1116 2261 1196 2315 scitis
1205 2261 1440 2334 quemadmodum
1451 2277 1497 2318 uos
1509 2261 1737 2334 oportetima'tari

86 2345 159 2402 scire
173 2346 268 2414 debes,
284 2356 313 2403 tu
324 2347 370 2417 uui
384 2347 517 2404 habitator
526 2348 603 2405 cellae
615 2365 654 2418 es,
667 2349 740 2422 qnod
750 2349 885 2407 valdetibi
935 2363 997 2402 uos.
1012 2349 1149 2416 Quoniam
1159 2364 1217 2404 aon
1237 2349 1359 2422 inquieti
1367 2349 1478 2420 suimus
1488 2351 1567 2405 iuter
1576 2364 1634 2415 vos,
1644 2363 1734 2420 meque

86 2434 208 2505 pluribus
222 2435 256 2490 de
277 2435 368 2492 causis
392 2436 585 2502 necessarium,
603 2444 632 2493 ut
656 2437 732 2509 operi
755 2452 885 2493 mannum
936 2437 1136 2508 pratispcnem
1148 2436 1381 2492 manducavimus
1396 2436 1736 2510 abaliquomediaiado·

85 2521 160 2577 boris
173 2530 200 2578 et
214 2523 384 2594 temporibus
405 2523 569 2591 constitutis,
594 2532 676 2596 prout
702 2524 777 2591 licet,
802 2525 883 2597 (lieet,
935 2527 1005 2579 rect
1023 2524 1203 2595 satipatioac,
1217 2528 1301 2582 aoetc
1324 2529 1352 2581 et
1363 2525 1409 2580 die
1429 2528 1588 2599 operantes,
1601 2541 1638 2580 ae
1653 2539 1735 2597 quem

84 2617 112 2665 et
126 2610 244 2680 expedit,
257 2610 377 2666 insistas.
403 2611 473 2666 Nam
500 2610 638 2667 fastidium
654 2612 734 2681 tollit,
759 2612 884 2669 oblecta·
934 2610 1060 2667 uetitum
1066 2627 1250 2683 peccaremus
1261 2611 1299 2680 (ll
1312 2612 1404 2668 Tbess.
1417 2627 1457 2679 ιιι,
1469 2614 1496 2679 7,
1509 2613 1546 2682 8).
1558 2612 1592 2667 Et
1601 2619 1630 2667 nt
1640 2619 1735 2667 osten·
1829 2629 1832 2635 ¹

83 2705 205 2754 mentum
224 2698 304 2768 parit,
325 2697 431 2754 confert
450 2698 591 2755 utilitatem
613 2715 751 2772 magnam,
767 2708 794 2756 et
809 2701 884 2758 otio·
934 2697 1065 2753 datnobis
1078 2698 1141 2770 quia
1153 2698 1432 2772 aliterpossetfacere
1442 2700 1465 2755 si
1475 2699 1568 2766 vellet,
1580 2699 1645 2758 dicit
1658 2701 1733 2757 :Non

84 2785 201 2853 citatem,
218 2801 279 2857 quaa
293 2785 403 2841 inimica
417 2794 458 2842 est
471 2786 579 2853 animae,
596 2787 649 2842 sibi
663 2788 811 2858 praevalere
829 2803 884 2845 non
935 2787 1015 2857 quasi
1025 2803 1084 2841 uon
1100 2787 1473 2861 babuerimuspotestotem;
1484 2787 1533 2845 sed
1543 2792 1576 2843 ut
1586 2789 1736 2861 nosmetip-

85 2872 158 2928 sinit.
174 2872 252 2929 liteo
270 2872 480 2930 desiderabilius
512 2882 537 2930 et
554 2875 701 2944 jucundius
723 2876 757 2930 ad
775 2875 819 2931 illa
834 2875 883 2931 tria
935 2888 979 2928 sas
989 2874 1113 2944 sormam
1124 2873 1258 2931 daremus
1270 2874 1732 2946 uobisadimituadumaoslibid„

84 2959 234 3032 spiritualia
256 2959 419 3028 exercenda,
443 2960 588 3018 lectionem
601 2962 738 3030 videlicet,
764 2963 882 3019 medita·
934 2963 971 3032 9).
985 2961 1019 3015 Et
1028 2960 1093 3016 item
1106 2976 1113 3015 :
1126 2961 1194 3017 Cum
1212 2979 1345 3033 essemus,
1355 2962 1452 3035 inquit,
1464 2964 1539 3037 apud
1548 2980 1604 3031 uos,
1614 2964 1672 3020 itoec
1683 2964 1732 3020 de·

83 3047 185 3104 tionem
201 3056 228 3104 et
241 3048 393 3105 orationem
408 3050 492 3116 redis,
508 3064 563 3121 quo
578 3049 705 3105 libentius
717 3065 749 3106 ea
769 3059 880 3122 propter
893 3024 916 3086 ⁰
930 3049 1137 3106 nuntiabamus
1143 3050 1227 3120 vadia
1235 3052 1469 3124 quoniamsipuis
1475 3052 1729 3124 uoauuitoperari,

83 3134 162 3192 bonae
177 3135 291 3192 actionis
312 3136 430 3193 fructum
454 3136 602 3208 aliquando
617 3137 782 3194 intermittis.
799 3137 879 3207 Quod
930 3151 983 3190 nee
994 3138 1149 3193 manducet
1168 3138 1259 3207 (idid,
1276 3138 1331 3210 10).
1349 3139 1384 3193 Et
1403 3138 1483 3210 paulo
1501 3147 1563 3210 post
1573 3138 1728 3213 subjungit:

81 3223 105 3280 si
120 3223 218 3295 quaeris
227 3223 270 3280 cui
281 3223 382 3279 debeas
392 3224 520 3280 insistere
530 3224 618 3296 operi,
635 3225 756 3283 breviter
765 3235 880 3297 respon·
932 3223 1098 3281 Audivimus
1109 3225 1186 3280 euim
1197 3227 1277 3281 inter
1288 3241 1334 3282 uos
1346 3225 1479 3299 quosdam
1489 3227 1669 3284 ambulantes
1681 3228 1729 3282 in-

82 3310 179 3367 damus
192 3310 251 3377 tibi,
261 3319 289 3367 ut
303 3311 342 3367 illi
369 3311 496 3368 videlieet
516 3312 636 3379 insistas,
663 3313 736 3385 quod
750 3321 780 3369 ut
794 3313 819 3370 ei
834 3314 878 3369 in·
928 3311 1042 3382 quieta·
1058 3313 1302 3385 nibilopereates,
1314 3314 1362 3369 sed
1371 3315 1481 3371 curiose
1491 3320 1616 3386 scentes.
1629 3315 1729 3371 liseu-

81 3398 201 3467 sistas,a
219 3406 267 3455 tuo
280 3399 328 3454 tibi
345 3398 427 3457 fuerit
443 3399 535 3472 priore
557 3400 717 3469 injunctum.
747 3402 879 3469 Parrasi
927 3401 986 3474 *tem
999 3398 1047 3470 qui
1056 3399 1193 3470 ejusmodi
1203 3404 1272 3455 suat
1290 3399 1506 3468 denuntiamus,
1515 3406 1544 3459 et
1553 3403 1730 3461 obsecramus

81 3486 117 3542 ita
130 3485 282 3557 providerit
296 3486 381 3557 prior,
396 3503 481 3542 unum
491 3495 534 3542 est
547 3488 590 3544 cui
600 3487 629 3542 in
643 3488 802 3559 operatione
811 3505 877 3560 spe·
928 3486 961 3540 ia
974 3487 1093 3542 Domino
1108 3491 1206 3543 nostro
1216 3489 1283 3545 lesu
1294 3484 1413 3555 cbristo,
1423 3493 1457 3545 ut
1470 3506 1535 3547 cum
1545 3491 1659 3548 silentio
1669 3507 1730 3563 ope·

81 3573 185 3631 cialiter
211 3573 353 3630 intendere
382 3574 476 3645 debes,
505 3583 535 3630 ut
555 3575 682 3633 videlicet
708 3585 733 3633 et
756 3577 878 3634 scribere
930 3576 1037 3639 rantes,
1059 3589 1260 3646 pcnemsuum
1275 3575 1498 3647 munducsutill
1510 3577 1723 3649 dissertata).

79 3660 170 3718 discas
197 3661 233 3733 (si
258 3667 349 3717 tamen
376 3661 519 3719 addiscere
545 3664 646 3735 potes),
662 3664 727 3719 etsi
750 3673 829 3735 potes
850 3672 878 3721 et
930 3659 1022 3727 Quare
1041 3669 1168 3732 putamus
1187 3670 1291 3718 tantum
1302 3663 1443 3720 doctorem
1452 3671 1506 3720 tam
1517 3664 1729 3722 solliciteettam

80 3749 143 3816 scis,
159 3757 188 3805 ut
206 3749 322 3805 scribas.
350 3751 409 3807 Hoc
431 3749 632 3823 quodammodo
648 3767 727 3824 opus,
744 3767 812 3824 opus
827 3752 878 3808 im-
928 3747 1075 3821 diligenter
1084 3765 1150 3806 suos
1160 3766 1242 3822 super
1252 3752 1305 3807 hoc
1316 3750 1436 3808 voluisse
1448 3752 1596 3824 discipulos
1604 3769 1727 3810 commo·

79 3837 193 3894 mortale
208 3844 268 3904 est;
284 3851 353 3909 opus
368 3837 403 3907 (si
417 3836 509 3895 dicere
522 3837 597 3909 licet)
611 3854 666 3895 non
676 3839 811 3896 transiens
827 3840 877 3896 sed
927 3851 994 3891 nere
1007 3855 1014 3904 ;
1027 3837 1079 3892 nisi
1092 3837 1156 3908 quia
1165 3845 1194 3894 ut
1204 3839 1257 3895 boc
1266 3838 1399 3904 facerent,
1410 3840 1477 3896 utile
1488 3841 1591 3897 sciebat
1605 3857 1666 3897 esse
1676 3841 1727 3909 eis,

79 3939 214 3992 manens;
231 3940 301 3996 opus
314 3924 418 3998 utique,
433 3932 463 3980 ut
477 3925 517 3981 sic
531 3925 665 3994 dicamus,
680 3934 708 3982 et
721 3943 775 3984 non
794 3943 874 3999 opus,
926 3931 952 3981 et
963 3923 1041 3981 valde
1052 3925 1161 3981 salubre
1172 3941 1179 3980 :
1192 3927 1304 3982 Vadetu
1315 3926 1361 3998 qui
1371 3927 1636 3999 babitatorcellaees,
1648 3937 1675 3985 et
1685 3929 1728 3986 iac

79 4027 149 4085 opus
163 4013 281 4085 denique
296 4013 370 4085 quad
384 4012 455 4070 inter
469 4014 562 4070 omnia
573 4014 626 4070 alia
639 4030 723 4087 opera
733 4015 821 4089 magis
831 4018 876 4072 de-
925 4010 1050 4068 similiter
1065 4020 1092 4070 et
1107 4013 1181 4069 omni
1196 4014 1303 4088 dieque
1317 4014 1380 4072 licet
1390 4017 1498 4088 operari
1510 4035 1518 4085 3
1533 4017 1636 4090 aliquid
1649 4018 1725 4086 utile,

78 4110 122 4158 aet
136 4101 210 4157 viros
225 4100 368 4172 religiosos
384 4100 525 4158 litteratos.
546 4102 661 4174 Semper
675 4101 746 4158 enirn
762 4102 814 4159 viri
829 4120 874 4160 re·
928 4107 956 4155 et
972 4100 1008 4155 ad
1018 4100 1134 4157 fructum
1149 4103 1288 4173 pertinens
1298 4118 1472 4160 communem
1481 4104 1637 4177 (sicorpore
1647 4105 1727 4178 plene

77 4188 179 4262 ligiosi,
209 4188 255 4261 qui
279 4196 371 4244 tamen
392 4188 503 4245 litterati
530 4198 602 4257 sunt,
626 4199 707 4262 prout
728 4191 768 4247 eis
792 4207 874 4263 posse
928 4188 1430 4263 sanusfuerisinonquidemquodtu
1443 4192 1614 4264 sibipropria
1631 4193 1727 4250 volun-

77 4271 229 4344 corporalis
258 4271 360 4328 sanitas
383 4272 574 4340 administrata
590 4289 652 4330 cum
682 4275 717 4329 ab
741 4275 872 4341 oratione,
924 4282 981 4331 tate
991 4275 1121 4348 elegeris,
1133 4277 1183 4333 sed
1193 4278 1266 4349 quod
1274 4279 1411 4334 tibiatnis
1419 4279 1501 4335 fuerit
1511 4280 1628 4352 praelatis
1638 4281 1727 4351 injun-

75 4360 203 4427 lectione,
223 4360 414 4429 meditatione,
438 4369 465 4417 ct
486 4361 695 4418 necessitatibus
718 4362 802 4434 (quod
822 4371 911 4431 ne-1)
930 4371 1014 4432 ctum,
1030 4363 1152 4419 hilariter
1172 4372 1199 4421 et
1225 4365 1364 4436 ordinate,
1380 4382 1432 4438 pro
1447 4375 1493 4424 tuo
1507 4369 1578 4425 scire
1592 4377 1618 4426 et
1631 4385 1724 4442 posse,

78 4463 216 4520 quaquam
231 4447 377 4503 tacendum
386 4448 439 4518 est)
455 4448 652 4520 corporalibus,
668 4457 696 4504 et
709 4449 873 4506 necessariis
925 4450 1053 4507 manibus
1078 4452 1131 4508 tuis
1163 4454 1296 4524 opereris.
1312 4456 1450 4512 Memento
1470 4457 1542 4529 quod
1566 4459 1728 4515 venerabilis

76 4535 288 4592 substentaculis
303 4536 428 4608 corporis
449 4545 563 4604 vacant;
577 4537 606 4592 in
621 4544 751 4610 quantum
765 4545 872 4610 tempus
923 4539 982 4605 lvo,
1000 4539 1134 4596 Ecclesiae
1151 4539 1327 4598 Carnotensis
1338 4544 1484 4618 episcopus
1494 4545 1584 4616 (epist.
1601 4549 1656 4618 ld),
1668 4547 1725 4605 uir-

77 4631 104 4680 et
118 4623 186 4680 ratio
204 4624 346 4697 exegerim
361 4640 417 4680 non
438 4625 549 4697 quidem
562 4633 642 4698 prout
662 4642 758 4683 eorum
773 4627 871 4683 volun·
905 4627 1033 4700 Qinibus
1054 4628 1083 4683 in
1118 4629 1241 4685 bunensi
1269 4633 1437 4689 monasterio
1464 4634 1662 4702 manentibus,
1691 4636 1726 4692 de
1795 4637 1798 4641 ’

74 4717 117 4766 tas
136 4711 264 4783 elegerit,
294 4711 382 4784 magis
396 4719 485 4768 autem
505 4713 575 4769 sicut
588 4713 760 4784 praesidentis
775 4722 870 4770 aucto·
922 4717 974 4772 boc
994 4717 1066 4771 inter
1082 4724 1181 4774 caetera
1205 4718 1245 4775 sic
1268 4720 1387 4776 scribit:
1404 4743 1415 4772 ι
1433 4723 1468 4778 Ut
1490 4738 1608 4794 semper,
1624 4722 1722 4794 inquit,

74 4797 142 4855 ritas
171 4799 306 4866 discreta,
332 4807 360 4856 et
378 4800 504 4856 discretio
527 4801 683 4857 authentica
706 4801 869 4870 dictaverit;
921 4803 1033 4860 intentae
1048 4805 1108 4860 sitis
1124 4805 1253 4873 orationi,
1270 4808 1447 4875 autlectioni,
1463 4809 1606 4881 autoperi,
1627 4811 1721 4866 utdla-

72 4884 152 4941 libris
166 4886 260 4959 utique
282 4887 327 4943 vel
354 4888 548 4959 preparandis,
564 4889 608 4944 vel
623 4887 810 4954 conficiendis,
826 4891 870 4946 acl
921 4891 1001 4948 bolus
1016 4907 1068 4949 nec
1083 4907 1132 4948 vos
1156 4893 1276 4950 inveniat
1292 4896 1396 4951 otiosas
1424 4911 1475 4952 nec
1498 4903 1604 4952 mentes
1617 4904 1724 4954 vestras

74 4973 203 5048 ligandis,
219 4975 263 5031 vel
280 4975 467 5041 emendandis,
492 4976 537 5032 vel
560 4977 701 5048 amandis,
715 4977 757 5033 vel
770 4977 872 5033 illumi·
920 4980 1025 5035 nocivis
1039 4987 1066 5034 et
1077 4980 1154 5053 vagis
1167 4982 1376 5054 cogitationibus
1388 4982 1534 5053 expositas.
1555 5008 1566 5034 a
1582 4985 1618 5040 Et
1631 4986 1722 5055 adjun-

72 5062 182 5129 nandis,
195 5063 239 5119 vel
253 5063 431 5129 intitulandis,
443 5064 486 5119 rel
498 5064 533 5118 iis
543 5081 604 5136 quae
618 5066 652 5120 ad
667 5066 719 5121 ista
733 5065 870 5136 pertinent
920 5067 959 5140 git
977 5082 983 5120 :
1003 5091 1014 5114 r
1034 5068 1085 5122 iste
1100 5082 1159 5123 mos
1170 5068 1256 5125 fuisse
1270 5069 1371 5143 legitur
1383 5070 1411 5125 in
1428 5071 1602 5128 monasteriis
1615 5074 1721 5148 AEgyp-

73 5150 245 5218 ordinandis,
261 5151 395 5208 faciendis
411 5160 438 5208 et
451 5151 635 5222 perficiendis,
652 5154 767 5210 sollicite
781 5154 869 5210 inten-
920 5153 1029 5220 tiorum,
1042 5163 1071 5209 ut
1083 5156 1221 5212 neminem
1244 5158 1397 5229 reciperent
1411 5158 1456 5230 qui
1471 5159 1554 5216 nollet
1566 5163 1641 5233 operi
1656 5179 1722 5236 ope-

72 5237 137 5294 dere
152 5238 265 5294 debent.
280 5240 391 5295 Etcum
407 5241 459 5295 boc
477 5239 504 5294 in
527 5241 601 5295 omni
612 5241 712 5314 ,ordine
725 5241 828 5296 decens
842 5249 870 5297 et
920 5257 978 5297 rarn
994 5243 1071 5308 dare,
1089 5259 1143 5298 non
1158 5253 1269 5315 propter
1280 5245 1479 5315 necessitatem,
1496 5249 1545 5304 sed
1555 5259 1667 5322 propter
1677 5252 1719 5307 vi-

72 5339 226 5399 congruum
239 5327 282 5394 sit,
308 5327 358 5382 sed
376 5327 465 5400 magis
482 5327 510 5382 in
537 5328 633 5383 ordine
647 5337 741 5385 nostro
755 5328 868 5383 Cartha·
918 5330 1029 5385 tundam
1045 5331 1218 5402 otiositatem,
1228 5350 1288 5404 quae
1300 5334 1409 5390 inimica
1429 5343 1471 5390 est
1485 5337 1592 5393 animae.
1606 5359 1616 5387 s
1630 5339 1683 5394 Sed
1695 5348 1721 5394 et

71 5412 166 5482 aiensi,
183 5422 276 5486 aptum
290 5415 382 5487 utique
395 5416 447 5472 boo
462 5422 511 5482 est,
528 5423 555 5471 et
568 5417 724 5487 pulchrum.
755 5417 790 5472 Ut
803 5416 868 5487 quid
917 5417 1013 5474 beatus
1032 5419 1192 5476 Benedictus
1206 5421 1241 5476 de
1267 5421 1320 5477 boc
1344 5422 1372 5477 in
1400 5423 1506 5497 Regula
1520 5426 1716 5481 monachorum
