<?xml version="1.0" encoding="UTF-8"?>
<!DOCTYPE html PUBLIC "-//W3C//DTD XHTML 1.0 Transitional//EN"
    "http://www.w3.org/TR/xhtml1/DTD/xhtml1-transitional.dtd">
<html xmlns="http://www.w3.org/1999/xhtml" xml:lang="en" lang="en">
 <head>
  <title>
</title>
<meta http-equiv="Content-Type" content="text/html;charset=utf-8" />
  <meta name='ocr-system' content='tesseract 3.04.00' />
  <meta name='ocr-capabilities' content='ocr_page ocr_carea ocr_par ocr_line ocrx_word'/>
</head>
<body>
  <div class='ocr_page' id='page_1' title='image "./patrologiaecurs20unkngoog/patrologiaecurs20unkngoog_0350.png"; bbox 0 0 3742 5986; ppageno 0'>
   <div class='ocr_carea' id='block_1_1' title="bbox 654 205 1049 295">
    <p class='ocr_par' dir='ltr' id='par_1_1' title="bbox 654 205 1049 295">
     <span class='ocr_line' id='line_1_1' title="bbox 654 205 1049 295; baseline 0.008 -4"><span class='ocrx_word' id='word_1_1' title='bbox 654 205 655 208; x_wconf 52' lang='lat'>‘</span> <span class='ocrx_word' id='word_1_2' title='bbox 744 234 1049 295; x_wconf 78' lang='lat' dir='ltr'><strong><em>consuerumuus.</em></strong></span> 
     </span>
    </p>
   </div>
   <div class='ocr_carea' id='block_1_2' title="bbox 70 358 1722 835">
    <p class='ocr_par' dir='ltr' id='par_1_2' title="bbox 70 358 1722 835">
     <span class='ocr_line' id='line_1_2' title="bbox 681 358 1109 419; baseline 0.014 -6"><span class='ocrx_word' id='word_1_3' title='bbox 681 358 949 417; x_wconf 75' lang='lat' dir='ltr'><strong>CAPITULUM</strong></span> <span class='ocrx_word' id='word_1_4' title='bbox 978 363 1109 419; x_wconf 83' lang='lat' dir='ltr'>XXIV.</span> 
     </span>
     <span class='ocr_line' id='line_1_3' title="bbox 714 455 1075 529; baseline 0.019 -19"><span class='ocrx_word' id='word_1_5' title='bbox 714 455 810 512; x_wconf 80' lang='lat' dir='ltr'><strong><em>Oratio</em></strong></span> <span class='ocrx_word' id='word_1_6' title='bbox 824 472 909 529; x_wconf 81' lang='lat' dir='ltr'><strong><em>saper</em></strong></span> <span class='ocrx_word' id='word_1_7' title='bbox 923 461 1075 518; x_wconf 77' lang='lat' dir='ltr'><strong><em>cucullam.</em></strong></span> 
     </span>
     <span class='ocr_line' id='line_1_4' title="bbox 106 551 1722 632; baseline 0.012 -25"><span class='ocrx_word' id='word_1_8' title='bbox 106 554 224 610; x_wconf 81' lang='lat' dir='ltr'><em>Domine</em></span> <span class='ocrx_word' id='word_1_9' title='bbox 239 555 304 610; x_wconf 80' lang='lat' dir='ltr'><strong><em>iesu</em></strong></span> <span class='ocrx_word' id='word_1_10' title='bbox 315 551 435 619; x_wconf 79' lang='lat' dir='ltr'><strong><em>Christe,</em></strong></span> <span class='ocrx_word' id='word_1_11' title='bbox 459 552 506 624; x_wconf 82' lang='lat' dir='ltr'><strong><em>qui</em></strong></span> <span class='ocrx_word' id='word_1_12' title='bbox 523 552 645 624; x_wconf 79' lang='lat' dir='ltr'><strong><em>tepimcn</em></strong></span> <span class='ocrx_word' id='word_1_13' title='bbox 673 557 778 610; x_wconf 88' lang='lat' dir='ltr'><strong><em>nostra</em></strong></span> <span class='ocrx_word' id='word_1_14' title='bbox 804 556 992 613; x_wconf 73' lang='lat' dir='ltr'><em>mortalitatis</em></span> <span class='ocrx_word' id='word_1_15' title='bbox 1012 558 1130 616; x_wconf 90' lang='lat' dir='ltr'><strong><em>induere</em></strong></span> <span class='ocrx_word' id='word_1_16' title='bbox 1152 560 1284 632; x_wconf 73' lang='lat' dir='ltr'><strong><em>citonatus</em></strong></span> <span class='ocrx_word' id='word_1_17' title='bbox 1299 580 1337 631; x_wconf 88' lang='lat' dir='ltr'><strong><em>es,</em></strong></span> <span class='ocrx_word' id='word_1_18' title='bbox 1359 564 1535 623; x_wconf 77' lang='lat' dir='ltr'><em>obsecramus</em></span> <span class='ocrx_word' id='word_1_19' title='bbox 1552 570 1722 626; x_wconf 80' lang='lat' dir='ltr'><strong><em>immensam</em></strong></span> 
     </span>
     <span class='ocr_line' id='line_1_5' title="bbox 70 647 1721 732; baseline 0.012 -28"><span class='ocrx_word' id='word_1_20' title='bbox 70 653 128 705; x_wconf 85' lang='lat' dir='ltr'><strong><em>tuoe</em></strong></span> <span class='ocrx_word' id='word_1_21' title='bbox 140 649 285 722; x_wconf 80' lang='lat' dir='ltr'><strong><em>tarpitatis</em></strong></span> <span class='ocrx_word' id='word_1_22' title='bbox 305 647 522 712; x_wconf 79' lang='lat' dir='ltr'><strong><em>abundantiam,</em></strong></span> <span class='ocrx_word' id='word_1_23' title='bbox 543 651 577 702; x_wconf 88' lang='lat' dir='ltr'><strong><em>at</em></strong></span> <span class='ocrx_word' id='word_1_24' title='bbox 595 648 645 704; x_wconf 79' lang='lat' dir='ltr'><strong><em>troc</em></strong></span> <span class='ocrx_word' id='word_1_25' title='bbox 666 665 753 720; x_wconf 80' lang='lat' dir='ltr'><strong><em>penus</em></strong></span> <span class='ocrx_word' id='word_1_26' title='bbox 773 651 947 721; x_wconf 86' lang='lat' dir='ltr'><strong><em>vestimenti,</em></strong></span> <span class='ocrx_word' id='word_1_27' title='bbox 966 657 1037 727; x_wconf 80' lang='lat' dir='ltr'><strong><em>quad</em></strong></span> <span class='ocrx_word' id='word_1_28' title='bbox 1055 660 1151 714; x_wconf 86' lang='lat' dir='ltr'><strong><em>sancti</em></strong></span> <span class='ocrx_word' id='word_1_29' title='bbox 1164 662 1274 732; x_wconf 86' lang='lat' dir='ltr'><strong><em>Patres,</em></strong></span> <span class='ocrx_word' id='word_1_30' title='bbox 1293 661 1329 717; x_wconf 88' lang='lat' dir='ltr'><strong><em>ad</em></strong></span> <span class='ocrx_word' id='word_1_31' title='bbox 1346 662 1520 721; x_wconf 76' lang='lat' dir='ltr'><strong><em>innocentior</em></strong></span> <span class='ocrx_word' id='word_1_32' title='bbox 1536 667 1580 721; x_wconf 90' lang='lat' dir='ltr'><strong><em>cet</em></strong></span> <span class='ocrx_word' id='word_1_33' title='bbox 1600 665 1721 722; x_wconf 85' lang='lat' dir='ltr'><strong><em>bamili·</em></strong></span> 
     </span>
     <span class='ocr_line' id='line_1_6' title="bbox 70 745 1721 835; baseline 0.014 -34"><span class='ocrx_word' id='word_1_34' title='bbox 70 747 301 811; x_wconf 86' lang='lat' dir='ltr'><strong><em>batisindieium,</em></strong></span> <span class='ocrx_word' id='word_1_35' title='bbox 319 745 421 801; x_wconf 73' lang='lat' dir='ltr'><strong><em>secuto</em></strong></span> <span class='ocrx_word' id='word_1_36' title='bbox 432 745 669 801; x_wconf 85' lang='lat' dir='ltr'><strong><em>obrenuntiantes</em></strong></span> <span class='ocrx_word' id='word_1_37' title='bbox 687 750 763 817; x_wconf 77' lang='lat' dir='ltr'><strong><em>serre</em></strong></span> <span class='ocrx_word' id='word_1_38' title='bbox 782 754 954 817; x_wconf 80' lang='lat' dir='ltr'><strong><em>sonnerunt,</em></strong></span> <span class='ocrx_word' id='word_1_39' title='bbox 976 753 1018 809; x_wconf 91' lang='lat' dir='ltr'><strong><em>ita</em></strong></span> <span class='ocrx_word' id='word_1_40' title='bbox 1036 754 1198 813; x_wconf 87' lang='lat' dir='ltr'><strong><em>benedicere</em></strong></span> <span class='ocrx_word' id='word_1_41' title='bbox 1213 758 1352 829; x_wconf 74' lang='lat' dir='ltr'><strong><em>dionesie,</em></strong></span> <span class='ocrx_word' id='word_1_42' title='bbox 1371 766 1404 817; x_wconf 90' lang='lat' dir='ltr'><strong><em>at</em></strong></span> <span class='ocrx_word' id='word_1_43' title='bbox 1424 763 1469 819; x_wconf 80' lang='lat' dir='ltr'><strong><em>tric</em></strong></span> <span class='ocrx_word' id='word_1_44' title='bbox 1496 767 1721 835; x_wconf 69' lang='lat' dir='ltr'><strong><em>famulantum,</em></strong></span> 
     </span>
    </p>
   </div>
   <div class='ocr_carea' id='block_1_3' title="bbox 67 841 1719 1027">
    <p class='ocr_par' dir='ltr' id='par_1_3' title="bbox 67 841 1719 1027">
     <span class='ocr_line' id='line_1_7' title="bbox 68 841 1718 936; baseline 0.012 -36"><span class='ocrx_word' id='word_1_45' title='bbox 68 845 117 917; x_wconf 84' lang='lat' dir='ltr'><strong><em>pai</em></strong></span> <span class='ocrx_word' id='word_1_46' title='bbox 128 845 178 901; x_wconf 86' lang='lat' dir='ltr'><strong><em>boc</em></strong></span> <span class='ocrx_word' id='word_1_47' title='bbox 189 861 256 900; x_wconf 83' lang='lat' dir='ltr'><strong><em>usus</em></strong></span> <span class='ocrx_word' id='word_1_48' title='bbox 266 843 366 914; x_wconf 75' lang='lat' dir='ltr'><strong><em>suerit,</em></strong></span> <span class='ocrx_word' id='word_1_49' title='bbox 380 846 407 898; x_wconf 89' lang='lat' dir='ltr'><strong><em>to</em></strong></span> <span class='ocrx_word' id='word_1_50' title='bbox 419 841 538 898; x_wconf 89' lang='lat' dir='ltr'><strong><em>induere</em></strong></span> <span class='ocrx_word' id='word_1_51' title='bbox 557 848 711 899; x_wconf 87' lang='lat' dir='ltr'><strong><em>mereatur.</em></strong></span> <span class='ocrx_word' id='word_1_52' title='bbox 738 845 790 912; x_wconf 81' lang='lat' dir='ltr'><strong><em>ont</em></strong></span> <span class='ocrx_word' id='word_1_53' title='bbox 807 845 875 901; x_wconf 77' lang='lat' dir='ltr'><strong><em>mois</em></strong></span> <span class='ocrx_word' id='word_1_54' title='bbox 885 849 914 901; x_wconf 80' lang='lat' dir='ltr'><strong><em>tt</em></strong></span> <span class='ocrx_word' id='word_1_55' title='bbox 929 863 1029 919; x_wconf 79' lang='lat' dir='ltr'><strong><em>repnas</em></strong></span> <span class='ocrx_word' id='word_1_56' title='bbox 1045 867 1109 907; x_wconf 91' lang='lat' dir='ltr'><strong><em>cum</em></strong></span> <span class='ocrx_word' id='word_1_57' title='bbox 1130 854 1183 909; x_wconf 87' lang='lat' dir='ltr'><strong><em>Deo</em></strong></span> <span class='ocrx_word' id='word_1_58' title='bbox 1201 855 1296 910; x_wconf 85' lang='lat' dir='ltr'><strong><em>Patre.</em></strong></span> <span class='ocrx_word' id='word_1_59' title='bbox 1313 856 1417 913; x_wconf 89' lang='lat' dir='ltr'><strong><em>Dehinc</em></strong></span> <span class='ocrx_word' id='word_1_60' title='bbox 1431 873 1519 931; x_wconf 88' lang='lat' dir='ltr'><strong><em>cappa</em></strong></span> <span class='ocrx_word' id='word_1_61' title='bbox 1532 860 1655 919; x_wconf 83' lang='lat' dir='ltr'><strong><em>detracta</em></strong></span> <span class='ocrx_word' id='word_1_62' title='bbox 1669 860 1718 936; x_wconf 85' lang='lat' dir='ltr'><strong><em>[at.</em></strong></span> 
     </span>
     <span class='ocr_line' id='line_1_8' title="bbox 67 937 1719 1027; baseline 0.013 -33"><span class='ocrx_word' id='word_1_63' title='bbox 67 940 164 1014; x_wconf 86' lang='lat' dir='ltr'><strong><em>tracta]</em></strong></span> <span class='ocrx_word' id='word_1_64' title='bbox 180 939 286 996; x_wconf 90' lang='lat' dir='ltr'><strong><em>cuculla</em></strong></span> <span class='ocrx_word' id='word_1_65' title='bbox 301 937 432 994; x_wconf 88' lang='lat' dir='ltr'><strong><em>novitium</em></strong></span> <span class='ocrx_word' id='word_1_66' title='bbox 459 937 553 1004; x_wconf 90' lang='lat' dir='ltr'><strong><em>induit,</em></strong></span> <span class='ocrx_word' id='word_1_67' title='bbox 569 937 662 1010; x_wconf 89' lang='lat' dir='ltr'><strong><em>sicque</em></strong></span> <span class='ocrx_word' id='word_1_68' title='bbox 677 940 712 995; x_wconf 90' lang='lat' dir='ltr'><strong><em>ad</em></strong></span> <span class='ocrx_word' id='word_1_69' title='bbox 727 955 812 995; x_wconf 91' lang='lat' dir='ltr'><strong><em>cornu</em></strong></span> <span class='ocrx_word' id='word_1_70' title='bbox 840 941 976 999; x_wconf 90' lang='lat' dir='ltr'><strong><em>accedens</em></strong></span> <span class='ocrx_word' id='word_1_71' title='bbox 1004 946 1108 1018; x_wconf 86' lang='lat' dir='ltr'><strong><em>altaris,</em></strong></span> <span class='ocrx_word' id='word_1_72' title='bbox 1124 949 1322 1019; x_wconf 81' lang='lat' dir='ltr'><strong><em>professionem</em></strong></span> <span class='ocrx_word' id='word_1_73' title='bbox 1345 969 1423 1009; x_wconf 89' lang='lat' dir='ltr'><strong><em>suam</em></strong></span> <span class='ocrx_word' id='word_1_74' title='bbox 1437 965 1528 1027; x_wconf 86' lang='lat' dir='ltr'><strong><em>aperte</em></strong></span> <span class='ocrx_word' id='word_1_75' title='bbox 1543 965 1568 1013; x_wconf 91' lang='lat' dir='ltr'><strong><em>et</em></strong></span> <span class='ocrx_word' id='word_1_76' title='bbox 1584 958 1719 1020; x_wconf 86' lang='lat' dir='ltr'><strong><em>distinete,</em></strong></span> 
     </span>
    </p>
   </div>
   <div class='ocr_carea' id='block_1_4' title="bbox 66 1031 1718 1295">
    <p class='ocr_par' dir='ltr' id='par_1_4' title="bbox 66 1031 1718 1295">
     <span class='ocr_line' id='line_1_9' title="bbox 66 1031 1718 1129; baseline 0.012 -36"><span class='ocrx_word' id='word_1_77' title='bbox 66 1037 238 1093; x_wconf 80' lang='lat' dir='ltr'><strong><em>audientibus</em></strong></span> <span class='ocrx_word' id='word_1_78' title='bbox 252 1036 389 1102; x_wconf 88' lang='lat' dir='ltr'><strong><em>omnibus,</em></strong></span> <span class='ocrx_word' id='word_1_79' title='bbox 415 1031 490 1106; x_wconf 68' lang='lat' dir='ltr'><strong><em>legit,</em></strong></span> <span class='ocrx_word' id='word_1_80' title='bbox 517 1034 669 1107; x_wconf 88' lang='lat' dir='ltr'><strong><em>lectamque</em></strong></span> <span class='ocrx_word' id='word_1_81' title='bbox 685 1053 767 1108; x_wconf 89' lang='lat' dir='ltr'><strong><em>super</em></strong></span> <span class='ocrx_word' id='word_1_82' title='bbox 781 1039 963 1096; x_wconf 81' lang='lat' dir='ltr'><strong><em>exosculatum</em></strong></span> <span class='ocrx_word' id='word_1_83' title='bbox 979 1043 1057 1102; x_wconf 81' lang='lat' dir='ltr'><strong><em>oderi</em></strong></span> <span class='ocrx_word' id='word_1_84' title='bbox 1072 1047 1165 1102; x_wconf 83' lang='lat' dir='ltr'><strong><em>altare.</em></strong></span> <span class='ocrx_word' id='word_1_85' title='bbox 1185 1049 1386 1116; x_wconf 77' lang='lat' dir='ltr'><strong><em>Inclinavusaue</em></strong></span> <span class='ocrx_word' id='word_1_86' title='bbox 1400 1052 1435 1108; x_wconf 87' lang='lat' dir='ltr'><strong><em>ad</em></strong></span> <span class='ocrx_word' id='word_1_87' title='bbox 1449 1054 1601 1111; x_wconf 88' lang='lat' dir='ltr'><strong><em>sacerdotis</em></strong></span> <span class='ocrx_word' id='word_1_88' title='bbox 1621 1055 1718 1129; x_wconf 86' lang='lat' dir='ltr'><strong><em>pedes,</em></strong></span> 
     </span>
     <span class='ocr_line' id='line_1_10' title="bbox 66 1132 692 1208; baseline -0.005 -16"><span class='ocrx_word' id='word_1_89' title='bbox 66 1136 112 1192; x_wconf 87' lang='lat' dir='ltr'><strong><em>tali</em></strong></span> <span class='ocrx_word' id='word_1_90' title='bbox 126 1135 321 1208; x_wconf 81' lang='lat' dir='ltr'><strong><em>deprecatione</em></strong></span> <span class='ocrx_word' id='word_1_91' title='bbox 336 1133 448 1204; x_wconf 84' lang='lat' dir='ltr'><strong><em>suscipit</em></strong></span> <span class='ocrx_word' id='word_1_92' title='bbox 462 1132 692 1189; x_wconf 86' lang='lat' dir='ltr'><strong><em>benedictionem.</em></strong></span> 
     </span>
     <span class='ocr_line' id='line_1_11' title="bbox 755 1231 1041 1295; baseline 0.024 -7"><span class='ocrx_word' id='word_1_93' title='bbox 755 1231 1041 1295; x_wconf 78' lang='lat' dir='ltr'><strong>COMMENTARIUS.</strong></span> 
     </span>
    </p>
   </div>
   <div class='ocr_carea' id='block_1_5' title="bbox 60 1327 1720 2469">
    <p class='ocr_par' dir='ltr' id='par_1_5' title="bbox 63 1327 1720 1770">
     <span class='ocr_line' id='line_1_12' title="bbox 102 1327 1720 1421; baseline 0.01 -35"><span class='ocrx_word' id='word_1_94' title='bbox 102 1330 172 1386; x_wconf 87' lang='lat' dir='ltr'><strong><em>ibid.</em></strong></span> <span class='ocrx_word' id='word_1_95' title='bbox 189 1332 225 1386; x_wconf 80' lang='lat' dir='ltr'><strong><em>ei</em></strong></span> <span class='ocrx_word' id='word_1_96' title='bbox 237 1330 433 1386; x_wconf 79' lang='lat' dir='ltr'><strong><em>obedientiam.</em></strong></span> <span class='ocrx_word' id='word_1_97' title='bbox 450 1328 512 1384; x_wconf 89' lang='lat' dir='ltr'><strong><em>Non</em></strong></span> <span class='ocrx_word' id='word_1_98' title='bbox 527 1327 636 1383; x_wconf 80' lang='lat' dir='ltr'><strong><em>additur</em></strong></span> <span class='ocrx_word' id='word_1_99' title='bbox 650 1330 806 1386; x_wconf 85' lang='lat' dir='ltr'><strong><em>secandam</em></strong></span> <span class='ocrx_word' id='word_1_100' title='bbox 821 1347 869 1387; x_wconf 89' lang='lat' dir='ltr'><strong><em>re·</em></strong></span> <span class='ocrx_word' id='word_1_101' title='bbox 883 1330 1024 1406; x_wconf 79' lang='lat' dir='ltr'><strong><em>Agradus</em></strong></span> <span class='ocrx_word' id='word_1_102' title='bbox 1051 1336 1213 1395; x_wconf 78' lang='lat' dir='ltr'><strong><em>obedientia</em></strong></span> <span class='ocrx_word' id='word_1_103' title='bbox 1241 1356 1258 1396; x_wconf 91' lang='lat' dir='ltr'><strong><em>e</em></strong></span> <span class='ocrx_word' id='word_1_104' title='bbox 1281 1344 1383 1399; x_wconf 90' lang='lat' dir='ltr'><strong><em>sanctis</em></strong></span> <span class='ocrx_word' id='word_1_105' title='bbox 1414 1345 1538 1403; x_wconf 87' lang='lat' dir='ltr'><strong><em>Patribus</em></strong></span> <span class='ocrx_word' id='word_1_106' title='bbox 1567 1347 1720 1421; x_wconf 86' lang='lat' dir='ltr'><strong><em>descriptos</em></strong></span> 
     </span>
     <span class='ocr_line' id='line_1_13' title="bbox 67 1416 1718 1508; baseline 0.002 -32"><span class='ocrx_word' id='word_1_107' title='bbox 67 1421 177 1490; x_wconf 80' lang='lat' dir='ltr'><strong><em>palam,</em></strong></span> <span class='ocrx_word' id='word_1_108' title='bbox 190 1418 254 1490; x_wconf 90' lang='lat' dir='ltr'><strong><em>quia</em></strong></span> <span class='ocrx_word' id='word_1_109' title='bbox 275 1433 405 1473; x_wconf 91' lang='lat' dir='ltr'><strong><em>vovemus</em></strong></span> <span class='ocrx_word' id='word_1_110' title='bbox 420 1431 481 1472; x_wconf 90' lang='lat' dir='ltr'><strong><em>eam</em></strong></span> <span class='ocrx_word' id='word_1_111' title='bbox 503 1416 628 1472; x_wconf 88' lang='lat' dir='ltr'><strong><em>absolute</em></strong></span> <span class='ocrx_word' id='word_1_112' title='bbox 642 1423 668 1472; x_wconf 90' lang='lat' dir='ltr'><strong><em>et</em></strong></span> <span class='ocrx_word' id='word_1_113' title='bbox 683 1418 789 1489; x_wconf 86' lang='lat' dir='ltr'><strong><em>absque</em></strong></span> <span class='ocrx_word' id='word_1_114' title='bbox 813 1417 869 1473; x_wconf 89' lang='lat' dir='ltr'><strong><em>ulle</em></strong></span> <span class='ocrx_word' id='word_1_115' title='bbox 918 1438 1027 1494; x_wconf 90' lang='lat' dir='ltr'><strong><em>semper</em></strong></span> <span class='ocrx_word' id='word_1_116' title='bbox 1040 1427 1199 1494; x_wconf 83' lang='lat' dir='ltr'><strong><em>escendere,</em></strong></span> <span class='ocrx_word' id='word_1_117' title='bbox 1216 1428 1332 1502; x_wconf 90' lang='lat' dir='ltr'><strong><em>illosque</em></strong></span> <span class='ocrx_word' id='word_1_118' title='bbox 1347 1431 1374 1487; x_wconf 89' lang='lat' dir='ltr'><strong><em>in</em></strong></span> <span class='ocrx_word' id='word_1_119' title='bbox 1392 1433 1475 1489; x_wconf 89' lang='lat' dir='ltr'><strong><em>corde</em></strong></span> <span class='ocrx_word' id='word_1_120' title='bbox 1490 1450 1539 1489; x_wconf 92' lang='lat' dir='ltr'><strong><em>suo</em></strong></span> <span class='ocrx_word' id='word_1_121' title='bbox 1552 1435 1597 1506; x_wconf 88' lang='lat' dir='ltr'><strong><em>pie</em></strong></span> <span class='ocrx_word' id='word_1_122' title='bbox 1622 1436 1718 1508; x_wconf 75' lang='lat' dir='ltr'><strong><em>dispo.</em></strong></span> 
     </span>
     <span class='ocr_line' id='line_1_14' title="bbox 66 1504 1716 1594; baseline 0.01 -28"><span class='ocrx_word' id='word_1_123' title='bbox 66 1507 234 1577; x_wconf 87' lang='lat' dir='ltr'><strong><em>conditione,</em></strong></span> <span class='ocrx_word' id='word_1_124' title='bbox 246 1514 287 1561; x_wconf 86' lang='lat' dir='ltr'><strong><em>est</em></strong></span> <span class='ocrx_word' id='word_1_125' title='bbox 298 1505 370 1561; x_wconf 84' lang='lat' dir='ltr'><strong><em>enim</em></strong></span> <span class='ocrx_word' id='word_1_126' title='bbox 385 1504 458 1577; x_wconf 88' lang='lat' dir='ltr'><strong><em>apud</em></strong></span> <span class='ocrx_word' id='word_1_127' title='bbox 468 1519 519 1560; x_wconf 90' lang='lat' dir='ltr'><strong><em>nos</em></strong></span> <span class='ocrx_word' id='word_1_128' title='bbox 532 1521 620 1577; x_wconf 86' lang='lat' dir='ltr'><strong><em>supra</em></strong></span> <span class='ocrx_word' id='word_1_129' title='bbox 631 1506 770 1578; x_wconf 79' lang='lat' dir='ltr'><strong><em>rapulam,</em></strong></span> <span class='ocrx_word' id='word_1_130' title='bbox 787 1513 813 1561; x_wconf 91' lang='lat' dir='ltr'><strong><em>et</em></strong></span> <span class='ocrx_word' id='word_1_131' title='bbox 828 1514 869 1561; x_wconf 90' lang='lat' dir='ltr'><strong><em>est</em></strong></span> <span class='ocrx_word' id='word_1_132' title='bbox 917 1526 992 1567; x_wconf 89' lang='lat' dir='ltr'><strong><em>nere.</em></strong></span> <span class='ocrx_word' id='word_1_133' title='bbox 1010 1513 1038 1569; x_wconf 91' lang='lat' dir='ltr'><strong><em>Si</em></strong></span> <span class='ocrx_word' id='word_1_134' title='bbox 1052 1530 1116 1570; x_wconf 90' lang='lat' dir='ltr'><strong><em>vero</em></strong></span> <span class='ocrx_word' id='word_1_135' title='bbox 1141 1532 1157 1571; x_wconf 92' lang='lat' dir='ltr'><strong><em>e</em></strong></span> <span class='ocrx_word' id='word_1_136' title='bbox 1172 1519 1305 1575; x_wconf 86' lang='lat' dir='ltr'><strong><em>contrario</em></strong></span> <span class='ocrx_word' id='word_1_137' title='bbox 1332 1521 1434 1594; x_wconf 83' lang='lat' dir='ltr'><strong><em>gradus</em></strong></span> <span class='ocrx_word' id='word_1_138' title='bbox 1461 1521 1649 1580; x_wconf 84' lang='lat' dir='ltr'><strong><em>descensionis</em></strong></span> <span class='ocrx_word' id='word_1_139' title='bbox 1664 1523 1716 1583; x_wconf 87' lang='lat' dir='ltr'><strong><em>sibi</em></strong></span> 
     </span>
     <span class='ocr_line' id='line_1_15' title="bbox 63 1591 1714 1681; baseline 0.004 -29"><span class='ocrx_word' id='word_1_140' title='bbox 63 1596 138 1652; x_wconf 84' lang='lat' dir='ltr'><strong><em>velut</em></strong></span> <span class='ocrx_word' id='word_1_141' title='bbox 153 1595 304 1651; x_wconf 86' lang='lat' dir='ltr'><strong><em>substantie</em></strong></span> <span class='ocrx_word' id='word_1_142' title='bbox 319 1593 431 1663; x_wconf 73' lang='lat' dir='ltr'><strong><em>regula,</em></strong></span> <span class='ocrx_word' id='word_1_143' title='bbox 446 1601 474 1647; x_wconf 92' lang='lat' dir='ltr'><strong><em>ut</em></strong></span> <span class='ocrx_word' id='word_1_144' title='bbox 489 1591 562 1647; x_wconf 88' lang='lat' dir='ltr'><strong><em>infra</em></strong></span> <span class='ocrx_word' id='word_1_145' title='bbox 578 1592 761 1648; x_wconf 83' lang='lat' dir='ltr'><strong><em>manifestabit</em></strong></span> <span class='ocrx_word' id='word_1_146' title='bbox 790 1594 823 1649; x_wconf 87' lang='lat' dir='ltr'><strong><em>R.</em></strong></span> <span class='ocrx_word' id='word_1_147' title='bbox 836 1594 865 1649; x_wconf 90' lang='lat' dir='ltr'><strong><em>P.</em></strong></span> <span class='ocrx_word' id='word_1_148' title='bbox 917 1598 1051 1673; x_wconf 83' lang='lat' dir='ltr'><strong><em>disponat,</em></strong></span> <span class='ocrx_word' id='word_1_149' title='bbox 1068 1604 1214 1676; x_wconf 74' lang='lat' dir='ltr'><strong><em>querendo</em></strong></span> <span class='ocrx_word' id='word_1_150' title='bbox 1229 1607 1320 1662; x_wconf 90' lang='lat' dir='ltr'><strong><em>media</em></strong></span> <span class='ocrx_word' id='word_1_151' title='bbox 1334 1609 1369 1664; x_wconf 92' lang='lat' dir='ltr'><strong><em>ad</em></strong></span> <span class='ocrx_word' id='word_1_152' title='bbox 1383 1609 1521 1681; x_wconf 82' lang='lat' dir='ltr'><strong><em>propriam</em></strong></span> <span class='ocrx_word' id='word_1_153' title='bbox 1548 1611 1714 1668; x_wconf 73' lang='lat' dir='ltr'><strong><em>voluntatem</em></strong></span> 
     </span>
     <span class='ocr_line' id='line_1_16' title="bbox 67 1680 1717 1770; baseline 0.003 -18"><span class='ocrx_word' id='word_1_154' title='bbox 67 1685 158 1756; x_wconf 72' lang='lat' dir='ltr'>Gssig⁰</span> <span class='ocrx_word' id='word_1_155' title='bbox 173 1700 236 1755; x_wconf 70' lang='lat' dir='ltr'><strong><em>cab·</em></strong></span> <span class='ocrx_word' id='word_1_156' title='bbox 257 1687 302 1749; x_wconf 69' lang='grc'><strong><em>35,</em></strong></span> <span class='ocrx_word' id='word_1_157' title='bbox 318 1691 344 1737; x_wconf 70' lang='lat' dir='ltr'><strong><em>el</em></strong></span> <span class='ocrx_word' id='word_1_158' title='bbox 359 1682 395 1737; x_wconf 75' lang='lat' dir='ltr'><strong><em>ibi</em></strong></span> <span class='ocrx_word' id='word_1_159' title='bbox 405 1682 440 1737; x_wconf 75' lang='lat' dir='ltr'><strong><em>de</em></strong></span> <span class='ocrx_word' id='word_1_160' title='bbox 455 1682 506 1737; x_wconf 72' lang='lat' dir='ltr'><strong><em>hac</em></strong></span> <span class='ocrx_word' id='word_1_161' title='bbox 518 1697 549 1738; x_wconf 78' lang='lat' dir='ltr'><strong><em>re</em></strong></span> <span class='ocrx_word' id='word_1_162' title='bbox 571 1680 657 1736; x_wconf 85' lang='lat' dir='ltr'><strong><em>fusius</em></strong></span> <span class='ocrx_word' id='word_1_163' title='bbox 682 1697 809 1756; x_wconf 84' lang='lat' dir='ltr'><strong><em>agemus.</em></strong></span> <span class='ocrx_word' id='word_1_164' title='bbox 917 1687 1028 1744; x_wconf 90' lang='lat' dir='ltr'><strong><em>liberius</em></strong></span> <span class='ocrx_word' id='word_1_165' title='bbox 1043 1693 1254 1763; x_wconf 85' lang='lat' dir='ltr'><strong><em>exsequendam,</em></strong></span> <span class='ocrx_word' id='word_1_166' title='bbox 1271 1695 1324 1751; x_wconf 92' lang='lat' dir='ltr'><strong><em>imo</em></strong></span> <span class='ocrx_word' id='word_1_167' title='bbox 1341 1697 1376 1751; x_wconf 89' lang='lat' dir='ltr'><strong><em>ad</em></strong></span> <span class='ocrx_word' id='word_1_168' title='bbox 1390 1699 1539 1770; x_wconf 87' lang='lat' dir='ltr'><strong><em>rumpenda</em></strong></span> <span class='ocrx_word' id='word_1_169' title='bbox 1553 1699 1661 1756; x_wconf 89' lang='lat' dir='ltr'><strong><em>vincula</em></strong></span> <span class='ocrx_word' id='word_1_170' title='bbox 1674 1701 1717 1758; x_wconf 90' lang='lat' dir='ltr'><strong><em>sui</em></strong></span> 
     </span>
    </p>

    <p class='ocr_par' dir='ltr' id='par_1_6' title="bbox 60 1770 1718 2469">
     <span class='ocr_line' id='line_1_17' title="bbox 101 1770 1718 1861; baseline 0.003 -21"><span class='ocrx_word' id='word_1_171' title='bbox 101 1773 170 1828; x_wconf 59' lang='grc' dir='ltr'><strong><em>ΠΜ·</em></strong></span> <span class='ocrx_word' id='word_1_172' title='bbox 187 1773 221 1828; x_wconf 69' lang='lat' dir='ltr'><strong><em>Ei</em></strong></span> <span class='ocrx_word' id='word_1_173' title='bbox 235 1773 446 1829; x_wconf 62' lang='lat' dir='ltr'><strong><em>ebullitionem</em></strong></span> <span class='ocrx_word' id='word_1_174' title='bbox 459 1786 572 1826; x_wconf 65' lang='lat' dir='ltr'><strong><em>mrum</em></strong></span> <span class='ocrx_word' id='word_1_175' title='bbox 584 1785 723 1827; x_wconf 70' lang='lat' dir='ltr'><strong><em>meorum·</em></strong></span> <span class='ocrx_word' id='word_1_176' title='bbox 742 1772 793 1827; x_wconf 81' lang='lat' dir='ltr'><strong><em>Per</em></strong></span> <span class='ocrx_word' id='word_1_177' title='bbox 801 1770 868 1826; x_wconf 86' lang='lat' dir='ltr'><strong><em>illud</em></strong></span> <span class='ocrx_word' id='word_1_178' title='bbox 916 1775 1036 1847; x_wconf 87' lang='lat' dir='ltr'><strong><em>instituti,</em></strong></span> <span class='ocrx_word' id='word_1_179' title='bbox 1053 1779 1080 1833; x_wconf 91' lang='lat' dir='ltr'><strong><em>in</em></strong></span> <span class='ocrx_word' id='word_1_180' title='bbox 1092 1796 1146 1851; x_wconf 88' lang='lat' dir='ltr'><strong><em>quo</em></strong></span> <span class='ocrx_word' id='word_1_181' title='bbox 1160 1788 1186 1836; x_wconf 87' lang='lat' dir='ltr'><strong><em>et</em></strong></span> <span class='ocrx_word' id='word_1_182' title='bbox 1201 1784 1352 1840; x_wconf 89' lang='lat' dir='ltr'><strong><em>secundum</em></strong></span> <span class='ocrx_word' id='word_1_183' title='bbox 1373 1787 1446 1856; x_wconf 91' lang='lat' dir='ltr'><strong><em>quod</em></strong></span> <span class='ocrx_word' id='word_1_184' title='bbox 1460 1788 1518 1843; x_wconf 91' lang='lat' dir='ltr'><strong><em>Deo</em></strong></span> <span class='ocrx_word' id='word_1_185' title='bbox 1534 1788 1638 1844; x_wconf 89' lang='lat' dir='ltr'><strong><em>servire</em></strong></span> <span class='ocrx_word' id='word_1_186' title='bbox 1652 1804 1718 1861; x_wconf 89' lang='lat' dir='ltr'><strong><em>pro·</em></strong></span> 
     </span>
     <span class='ocr_line' id='line_1_18' title="bbox 63 1859 1716 1944; baseline 0.009 -26"><span class='ocrx_word' id='word_1_187' title='bbox 63 1869 158 1918; x_wconf 89' lang='lat' dir='ltr'><strong><em>votum</em></strong></span> <span class='ocrx_word' id='word_1_188' title='bbox 181 1860 341 1932; x_wconf 82' lang='lat' dir='ltr'><strong><em>exprimitur</em></strong></span> <span class='ocrx_word' id='word_1_189' title='bbox 369 1859 515 1930; x_wconf 87' lang='lat' dir='ltr'><strong><em>promissio</em></strong></span> <span class='ocrx_word' id='word_1_190' title='bbox 544 1874 653 1930; x_wconf 89' lang='lat' dir='ltr'><strong><em>semper</em></strong></span> <span class='ocrx_word' id='word_1_191' title='bbox 680 1859 819 1930; x_wconf 89' lang='lat' dir='ltr'><strong><em>aspirandi</em></strong></span> <span class='ocrx_word' id='word_1_192' title='bbox 833 1859 867 1913; x_wconf 93' lang='lat' dir='ltr'><strong><em>ad</em></strong></span> <span class='ocrx_word' id='word_1_193' title='bbox 916 1865 999 1933; x_wconf 87' lang='lat' dir='ltr'><strong><em>misit,</em></strong></span> <span class='ocrx_word' id='word_1_194' title='bbox 1012 1868 1185 1938; x_wconf 86' lang='lat' dir='ltr'><strong><em>perspicuum</em></strong></span> <span class='ocrx_word' id='word_1_195' title='bbox 1208 1879 1249 1926; x_wconf 88' lang='lat' dir='ltr'><strong><em>est</em></strong></span> <span class='ocrx_word' id='word_1_196' title='bbox 1262 1871 1339 1927; x_wconf 91' lang='lat' dir='ltr'><strong><em>illum</em></strong></span> <span class='ocrx_word' id='word_1_197' title='bbox 1352 1889 1469 1944; x_wconf 90' lang='lat' dir='ltr'><strong><em>peccare</em></strong></span> <span class='ocrx_word' id='word_1_198' title='bbox 1484 1881 1540 1930; x_wconf 87' lang='lat' dir='ltr'><strong><em>tum</em></strong></span> <span class='ocrx_word' id='word_1_199' title='bbox 1557 1884 1650 1932; x_wconf 87' lang='lat' dir='ltr'><strong><em>contra</em></strong></span> <span class='ocrx_word' id='word_1_200' title='bbox 1664 1893 1716 1934; x_wconf 92' lang='lat' dir='ltr'><strong><em>vo-</em></strong></span> 
     </span>
     <span class='ocr_line' id='line_1_19' title="bbox 64 1946 1714 2024; baseline -0.008 -20"><span class='ocrx_word' id='word_1_201' title='bbox 64 1950 189 2017; x_wconf 88' lang='lat' dir='ltr'><strong><em>meliora,</em></strong></span> <span class='ocrx_word' id='word_1_202' title='bbox 205 1958 379 2020; x_wconf 89' lang='lat' dir='ltr'><strong><em>etuuuquam</em></strong></span> <span class='ocrx_word' id='word_1_203' title='bbox 393 1946 715 2018; x_wconf 88' lang='lat' dir='ltr'><strong><em>recedendiaproposito</em></strong></span> <span class='ocrx_word' id='word_1_204' title='bbox 730 1963 760 2001; x_wconf 90' lang='lat' dir='ltr'><strong><em>se</em></strong></span> <span class='ocrx_word' id='word_1_205' title='bbox 774 1962 868 2002; x_wconf 89' lang='lat' dir='ltr'><strong><em>emen-</em></strong></span> <span class='ocrx_word' id='word_1_206' title='bbox 916 1961 973 2008; x_wconf 80' lang='lat' dir='ltr'><strong><em>eum</em></strong></span> <span class='ocrx_word' id='word_1_207' title='bbox 1000 1955 1172 2024; x_wconf 57' lang='lat' dir='ltr'><strong><em>obediemiae,</em></strong></span> <span class='ocrx_word' id='word_1_208' title='bbox 1199 1965 1255 2014; x_wconf 64' lang='lat' dir='ltr'><strong><em>pum</em></strong></span> <span class='ocrx_word' id='word_1_209' title='bbox 1285 1969 1382 2017; x_wconf 62' lang='lat' dir='ltr'><strong><em>comm</em></strong></span> <span class='ocrx_word' id='word_1_210' title='bbox 1408 1971 1499 2018; x_wconf 56' lang='lat' dir='ltr'>votum</span> <span class='ocrx_word' id='word_1_211' title='bbox 1524 1965 1714 2021; x_wconf 53' lang='lat' dir='ltr'><strong>conversionis</strong></span> 
     </span>
     <span class='ocr_line' id='line_1_20' title="bbox 62 2034 1716 2124; baseline 0.005 -30"><span class='ocrx_word' id='word_1_212' title='bbox 62 2037 253 2094; x_wconf 86' lang='lat' dir='ltr'><strong><em>dendi:unde</em></strong></span> <span class='ocrx_word' id='word_1_213' title='bbox 282 2035 499 2092; x_wconf 89' lang='lat' dir='ltr'><strong><em>concludendum</em></strong></span> <span class='ocrx_word' id='word_1_214' title='bbox 528 2043 570 2090; x_wconf 90' lang='lat' dir='ltr'><strong><em>est</em></strong></span> <span class='ocrx_word' id='word_1_215' title='bbox 602 2034 676 2089; x_wconf 93' lang='lat' dir='ltr'><strong><em>illum</em></strong></span> <span class='ocrx_word' id='word_1_216' title='bbox 702 2036 866 2091; x_wconf 89' lang='lat' dir='ltr'><strong><em>monachum</em></strong></span> <span class='ocrx_word' id='word_1_217' title='bbox 914 2058 1031 2109; x_wconf 91' lang='lat' dir='ltr'><strong><em>morum,</em></strong></span> <span class='ocrx_word' id='word_1_218' title='bbox 1048 2045 1146 2115; x_wconf 90' lang='lat' dir='ltr'><strong><em>quibus</em></strong></span> <span class='ocrx_word' id='word_1_219' title='bbox 1160 2045 1261 2117; x_wconf 81' lang='lat' dir='ltr'><strong><em>ligatus</em></strong></span> <span class='ocrx_word' id='word_1_220' title='bbox 1276 2057 1327 2115; x_wconf 85' lang='lat' dir='ltr'><strong><em>est,</em></strong></span> <span class='ocrx_word' id='word_1_221' title='bbox 1344 2057 1371 2104; x_wconf 90' lang='lat' dir='ltr'><strong><em>et</em></strong></span> <span class='ocrx_word' id='word_1_222' title='bbox 1386 2050 1425 2106; x_wconf 90' lang='lat' dir='ltr'><strong><em>sic</em></strong></span> <span class='ocrx_word' id='word_1_223' title='bbox 1447 2051 1549 2124; x_wconf 79' lang='lat' dir='ltr'><strong><em>ligatus</em></strong></span> <span class='ocrx_word' id='word_1_224' title='bbox 1564 2067 1597 2107; x_wconf 87' lang='lat' dir='ltr'><strong><em>ex</em></strong></span> <span class='ocrx_word' id='word_1_225' title='bbox 1618 2053 1645 2108; x_wconf 92' lang='lat' dir='ltr'><strong><em>vi</em></strong></span> <span class='ocrx_word' id='word_1_226' title='bbox 1660 2053 1716 2109; x_wconf 85' lang='lat' dir='ltr'><strong><em>voti</em></strong></span> 
     </span>
     <span class='ocr_line' id='line_1_21' title="bbox 62 2122 1714 2212; baseline 0.001 -18"><span class='ocrx_word' id='word_1_227' title='bbox 62 2127 136 2198; x_wconf 63' lang='lat' dir='ltr'><strong><em>apud</em></strong></span> <span class='ocrx_word' id='word_1_228' title='bbox 151 2141 212 2192; x_wconf 70' lang='lat'>11⁰⁸,</span> <span class='ocrx_word' id='word_1_229' title='bbox 230 2124 275 2197; x_wconf 75' lang='lat' dir='ltr'><strong><em>qui</em></strong></span> <span class='ocrx_word' id='word_1_230' title='bbox 291 2124 348 2179; x_wconf 74' lang='lat'>⁸01³</span> <span class='ocrx_word' id='word_1_231' title='bbox 371 2123 520 2190; x_wconf 87' lang='lat' dir='ltr'><strong><em>voluntate,</em></strong></span> <span class='ocrx_word' id='word_1_232' title='bbox 537 2123 579 2178; x_wconf 66' lang='lat' dir='ltr'><strong><em>Vel</em></strong></span> <span class='ocrx_word' id='word_1_233' title='bbox 593 2122 698 2178; x_wconf 66' lang='lat' dir='ltr'><strong><em>aclibus</em></strong></span> <span class='ocrx_word' id='word_1_234' title='bbox 724 2123 866 2180; x_wconf 76' lang='lat' dir='ltr'><strong><em>desereret</em></strong></span> <span class='ocrx_word' id='word_1_235' title='bbox 915 2131 1017 2199; x_wconf 88' lang='lat' dir='ltr'><strong><em>emissi,</em></strong></span> <span class='ocrx_word' id='word_1_236' title='bbox 1030 2141 1067 2197; x_wconf 88' lang='lat' dir='ltr'><strong><em>ut,</em></strong></span> <span class='ocrx_word' id='word_1_237' title='bbox 1082 2134 1158 2202; x_wconf 88' lang='lat' dir='ltr'><strong><em>juxta</em></strong></span> <span class='ocrx_word' id='word_1_238' title='bbox 1173 2135 1287 2190; x_wconf 89' lang='lat' dir='ltr'><strong><em>instituti</em></strong></span> <span class='ocrx_word' id='word_1_239' title='bbox 1297 2136 1498 2194; x_wconf 77' lang='lat' dir='ltr'><strong><em>carthusiensis</em></strong></span> <span class='ocrx_word' id='word_1_240' title='bbox 1508 2155 1642 2207; x_wconf 89' lang='lat' dir='ltr'><strong><em>normam,</em></strong></span> <span class='ocrx_word' id='word_1_241' title='bbox 1655 2157 1714 2212; x_wconf 88' lang='lat' dir='ltr'><strong><em>pro·</em></strong></span> 
     </span>
     <span class='ocr_line' id='line_1_22' title="bbox 62 2211 1713 2298; baseline 0 -11"><span class='ocrx_word' id='word_1_242' title='bbox 62 2212 469 2287; x_wconf 61' lang='lat' dir='ltr'><strong><em>l³s0120⁸it¹¹¹¹¹llf⁰f¹⁰ie¹1di⁸¹¹t</em></strong></span> <span class='ocrx_word' id='word_1_243' title='bbox 491 2228 521 2267; x_wconf 66' lang='grc' dir='ltr'><strong><em>ὅθ</em></strong></span> <span class='ocrx_word' id='word_1_244' title='bbox 552 2211 735 2278; x_wconf 66' lang='lat' dir='ltr'><strong><em>emessdflssdii</em></strong></span> <span class='ocrx_word' id='word_1_245' title='bbox 752 2226 865 2283; x_wconf 63' lang='lat' dir='ltr'><strong><em>peccate</em></strong></span> <span class='ocrx_word' id='word_1_246' title='bbox 914 2219 1000 2289; x_wconf 91' lang='lat' dir='ltr'><strong><em>priam</em></strong></span> <span class='ocrx_word' id='word_1_247' title='bbox 1016 2220 1184 2278; x_wconf 90' lang='lat' dir='ltr'><strong><em>voluntatem</em></strong></span> <span class='ocrx_word' id='word_1_248' title='bbox 1206 2223 1342 2295; x_wconf 80' lang='lat' dir='ltr'><strong><em>integram</em></strong></span> <span class='ocrx_word' id='word_1_249' title='bbox 1357 2226 1459 2298; x_wconf 89' lang='lat' dir='ltr'><strong><em>absque</em></strong></span> <span class='ocrx_word' id='word_1_250' title='bbox 1472 2227 1528 2282; x_wconf 89' lang='lat' dir='ltr'><strong><em>ulle</em></strong></span> <span class='ocrx_word' id='word_1_251' title='bbox 1542 2227 1713 2287; x_wconf 81' lang='lat' dir='ltr'><strong><em>restrictione</em></strong></span> 
     </span>
     <span class='ocr_line' id='line_1_23' title="bbox 61 2300 1712 2384; baseline 0.006 -24"><span class='ocrx_word' id='word_1_252' title='bbox 61 2311 156 2360; x_wconf 77' lang='lat' dir='ltr'><strong><em>conae</em></strong></span> <span class='ocrx_word' id='word_1_253' title='bbox 182 2304 235 2359; x_wconf 90' lang='lat' dir='ltr'><strong><em>hoc</em></strong></span> <span class='ocrx_word' id='word_1_254' title='bbox 264 2308 355 2358; x_wconf 87' lang='lat' dir='ltr'><strong><em>votum</em></strong></span> <span class='ocrx_word' id='word_1_255' title='bbox 370 2300 495 2373; x_wconf 83' lang='lat' dir='ltr'><strong><em>graviter</em></strong></span> <span class='ocrx_word' id='word_1_256' title='bbox 518 2307 564 2355; x_wconf 87' lang='lat' dir='ltr'><strong><em>aut</em></strong></span> <span class='ocrx_word' id='word_1_257' title='bbox 590 2300 687 2357; x_wconf 91' lang='lat' dir='ltr'><strong><em>leviter</em></strong></span> <span class='ocrx_word' id='word_1_258' title='bbox 714 2300 864 2356; x_wconf 91' lang='lat' dir='ltr'><strong><em>secuudum</em></strong></span> <span class='ocrx_word' id='word_1_259' title='bbox 914 2314 959 2362; x_wconf 90' lang='lat' dir='ltr'><strong><em>aut</em></strong></span> <span class='ocrx_word' id='word_1_260' title='bbox 974 2309 1140 2379; x_wconf 84' lang='lat' dir='ltr'><strong><em>exceptione,</em></strong></span> <span class='ocrx_word' id='word_1_261' title='bbox 1168 2311 1259 2367; x_wconf 91' lang='lat' dir='ltr'><strong><em>virtuti</em></strong></span> <span class='ocrx_word' id='word_1_262' title='bbox 1288 2328 1375 2370; x_wconf 83' lang='lat' dir='ltr'><strong><em>sucrae</em></strong></span> <span class='ocrx_word' id='word_1_263' title='bbox 1395 2314 1566 2384; x_wconf 71' lang='lat' dir='ltr'><strong><em>obedientiae,</em></strong></span> <span class='ocrx_word' id='word_1_264' title='bbox 1582 2316 1712 2374; x_wconf 88' lang='lat' dir='ltr'><strong><em>asanatis</em></strong></span> 
     </span>
     <span class='ocr_line' id='line_1_24' title="bbox 60 2387 1357 2469; baseline -0.009 -21"><span class='ocrx_word' id='word_1_265' title='bbox 60 2393 191 2448; x_wconf 87' lang='lat' dir='ltr'><strong><em>rationem</em></strong></span> <span class='ocrx_word' id='word_1_266' title='bbox 208 2390 329 2446; x_wconf 78' lang='lat' dir='ltr'><strong><em>materiae</em></strong></span> <span class='ocrx_word' id='word_1_267' title='bbox 352 2389 386 2444; x_wconf 90' lang='lat' dir='ltr'><strong><em>de</em></strong></span> <span class='ocrx_word' id='word_1_268' title='bbox 401 2405 453 2461; x_wconf 89' lang='lat' dir='ltr'><strong><em>qua</em></strong></span> <span class='ocrx_word' id='word_1_269' title='bbox 468 2397 608 2460; x_wconf 82' lang='lat' dir='ltr'><strong><em>ageretur.</em></strong></span> <span class='ocrx_word' id='word_1_270' title='bbox 637 2388 664 2443; x_wconf 90' lang='lat' dir='ltr'><strong><em>Si</em></strong></span> <span class='ocrx_word' id='word_1_271' title='bbox 689 2388 723 2444; x_wconf 91' lang='lat' dir='ltr'><strong><em>de</em></strong></span> <span class='ocrx_word' id='word_1_272' title='bbox 747 2387 865 2460; x_wconf 89' lang='lat' dir='ltr'><strong><em>simplici</em></strong></span> <span class='ocrx_word' id='word_1_273' title='bbox 914 2395 1038 2451; x_wconf 68' lang='lat' dir='ltr'><strong><em>Patribus</em></strong></span> <span class='ocrx_word' id='word_1_274' title='bbox 1053 2397 1184 2469; x_wconf 64' lang='lat' dir='ltr'><strong><em>assignati</em></strong></span> <span class='ocrx_word' id='word_1_275' title='bbox 1197 2399 1265 2456; x_wconf 62' lang='lat' dir='ltr'><strong><em>paves</em></strong></span> <span class='ocrx_word' id='word_1_276' title='bbox 1285 2409 1357 2458; x_wconf 42' lang='lat' dir='ltr'><strong>sum·</strong></span> 
     </span>
    </p>
   </div>
   <div class='ocr_carea' id='block_1_6' title="bbox 58 2475 1712 2662">
    <p class='ocr_par' dir='ltr' id='par_1_7' title="bbox 58 2475 1712 2662">
     <span class='ocr_line' id='line_1_25' title="bbox 61 2475 1712 2580; baseline -0.014 -44"><span class='ocrx_word' id='word_1_277' title='bbox 61 2479 276 2553; x_wconf 81' lang='lat' dir='ltr'><strong><em>imperfectione,</em></strong></span> <span class='ocrx_word' id='word_1_278' title='bbox 293 2479 320 2532; x_wconf 89' lang='lat' dir='ltr'><strong><em>in</em></strong></span> <span class='ocrx_word' id='word_1_279' title='bbox 342 2493 397 2549; x_wconf 89' lang='lat' dir='ltr'><strong><em>qua</em></strong></span> <span class='ocrx_word' id='word_1_280' title='bbox 422 2477 528 2532; x_wconf 86' lang='lat' dir='ltr'><strong><em>haerere</em></strong></span> <span class='ocrx_word' id='word_1_281' title='bbox 553 2476 645 2546; x_wconf 89' lang='lat' dir='ltr'><strong><em>vellet,</em></strong></span> <span class='ocrx_word' id='word_1_282' title='bbox 662 2475 776 2532; x_wconf 88' lang='lat' dir='ltr'><strong><em>similem</em></strong></span> <span class='ocrx_word' id='word_1_283' title='bbox 805 2476 864 2534; x_wconf 87' lang='lat' dir='ltr'><strong><em>cul·</em></strong></span> <span class='ocrx_word' id='word_1_284' title='bbox 949 2501 1056 2557; x_wconf 57' lang='lat' dir='ltr'>primus</span> <span class='ocrx_word' id='word_1_285' title='bbox 1079 2512 1129 2569; x_wconf 37' lang='lat' dir='ltr'>est,</span> <span class='ocrx_word' id='word_1_286' title='bbox 1147 2512 1174 2559; x_wconf 65' lang='lat' dir='ltr'><strong>m</strong></span> <span class='ocrx_word' id='word_1_287' title='bbox 1198 2521 1242 2561; x_wconf 53' lang='lat' dir='ltr'><strong><em>res</em></strong></span> <span class='ocrx_word' id='word_1_288' title='bbox 1279 2522 1296 2562; x_wconf 57' lang='lat' dir='ltr'><strong>a</strong></span> <span class='ocrx_word' id='word_1_289' title='bbox 1330 2507 1471 2580; x_wconf 60' lang='lat' dir='ltr'>superiore</span> <span class='ocrx_word' id='word_1_290' title='bbox 1501 2509 1585 2578; x_wconf 45' lang='grc' dir='ltr'><strong><em>ΜΕ</em></strong></span> <span class='ocrx_word' id='word_1_291' title='bbox 1616 2509 1712 2567; x_wconf 60' lang='lat' dir='ltr'>sedule</span> 
     </span>
     <span class='ocr_line' id='line_1_26' title="bbox 58 2563 1244 2662; baseline -0.009 -38"><span class='ocrx_word' id='word_1_292' title='bbox 58 2585 122 2641; x_wconf 89' lang='lat' dir='ltr'><strong><em>pam</em></strong></span> <span class='ocrx_word' id='word_1_293' title='bbox 136 2569 288 2625; x_wconf 89' lang='lat' dir='ltr'><strong><em>incurreret</em></strong></span> <span class='ocrx_word' id='word_1_294' title='bbox 311 2574 405 2622; x_wconf 89' lang='lat' dir='ltr'><strong><em>contra</em></strong></span> <span class='ocrx_word' id='word_1_295' title='bbox 422 2565 628 2621; x_wconf 89' lang='lat' dir='ltr'><strong><em>conversionem</em></strong></span> <span class='ocrx_word' id='word_1_296' title='bbox 648 2580 773 2632; x_wconf 85' lang='lat' dir='ltr'><strong><em>morum;</em></strong></span> <span class='ocrx_word' id='word_1_297' title='bbox 791 2564 813 2619; x_wconf 90' lang='lat' dir='ltr'><strong><em>si</em></strong></span> <span class='ocrx_word' id='word_1_298' title='bbox 828 2563 863 2620; x_wconf 90' lang='lat' dir='ltr'><strong><em>de</em></strong></span> <span class='ocrx_word' id='word_1_299' title='bbox 913 2590 1100 2662; x_wconf 57' lang='lat' dir='ltr'><strong>compleamur</strong></span> <span class='ocrx_word' id='word_1_300' title='bbox 1114 2592 1244 2649; x_wconf 37' lang='lat' dir='ltr'><strong>exterius·</strong></span> 
     </span>
    </p>
   </div>
   <div class='ocr_carea' id='block_1_7' title="bbox 58 2652 1711 2769">
    <p class='ocr_par' dir='ltr' id='par_1_8' title="bbox 58 2652 1711 2769">
     <span class='ocr_line' id='line_1_27' title="bbox 58 2652 1711 2769; baseline -0.001 -6"><span class='ocrx_word' id='word_1_301' title='bbox 58 2666 172 2730; x_wconf 43' lang='lat' dir='ltr'><strong><em>pacm</em></strong></span> <span class='ocrx_word' id='word_1_302' title='bbox 196 2654 294 2713; x_wconf 57' lang='lat' dir='ltr'><strong><em>veniali</em></strong></span> <span class='ocrx_word' id='word_1_303' title='bbox 321 2652 494 2722; x_wconf 32' lang='lat' dir='ltr'><strong>infirmitati&amp;</strong></span> <span class='ocrx_word' id='word_1_304' title='bbox 512 2652 583 2708; x_wconf 61' lang='lat' dir='ltr'>idem</span> <span class='ocrx_word' id='word_1_305' title='bbox 610 2660 772 2725; x_wconf 53' lang='lat' dir='ltr'>peccatum</span> <span class='ocrx_word' id='word_1_306' title='bbox 789 2653 812 2708; x_wconf 59' lang='lat' dir='ltr'><strong><em>Si</em></strong></span> <span class='ocrx_word' id='word_1_307' title='bbox 826 2652 860 2709; x_wconf 61' lang='lat' dir='ltr'><strong><em>de</em></strong></span> <span class='ocrx_word' id='word_1_308' title='bbox 874 2679 902 2742; x_wconf 86' lang='grc' dir='ltr'><strong>Β</strong></span> <span class='ocrx_word' id='word_1_309' title='bbox 948 2697 1090 2754; x_wconf 88' lang='lat' dir='ltr'><strong><em>Secundus</em></strong></span> <span class='ocrx_word' id='word_1_310' title='bbox 1104 2706 1198 2769; x_wconf 83' lang='lat' dir='ltr'><strong><em>gratus</em></strong></span> <span class='ocrx_word' id='word_1_311' title='bbox 1212 2708 1263 2768; x_wconf 87' lang='lat' dir='ltr'><strong><em>est,</em></strong></span> <span class='ocrx_word' id='word_1_312' title='bbox 1279 2709 1309 2756; x_wconf 91' lang='lat' dir='ltr'><strong><em>ut</em></strong></span> <span class='ocrx_word' id='word_1_313' title='bbox 1333 2700 1407 2757; x_wconf 91' lang='lat' dir='ltr'><strong><em>intus</em></strong></span> <span class='ocrx_word' id='word_1_314' title='bbox 1434 2703 1559 2759; x_wconf 89' lang='lat' dir='ltr'><strong><em>voluntas</em></strong></span> <span class='ocrx_word' id='word_1_315' title='bbox 1573 2702 1711 2762; x_wconf 89' lang='lat' dir='ltr'><strong><em>inferioris</em></strong></span> 
     </span>
    </p>
   </div>
   <div class='ocr_carea' id='block_1_8' title="bbox 58 2741 1710 2865">
    <p class='ocr_par' dir='ltr' id='par_1_9' title="bbox 58 2741 1710 2865">
     <span class='ocr_line' id='line_1_28' title="bbox 58 2741 1710 2865; baseline -0.001 -15"><span class='ocrx_word' id='word_1_316' title='bbox 58 2753 173 2818; x_wconf 60' lang='lat' dir='ltr'><strong><em>pemw</em></strong></span> <span class='ocrx_word' id='word_1_317' title='bbox 200 2743 299 2800; x_wconf 58' lang='lat' dir='ltr'><strong><em>veniali</em></strong></span> <span class='ocrx_word' id='word_1_318' title='bbox 329 2742 491 2807; x_wconf 47' lang='lat' dir='ltr'><strong><em>volumnum</em></strong></span> <span class='ocrx_word' id='word_1_319' title='bbox 518 2741 652 2810; x_wconf 34' lang='lat' dir='ltr'>summe*</span> <span class='ocrx_word' id='word_1_320' title='bbox 683 2758 704 2796; x_wconf 75' lang='lat'><strong><em>⁵¹</em></strong></span> <span class='ocrx_word' id='word_1_321' title='bbox 734 2757 798 2798; x_wconf 54' lang='lat' dir='ltr'><strong>vero</strong></span> <span class='ocrx_word' id='word_1_322' title='bbox 827 2741 861 2797; x_wconf 65' lang='lat' dir='ltr'><strong><em>de</em></strong></span> <span class='ocrx_word' id='word_1_323' title='bbox 912 2783 1063 2841; x_wconf 88' lang='lat' dir='ltr'><strong><em>conformet</em></strong></span> <span class='ocrx_word' id='word_1_324' title='bbox 1077 2803 1107 2842; x_wconf 90' lang='lat' dir='ltr'><strong><em>se</em></strong></span> <span class='ocrx_word' id='word_1_325' title='bbox 1121 2787 1202 2858; x_wconf 90' lang='lat' dir='ltr'><strong><em>plene</em></strong></span> <span class='ocrx_word' id='word_1_326' title='bbox 1226 2789 1358 2847; x_wconf 89' lang='lat' dir='ltr'><strong><em>voluntati</em></strong></span> <span class='ocrx_word' id='word_1_327' title='bbox 1371 2790 1532 2862; x_wconf 89' lang='lat' dir='ltr'><strong><em>superioris,</em></strong></span> <span class='ocrx_word' id='word_1_328' title='bbox 1549 2793 1585 2847; x_wconf 91' lang='lat' dir='ltr'><strong><em>ita</em></strong></span> <span class='ocrx_word' id='word_1_329' title='bbox 1605 2800 1710 2865; x_wconf 88' lang='lat' dir='ltr'><strong><em>utpro·</em></strong></span> 
     </span>
    </p>
   </div>
   <div class='ocr_carea' id='block_1_9' title="bbox 59 2828 1709 2952">
    <p class='ocr_par' dir='ltr' id='par_1_10' title="bbox 59 2828 1709 2952">
     <span class='ocr_line' id='line_1_29' title="bbox 59 2828 1709 2952; baseline 0.016 -42"><span class='ocrx_word' id='word_1_330' title='bbox 59 2835 152 2908; x_wconf 61' lang='lat' dir='ltr'>³¹5q¹¹⁰</span> <span class='ocrx_word' id='word_1_331' title='bbox 176 2840 289 2905; x_wconf 62' lang='lat'><strong><em>9⁶⁰⁰³²⁰</em></strong></span> <span class='ocrx_word' id='word_1_332' title='bbox 316 2829 433 2901; x_wconf 52' lang='lat' dir='ltr'><strong><em>m⁰¹4³¹it</em></strong></span> <span class='ocrx_word' id='word_1_333' title='bbox 464 2828 601 2885; x_wconf 51' lang='lat' dir='ltr'><strong><em>lemnum</em></strong></span> <span class='ocrx_word' id='word_1_334' title='bbox 633 2830 713 2885; x_wconf 54' lang='lat' dir='ltr'>enam</span> <span class='ocrx_word' id='word_1_335' title='bbox 736 2838 862 2902; x_wconf 58' lang='lat' dir='ltr'>poewe‘</span> <span class='ocrx_word' id='word_1_336' title='bbox 910 2872 1000 2942; x_wconf 90' lang='lat' dir='ltr'><strong><em>priam</em></strong></span> <span class='ocrx_word' id='word_1_337' title='bbox 1015 2873 1212 2932; x_wconf 87' lang='lat' dir='ltr'><strong><em>reclamantem</em></strong></span> <span class='ocrx_word' id='word_1_338' title='bbox 1226 2877 1354 2951; x_wconf 73' lang='lat' dir='ltr'><strong><em>abneget.</em></strong></span> <span class='ocrx_word' id='word_1_339' title='bbox 1376 2879 1416 2933; x_wconf 88' lang='lat' dir='ltr'><strong><em>De</em></strong></span> <span class='ocrx_word' id='word_1_340' title='bbox 1430 2879 1482 2936; x_wconf 90' lang='lat' dir='ltr'><strong><em>hoc</em></strong></span> <span class='ocrx_word' id='word_1_341' title='bbox 1496 2879 1617 2952; x_wconf 89' lang='lat' dir='ltr'><strong><em>loquitur</em></strong></span> <span class='ocrx_word' id='word_1_342' title='bbox 1630 2881 1709 2938; x_wconf 88' lang='lat' dir='ltr'><strong><em>divus</em></strong></span> 
     </span>
    </p>
   </div>
   <div class='ocr_carea' id='block_1_10' title="bbox 59 2918 1708 3036">
    <p class='ocr_par' dir='ltr' id='par_1_11' title="bbox 59 2918 1708 3036">
     <span class='ocr_line' id='line_1_30' title="bbox 59 2918 1708 3036; baseline -0.01 -56"><span class='ocrx_word' id='word_1_343' title='bbox 59 2931 154 2980; x_wconf 89' lang='lat' dir='ltr'><strong><em>contra</em></strong></span> <span class='ocrx_word' id='word_1_344' title='bbox 169 2930 262 2977; x_wconf 90' lang='lat' dir='ltr'><strong><em>votum</em></strong></span> <span class='ocrx_word' id='word_1_345' title='bbox 277 2918 465 2976; x_wconf 87' lang='lat' dir='ltr'><strong><em>conversionis</em></strong></span> <span class='ocrx_word' id='word_1_346' title='bbox 479 2933 596 2973; x_wconf 89' lang='lat' dir='ltr'><strong><em>morum.</em></strong></span> <span class='ocrx_word' id='word_1_347' title='bbox 621 2918 779 2991; x_wconf 88' lang='lat' dir='ltr'><strong><em>Duplicatur</em></strong></span> <span class='ocrx_word' id='word_1_348' title='bbox 792 2934 860 2992; x_wconf 86' lang='lat' dir='ltr'><strong><em>ergo</em></strong></span> <span class='ocrx_word' id='word_1_349' title='bbox 909 2961 1028 3017; x_wconf 53' lang='lat' dir='ltr'>loannes</span> <span class='ocrx_word' id='word_1_350' title='bbox 1053 2961 1187 3020; x_wconf 59' lang='lat' dir='ltr'><strong>eumaeus</strong></span> <span class='ocrx_word' id='word_1_351' title='bbox 1202 2965 1281 3036; x_wconf 38' lang='lat' dir='ltr'><strong>grad·</strong></span> <span class='ocrx_word' id='word_1_352' title='bbox 1297 2982 1335 3034; x_wconf 52' lang='lat' dir='ltr'><strong><em>w,</em></strong></span> <span class='ocrx_word' id='word_1_353' title='bbox 1350 2973 1400 3022; x_wconf 33' lang='lat' dir='ltr'><strong><em>w·</em></strong></span> <span class='ocrx_word' id='word_1_354' title='bbox 1421 2971 1436 3022; x_wconf 78' lang='lat'>3</span> <span class='ocrx_word' id='word_1_355' title='bbox 1452 2967 1517 3022; x_wconf 69' lang='lat' dir='ltr'><strong><em>dum</em></strong></span> <span class='ocrx_word' id='word_1_356' title='bbox 1532 2967 1597 3023; x_wconf 50' lang='lat' dir='ltr'><strong>dicit</strong></span> <span class='ocrx_word' id='word_1_357' title='bbox 1613 2983 1619 3022; x_wconf 41' lang='grc' dir='ltr'>ξ</span> <span class='ocrx_word' id='word_1_358' title='bbox 1638 2968 1708 3026; x_wconf 47' lang='lat' dir='ltr'><em>Obe-</em></span> 
     </span>
    </p>
   </div>
   <div class='ocr_carea' id='block_1_11' title="bbox 55 3006 1707 3196">
    <p class='ocr_par' dir='ltr' id='par_1_12' title="bbox 55 3006 1707 3196">
     <span class='ocr_line' id='line_1_31' title="bbox 58 3006 1707 3128; baseline 0.011 -32"><span class='ocrx_word' id='word_1_359' title='bbox 58 3011 138 3082; x_wconf 76' lang='lat' dir='ltr'><strong>⁰¹¹¹P³</strong></span> <span class='ocrx_word' id='word_1_360' title='bbox 153 3009 256 3065; x_wconf 52' lang='lat' dir='ltr'>‘amne</span> <span class='ocrx_word' id='word_1_361' title='bbox 271 3008 336 3073; x_wconf 49' lang='grc' dir='ltr'><strong><em>Μ’</em></strong></span> <span class='ocrx_word' id='word_1_362' title='bbox 352 3008 421 3106; x_wconf 50' lang='grc' dir='ltr'>εἰῗυῑ</span> <span class='ocrx_word' id='word_1_363' title='bbox 442 3006 597 3105; x_wconf 42' lang='lat' dir='ltr'><strong><em>{infimatur</em></strong></span> <span class='ocrx_word' id='word_1_364' title='bbox 621 3006 762 3105; x_wconf 36' lang='lat' dir='ltr'><strong><em>mimum.</em></strong></span> <span class='ocrx_word' id='word_1_365' title='bbox 778 3023 811 3062; x_wconf 71' lang='lat'><strong><em>⁰¹</em></strong></span> <span class='ocrx_word' id='word_1_366' title='bbox 825 3007 859 3062; x_wconf 70' lang='lat' dir='ltr'><strong><em>fi&#39;</em></strong></span> <span class='ocrx_word' id='word_1_367' title='bbox 909 3050 1020 3106; x_wconf 90' lang='lat' dir='ltr'><strong><em>dieatia</em></strong></span> <span class='ocrx_word' id='word_1_368' title='bbox 1033 3055 1076 3106; x_wconf 83' lang='lat' dir='ltr'><strong><em>ert</em></strong></span> <span class='ocrx_word' id='word_1_369' title='bbox 1090 3053 1253 3123; x_wconf 83' lang='lat' dir='ltr'><strong><em>sepulcrum</em></strong></span> <span class='ocrx_word' id='word_1_370' title='bbox 1266 3055 1388 3128; x_wconf 82' lang='lat' dir='ltr'><strong><em>propria</em></strong></span> <span class='ocrx_word' id='word_1_371' title='bbox 1412 3056 1567 3113; x_wconf 82' lang='lat' dir='ltr'><strong><em>uoluntatis</em></strong></span> <span class='ocrx_word' id='word_1_372' title='bbox 1583 3063 1611 3113; x_wconf 90' lang='lat' dir='ltr'><strong><em>et</em></strong></span> <span class='ocrx_word' id='word_1_373' title='bbox 1625 3059 1707 3114; x_wconf 84' lang='lat' dir='ltr'><strong><em>enci·</em></strong></span> 
     </span>
     <span class='ocr_line' id='line_1_32' title="bbox 55 3094 1183 3196; baseline 0 -40"><span class='ocrx_word' id='word_1_374' title='bbox 55 3099 111 3156; x_wconf 91' lang='lat' dir='ltr'><strong><em>deli</em></strong></span> <span class='ocrx_word' id='word_1_375' title='bbox 127 3097 319 3170; x_wconf 87' lang='lat' dir='ltr'><strong><em>adimpletione</em></strong></span> <span class='ocrx_word' id='word_1_376' title='bbox 333 3103 389 3152; x_wconf 83' lang='lat' dir='ltr'><strong><em>voti</em></strong></span> <span class='ocrx_word' id='word_1_377' title='bbox 404 3111 507 3151; x_wconf 82' lang='lat' dir='ltr'><strong><em>emissi.</em></strong></span> <span class='ocrx_word' id='word_1_378' title='bbox 523 3095 581 3150; x_wconf 90' lang='lat' dir='ltr'><strong><em>Hac</em></strong></span> <span class='ocrx_word' id='word_1_379' title='bbox 604 3103 709 3150; x_wconf 81' lang='lat' dir='ltr'><strong><em>ratione</em></strong></span> <span class='ocrx_word' id='word_1_380' title='bbox 737 3094 857 3165; x_wconf 80' lang='lat' dir='ltr'><strong><em>videant,</em></strong></span> <span class='ocrx_word' id='word_1_381' title='bbox 911 3140 982 3194; x_wconf 50' lang='lat' dir='ltr'><strong><em>emo</em></strong></span> <span class='ocrx_word' id='word_1_382' title='bbox 997 3139 1183 3196; x_wconf 44' lang='lat' dir='ltr'><strong><em>humilitatis·</em></strong></span> 
     </span>
    </p>
   </div>
   <div class='ocr_carea' id='block_1_12' title="bbox 54 3183 1706 3347">
    <p class='ocr_par' dir='ltr' id='par_1_13' title="bbox 54 3183 1706 3347">
     <span class='ocr_line' id='line_1_33' title="bbox 57 3183 1606 3296; baseline -0.019 -50"><span class='ocrx_word' id='word_1_383' title='bbox 57 3187 196 3262; x_wconf 88' lang='lat' dir='ltr'><strong><em>quomodo</em></strong></span> <span class='ocrx_word' id='word_1_384' title='bbox 210 3203 240 3242; x_wconf 91' lang='lat' dir='ltr'><strong><em>se</em></strong></span> <span class='ocrx_word' id='word_1_385' title='bbox 254 3192 367 3256; x_wconf 90' lang='lat' dir='ltr'><strong><em>possent</em></strong></span> <span class='ocrx_word' id='word_1_386' title='bbox 389 3183 523 3239; x_wconf 83' lang='lat' dir='ltr'><strong><em>extricare</em></strong></span> <span class='ocrx_word' id='word_1_387' title='bbox 540 3190 587 3237; x_wconf 90' lang='lat' dir='ltr'><strong><em>eut</em></strong></span> <span class='ocrx_word' id='word_1_388' title='bbox 615 3197 746 3239; x_wconf 90' lang='lat' dir='ltr'><strong><em>excusare</em></strong></span> <span class='ocrx_word' id='word_1_389' title='bbox 760 3198 774 3237; x_wconf 91' lang='lat' dir='ltr'><strong><em>a</em></strong></span> <span class='ocrx_word' id='word_1_390' title='bbox 790 3198 856 3254; x_wconf 91' lang='lat' dir='ltr'><strong><em>pec·</em></strong></span> <span class='ocrx_word' id='word_1_391' title='bbox 944 3243 965 3296; x_wconf 74' lang='grc' dir='ltr'><strong>Τ</strong></span> <span class='ocrx_word' id='word_1_392' title='bbox 1010 3243 1015 3254; x_wconf 45' lang='grc'><strong>,</strong></span> <span class='ocrx_word' id='word_1_393' title='bbox 1302 3247 1308 3258; x_wconf 34' lang='lat'><strong>·</strong></span> <span class='ocrx_word' id='word_1_394' title='bbox 1544 3250 1549 3262; x_wconf 26' lang='grc' dir='ltr'>ἱ</span> <span class='ocrx_word' id='word_1_395' title='bbox 1600 3249 1606 3262; x_wconf 91' lang='lat'>.</span> 
     </span>
     <span class='ocr_line' id='line_1_34' title="bbox 54 3245 1706 3347; baseline -0.015 -13"><span class='ocrx_word' id='word_1_396' title='bbox 54 3284 126 3343; x_wconf 88' lang='lat' dir='ltr'><strong><em>cato,</em></strong></span> <span class='ocrx_word' id='word_1_397' title='bbox 143 3275 190 3347; x_wconf 88' lang='lat' dir='ltr'><strong><em>qui</em></strong></span> <span class='ocrx_word' id='word_1_398' title='bbox 203 3272 305 3330; x_wconf 90' lang='lat' dir='ltr'><strong><em>vellent</em></strong></span> <span class='ocrx_word' id='word_1_399' title='bbox 318 3273 423 3345; x_wconf 89' lang='lat' dir='ltr'><strong><em>aliquas</em></strong></span> <span class='ocrx_word' id='word_1_400' title='bbox 437 3270 625 3327; x_wconf 85' lang='lat' dir='ltr'><strong><em>observantias</em></strong></span> <span class='ocrx_word' id='word_1_401' title='bbox 636 3277 795 3327; x_wconf 90' lang='lat' dir='ltr'><strong><em>statutorum</em></strong></span> <span class='ocrx_word' id='word_1_402' title='bbox 809 3286 858 3326; x_wconf 91' lang='lat' dir='ltr'><strong><em>or·</em></strong></span> <span class='ocrx_word' id='word_1_403' title='bbox 966 3251 1051 3300; x_wconf 65' lang='lat' dir='ltr'><strong>emus</strong></span> <span class='ocrx_word' id='word_1_404' title='bbox 1065 3245 1169 3319; x_wconf 78' lang='lat' dir='ltr'><strong><em>gradm</em></strong></span> <span class='ocrx_word' id='word_1_405' title='bbox 1184 3253 1235 3312; x_wconf 62' lang='lat'><strong><em>⁰⁵²2</em></strong></span> <span class='ocrx_word' id='word_1_406' title='bbox 1253 3254 1283 3302; x_wconf 65' lang='lat'><strong><em>1¹¹</em></strong></span> <span class='ocrx_word' id='word_1_407' title='bbox 1301 3248 1455 3305; x_wconf 69' lang='lat' dir='ltr'><strong><em>lsstellectut</em></strong></span> <span class='ocrx_word' id='word_1_408' title='bbox 1469 3250 1622 3306; x_wconf 78' lang='lat' dir='ltr'><strong><em>obedtenlls</em></strong></span> <span class='ocrx_word' id='word_1_409' title='bbox 1637 3265 1706 3307; x_wconf 82' lang='lat' dir='ltr'><strong><em>oon·</em></strong></span> 
     </span>
    </p>
   </div>
   <div class='ocr_carea' id='block_1_13' title="bbox 55 3330 1707 3436">
    <p class='ocr_par' dir='ltr' id='par_1_14' title="bbox 55 3330 1707 3436">
     <span class='ocr_line' id='line_1_35' title="bbox 55 3330 1707 3436; baseline 0.012 -60"><span class='ocrx_word' id='word_1_410' title='bbox 55 3365 129 3423; x_wconf 62' lang='lat' dir='ltr'>dinis</span> <span class='ocrx_word' id='word_1_411' title='bbox 157 3362 309 3436; x_wconf 44' lang='lat' dir='ltr'>negligere,</span> <span class='ocrx_word' id='word_1_412' title='bbox 334 3369 360 3418; x_wconf 61' lang='lat' dir='ltr'><strong><em>et</em></strong></span> <span class='ocrx_word' id='word_1_413' title='bbox 380 3361 407 3416; x_wconf 64' lang='lat' dir='ltr'><strong><em>in</em></strong></span> <span class='ocrx_word' id='word_1_414' title='bbox 430 3361 491 3415; x_wconf 35' lang='lat' dir='ltr'><strong>ista·</strong></span> <span class='ocrx_word' id='word_1_415' title='bbox 509 3359 675 3432; x_wconf 62' lang='lat' dir='ltr'>negligemia</span> <span class='ocrx_word' id='word_1_416' title='bbox 704 3359 855 3432; x_wconf 48' lang='lat' dir='ltr'><strong>quiescere,</strong></span> <span class='ocrx_word' id='word_1_417' title='bbox 908 3330 1041 3387; x_wconf 89' lang='lat' dir='ltr'><strong><em>formetur</em></strong></span> <span class='ocrx_word' id='word_1_418' title='bbox 1055 3332 1203 3390; x_wconf 89' lang='lat' dir='ltr'><strong><em>intellectui</em></strong></span> <span class='ocrx_word' id='word_1_419' title='bbox 1222 3335 1453 3405; x_wconf 64' lang='lat' dir='ltr'><strong><em>praecipientium</em></strong></span> <span class='ocrx_word' id='word_1_420' title='bbox 1473 3338 1539 3407; x_wconf 85' lang='lat' dir='ltr'><strong><em>jam,</em></strong></span> <span class='ocrx_word' id='word_1_421' title='bbox 1555 3339 1707 3397; x_wconf 87' lang='lat' dir='ltr'><strong><em>secundum</em></strong></span> 
     </span>
    </p>
   </div>
   <div class='ocr_carea' id='block_1_14' title="bbox 55 3420 1706 3523">
    <p class='ocr_par' dir='ltr' id='par_1_15' title="bbox 55 3420 1706 3523">
     <span class='ocr_line' id='line_1_36' title="bbox 55 3420 1706 3523; baseline -0.005 -32"><span class='ocrx_word' id='word_1_422' title='bbox 55 3453 108 3510; x_wconf 63' lang='lat' dir='ltr'><strong><em>gub</em></strong></span> <span class='ocrx_word' id='word_1_423' title='bbox 122 3454 327 3523; x_wconf 54' lang='lat' dir='ltr'><strong><em>h0cprae20xtu,</em></strong></span> <span class='ocrx_word' id='word_1_424' title='bbox 342 3448 405 3521; x_wconf 62' lang='lat' dir='ltr'><strong>quia</strong></span> <span class='ocrx_word' id='word_1_425' title='bbox 420 3447 535 3521; x_wconf 56' lang='lat' dir='ltr'><strong><em>simplex</em></strong></span> <span class='ocrx_word' id='word_1_426' title='bbox 550 3455 677 3503; x_wconf 59' lang='lat' dir='ltr'><strong><em>mmmm</em></strong></span> <span class='ocrx_word' id='word_1_427' title='bbox 692 3463 743 3520; x_wconf 60' lang='lat' dir='ltr'><strong><em>per</em></strong></span> <span class='ocrx_word' id='word_1_428' title='bbox 757 3465 787 3505; x_wconf 61' lang='lat' dir='ltr'><strong><em>se</em></strong></span> <span class='ocrx_word' id='word_1_429' title='bbox 801 3463 857 3504; x_wconf 60' lang='grc' dir='ltr'><strong>Μ</strong></span> <span class='ocrx_word' id='word_1_430' title='bbox 907 3420 941 3476; x_wconf 91' lang='lat' dir='ltr'><strong><em>D.</em></strong></span> <span class='ocrx_word' id='word_1_431' title='bbox 958 3422 1137 3491; x_wconf 82' lang='lat' dir='ltr'><strong><em>bernardum,</em></strong></span> <span class='ocrx_word' id='word_1_432' title='bbox 1159 3421 1255 3478; x_wconf 90' lang='lat' dir='ltr'><strong><em>similis</em></strong></span> <span class='ocrx_word' id='word_1_433' title='bbox 1282 3423 1317 3479; x_wconf 89' lang='lat' dir='ltr'><strong><em>sit</em></strong></span> <span class='ocrx_word' id='word_1_434' title='bbox 1341 3424 1464 3494; x_wconf 90' lang='lat' dir='ltr'><strong><em>apostolo</em></strong></span> <span class='ocrx_word' id='word_1_435' title='bbox 1488 3426 1583 3491; x_wconf 90' lang='lat' dir='ltr'><strong><em>Paulo,</em></strong></span> <span class='ocrx_word' id='word_1_436' title='bbox 1603 3427 1638 3483; x_wconf 92' lang='lat' dir='ltr'><strong><em>de</em></strong></span> <span class='ocrx_word' id='word_1_437' title='bbox 1651 3443 1706 3499; x_wconf 91' lang='lat' dir='ltr'><strong><em>quo</em></strong></span> 
     </span>
    </p>
   </div>
   <div class='ocr_carea' id='block_1_15' title="bbox 52 3508 1703 3701">
    <p class='ocr_par' dir='ltr' id='par_1_16' title="bbox 52 3508 1703 3701">
     <span class='ocr_line' id='line_1_37' title="bbox 52 3508 1703 3615; baseline -0.014 -25"><span class='ocrx_word' id='word_1_438' title='bbox 52 3541 159 3615; x_wconf 73' lang='lat' dir='ltr'><strong><em>obligat</em></strong></span> <span class='ocrx_word' id='word_1_439' title='bbox 187 3539 222 3594; x_wconf 77' lang='lat' dir='ltr'><strong><em>ad</em></strong></span> <span class='ocrx_word' id='word_1_440' title='bbox 236 3546 391 3611; x_wconf 65' lang='lat' dir='ltr'><strong><em>peccatum,</em></strong></span> <span class='ocrx_word' id='word_1_441' title='bbox 906 3508 1006 3565; x_wconf 89' lang='lat' dir='ltr'><strong><em>dicitur</em></strong></span> <span class='ocrx_word' id='word_1_442' title='bbox 1031 3509 1059 3564; x_wconf 90' lang='lat' dir='ltr'><strong><em>in</em></strong></span> <span class='ocrx_word' id='word_1_443' title='bbox 1084 3510 1197 3567; x_wconf 82' lang='lat' dir='ltr'><strong><em>Actibus</em></strong></span> <span class='ocrx_word' id='word_1_444' title='bbox 1224 3511 1411 3582; x_wconf 86' lang='lat' dir='ltr'><strong><em>apostolorum</em></strong></span> <span class='ocrx_word' id='word_1_445' title='bbox 1433 3513 1506 3585; x_wconf 82' lang='lat' dir='ltr'><strong><em>(cop.</em></strong></span> <span class='ocrx_word' id='word_1_446' title='bbox 1539 3529 1589 3580; x_wconf 85' lang='grc' dir='ltr'>ιιι,</span> <span class='ocrx_word' id='word_1_447' title='bbox 1617 3514 1665 3585; x_wconf 71' lang='lat'><strong><em>28)</em></strong></span> <span class='ocrx_word' id='word_1_448' title='bbox 1694 3533 1703 3572; x_wconf 73' lang='grc' dir='ltr'>ς</span> 
     </span>
     <span class='ocr_line' id='line_1_38' title="bbox 91 3598 1703 3701; baseline -0.019 -14"><span class='ocrx_word' id='word_1_449' title='bbox 91 3631 190 3687; x_wconf 82' lang='lat' dir='ltr'><strong><em>Votum</em></strong></span> <span class='ocrx_word' id='word_1_450' title='bbox 205 3643 273 3701; x_wconf 83' lang='lat' dir='ltr'><strong><em>ergo</em></strong></span> <span class='ocrx_word' id='word_1_451' title='bbox 287 3626 353 3683; x_wconf 92' lang='lat' dir='ltr'><strong><em>illud</em></strong></span> <span class='ocrx_word' id='word_1_452' title='bbox 368 3625 451 3699; x_wconf 82' lang='lat' dir='ltr'><strong><em>exigit</em></strong></span> <span class='ocrx_word' id='word_1_453' title='bbox 466 3623 690 3692; x_wconf 87' lang='lat' dir='ltr'><strong><em>aCerthusianis,</em></strong></span> <span class='ocrx_word' id='word_1_454' title='bbox 704 3632 732 3679; x_wconf 89' lang='lat' dir='ltr'><strong><em>ut</em></strong></span> <span class='ocrx_word' id='word_1_455' title='bbox 745 3624 779 3679; x_wconf 88' lang='lat' dir='ltr'><strong><em>ad</em></strong></span> <span class='ocrx_word' id='word_1_456' title='bbox 788 3640 855 3696; x_wconf 90' lang='lat' dir='ltr'><strong><em>per·</em></strong></span> <span class='ocrx_word' id='word_1_457' title='bbox 906 3598 1017 3670; x_wconf 60' lang='lat' dir='ltr'><strong><em>Affl&#39;fii</em></strong></span> <span class='ocrx_word' id='word_1_458' title='bbox 1030 3599 1120 3656; x_wconf 58' lang='lat' dir='ltr'><strong><em>0⁶¹⁴!st</em></strong></span> <span class='ocrx_word' id='word_1_459' title='bbox 1143 3598 1218 3657; x_wconf 68' lang='lat' dir='ltr'><strong><em>nibil</em></strong></span> <span class='ocrx_word' id='word_1_460' title='bbox 1232 3600 1351 3669; x_wconf 71' lang='lat' dir='ltr'><strong><em>videbit,</em></strong></span> <span class='ocrx_word' id='word_1_461' title='bbox 1371 3601 1407 3657; x_wconf 83' lang='lat' dir='ltr'><strong><em>od</em></strong></span> <span class='ocrx_word' id='word_1_462' title='bbox 1419 3617 1538 3659; x_wconf 85' lang='lat' dir='ltr'><strong><em>manum</em></strong></span> <span class='ocrx_word' id='word_1_463' title='bbox 1557 3606 1654 3659; x_wconf 87' lang='lat' dir='ltr'><strong><em>autem</em></strong></span> <span class='ocrx_word' id='word_1_464' title='bbox 1664 3602 1703 3661; x_wconf 90' lang='lat' dir='ltr'><strong><em>tt-</em></strong></span> 
     </span>
    </p>
   </div>
   <div class='ocr_carea' id='block_1_16' title="bbox 48 3682 1717 5646">
    <p class='ocr_par' dir='ltr' id='par_1_17' title="bbox 48 3682 1717 5646">
     <span class='ocr_line' id='line_1_39' title="bbox 53 3682 1606 3803; baseline -0.011 -28"><span class='ocrx_word' id='word_1_465' title='bbox 53 3718 200 3776; x_wconf 79' lang='lat' dir='ltr'><strong><em>factionem</em></strong></span> <span class='ocrx_word' id='word_1_466' title='bbox 214 3731 270 3771; x_wconf 75' lang='lat' dir='ltr'><strong><em>suas</em></strong></span> <span class='ocrx_word' id='word_1_467' title='bbox 285 3713 465 3787; x_wconf 76' lang='lat' dir='ltr'><strong><em>professionis</em></strong></span> <span class='ocrx_word' id='word_1_468' title='bbox 484 3721 511 3770; x_wconf 87' lang='lat' dir='ltr'><strong><em>et</em></strong></span> <span class='ocrx_word' id='word_1_469' title='bbox 534 3713 662 3769; x_wconf 87' lang='lat' dir='ltr'><strong><em>virtutum</em></strong></span> <span class='ocrx_word' id='word_1_470' title='bbox 682 3712 811 3784; x_wconf 88' lang='lat' dir='ltr'><strong><em>aspirent,</em></strong></span> <span class='ocrx_word' id='word_1_471' title='bbox 828 3720 855 3768; x_wconf 91' lang='lat' dir='ltr'><strong><em>et</em></strong></span> <span class='ocrx_word' id='word_1_472' title='bbox 907 3682 967 3737; x_wconf 61' lang='lat' dir='ltr'><strong><em>lum</em></strong></span> <span class='ocrx_word' id='word_1_473' title='bbox 983 3683 1140 3800; x_wconf 51' lang='lat' dir='ltr'><em>tm&#39;fflm’</em></span> <span class='ocrx_word' id='word_1_474' title='bbox 1162 3687 1217 3741; x_wconf 51' lang='grc' dir='ltr'><strong><em>αὖ·</em></strong></span> <span class='ocrx_word' id='word_1_475' title='bbox 1572 3792 1577 3803; x_wconf 38' lang='grc' dir='ltr'>Ι</span> <span class='ocrx_word' id='word_1_476' title='bbox 1600 3791 1606 3803; x_wconf 37' lang='lat'><strong>·</strong></span> 
     </span>
     <span class='ocr_line' id='line_1_40' title="bbox 52 3788 1704 3869; baseline -0.005 -6"><span class='ocrx_word' id='word_1_477' title='bbox 52 3805 190 3864; x_wconf 89' lang='lat' dir='ltr'><strong><em>continuis</em></strong></span> <span class='ocrx_word' id='word_1_478' title='bbox 218 3804 314 3860; x_wconf 88' lang='lat' dir='ltr'><strong><em>studiis</em></strong></span> <span class='ocrx_word' id='word_1_479' title='bbox 356 3812 382 3859; x_wconf 90' lang='lat' dir='ltr'><strong><em>et</em></strong></span> <span class='ocrx_word' id='word_1_480' title='bbox 414 3802 556 3859; x_wconf 87' lang='lat' dir='ltr'><strong><em>conatibus</em></strong></span> <span class='ocrx_word' id='word_1_481' title='bbox 581 3801 701 3869; x_wconf 90' lang='lat' dir='ltr'><strong><em>tendant,</em></strong></span> <span class='ocrx_word' id='word_1_482' title='bbox 725 3801 780 3857; x_wconf 75' lang='lat' dir='ltr'><strong><em>mm</em></strong></span> <span class='ocrx_word' id='word_1_483' title='bbox 803 3800 854 3856; x_wconf 86' lang='lat' dir='ltr'><strong><em>sibi</em></strong></span> <span class='ocrx_word' id='word_1_484' title='bbox 940 3788 1012 3843; x_wconf 66' lang='lat'><strong><em>3⁰⁰⁸</em></strong></span> <span class='ocrx_word' id='word_1_485' title='bbox 1026 3804 1072 3860; x_wconf 70' lang='lat'>‘111¹</span> <span class='ocrx_word' id='word_1_486' title='bbox 1086 3796 1114 3844; x_wconf 71' lang='grc' dir='ltr'><strong><em>θῑ</em></strong></span> <span class='ocrx_word' id='word_1_487' title='bbox 1128 3788 1224 3861; x_wconf 62' lang='lat' dir='ltr'><strong>quales</strong></span> <span class='ocrx_word' id='word_1_488' title='bbox 1239 3798 1302 3845; x_wconf 63' lang='lat' dir='ltr'>⁵1¹¹st</span> <span class='ocrx_word' id='word_1_489' title='bbox 1329 3790 1433 3865; x_wconf 69' lang='lat' dir='ltr'><strong><em>gradus</em></strong></span> <span class='ocrx_word' id='word_1_490' title='bbox 1461 3792 1704 3863; x_wconf 78' lang='lat' dir='ltr'><strong><em>qu0⁵⁸1b1debet</em></strong></span> 
     </span>
     <span class='ocr_line' id='line_1_41' title="bbox 52 3873 1704 3965; baseline -0.001 -28"><span class='ocrx_word' id='word_1_491' title='bbox 52 3903 81 3953; x_wconf 66' lang='lat' dir='ltr'><strong><em>ev</em></strong></span> <span class='ocrx_word' id='word_1_492' title='bbox 95 3904 198 3951; x_wconf 59' lang='lat' dir='ltr'><strong><em>aarum</em></strong></span> <span class='ocrx_word' id='word_1_493' title='bbox 221 3899 355 3965; x_wconf 60' lang='lat' dir='ltr'><strong><em>cmptae</em></strong></span> <span class='ocrx_word' id='word_1_494' title='bbox 369 3891 521 3958; x_wconf 61' lang='lat' dir='ltr'><strong><em>inferendo,</em></strong></span> <span class='ocrx_word' id='word_1_495' title='bbox 552 3906 612 3963; x_wconf 47' lang='grc' dir='ltr'><strong><em>φη</em></strong></span> <span class='ocrx_word' id='word_1_496' title='bbox 626 3890 668 3945; x_wconf 65' lang='lat' dir='ltr'><strong><em>vis</em></strong></span> <span class='ocrx_word' id='word_1_497' title='bbox 691 3890 778 3962; x_wconf 66' lang='lat' dir='ltr'><strong><em>qualis</em></strong></span> <span class='ocrx_word' id='word_1_498' title='bbox 792 3906 853 3947; x_wconf 65' lang='lat' dir='ltr'><strong><em>esse</em></strong></span> <span class='ocrx_word' id='word_1_499' title='bbox 904 3873 1051 3947; x_wconf 91' lang='lat' dir='ltr'><strong><em>disponere</em></strong></span> <span class='ocrx_word' id='word_1_500' title='bbox 1067 3878 1217 3934; x_wconf 90' lang='lat' dir='ltr'><strong><em>monachus</em></strong></span> <span class='ocrx_word' id='word_1_501' title='bbox 1245 3877 1447 3945; x_wconf 83' lang='lat' dir='ltr'><strong><em>carthusianus,</em></strong></span> <span class='ocrx_word' id='word_1_502' title='bbox 1476 3895 1511 3934; x_wconf 84' lang='lat' dir='ltr'><strong><em>ex</em></strong></span> <span class='ocrx_word' id='word_1_503' title='bbox 1538 3879 1704 3951; x_wconf 76' lang='lat' dir='ltr'><strong><em>obligatione</em></strong></span> 
     </span>
     <span class='ocr_line' id='line_1_42' title="bbox 50 3964 1703 4055; baseline -0.011 -14"><span class='ocrx_word' id='word_1_504' title='bbox 50 3984 160 4053; x_wconf 85' lang='lat' dir='ltr'><strong><em>debeat,</em></strong></span> <span class='ocrx_word' id='word_1_505' title='bbox 176 3983 289 4055; x_wconf 91' lang='lat' dir='ltr'><strong><em>pulchre</em></strong></span> <span class='ocrx_word' id='word_1_506' title='bbox 304 3997 373 4038; x_wconf 86' lang='lat' dir='ltr'><strong><em>nova</em></strong></span> <span class='ocrx_word' id='word_1_507' title='bbox 397 3988 555 4036; x_wconf 87' lang='lat' dir='ltr'><strong><em>statutorum</em></strong></span> <span class='ocrx_word' id='word_1_508' title='bbox 570 3978 695 4035; x_wconf 81' lang='lat' dir='ltr'><strong><em>eclectio</em></strong></span> <span class='ocrx_word' id='word_1_509' title='bbox 714 3979 849 4050; x_wconf 85' lang='lat' dir='ltr'><strong><em>exprimit,</em></strong></span> <span class='ocrx_word' id='word_1_510' title='bbox 904 3971 930 4019; x_wconf 73' lang='lat'><strong><em>01</em></strong></span> <span class='ocrx_word' id='word_1_511' title='bbox 944 3964 1106 4021; x_wconf 64' lang='lat' dir='ltr'><strong><em>necessitate</em></strong></span> <span class='ocrx_word' id='word_1_512' title='bbox 1126 3973 1251 4021; x_wconf 76' lang='lat' dir='ltr'><strong><em>votorum</em></strong></span> <span class='ocrx_word' id='word_1_513' title='bbox 1276 3966 1439 4023; x_wconf 75' lang='lat' dir='ltr'><strong><em>obedientia</em></strong></span> <span class='ocrx_word' id='word_1_514' title='bbox 1462 3975 1489 4023; x_wconf 85' lang='lat' dir='ltr'><strong><em>et</em></strong></span> <span class='ocrx_word' id='word_1_515' title='bbox 1515 3968 1703 4025; x_wconf 83' lang='lat' dir='ltr'><strong><em>conversionis</em></strong></span> 
     </span>
     <span class='ocr_line' id='line_1_43' title="bbox 52 4033 1717 4155; baseline -0.002 -24"><span class='ocrx_word' id='word_1_516' title='bbox 52 4089 118 4146; x_wconf 90' lang='lat' dir='ltr'><strong><em>cap.</em></strong></span> <span class='ocrx_word' id='word_1_517' title='bbox 138 4075 187 4140; x_wconf 79' lang='grc'><strong><em>19,</em></strong></span> <span class='ocrx_word' id='word_1_518' title='bbox 203 4088 231 4126; x_wconf 89' lang='lat' dir='ltr'><strong><em>n.</em></strong></span> <span class='ocrx_word' id='word_1_519' title='bbox 248 4074 274 4138; x_wconf 82' lang='lat'><strong><em>5,</em></strong></span> <span class='ocrx_word' id='word_1_520' title='bbox 299 4070 345 4125; x_wconf 94' lang='lat' dir='ltr'><strong><em>ubi</em></strong></span> <span class='ocrx_word' id='word_1_521' title='bbox 369 4068 469 4125; x_wconf 90' lang='lat' dir='ltr'><strong><em>dicitur</em></strong></span> <span class='ocrx_word' id='word_1_522' title='bbox 485 4068 613 4124; x_wconf 88' lang='lat' dir='ltr'><strong><em>:Debent</em></strong></span> <span class='ocrx_word' id='word_1_523' title='bbox 628 4068 706 4123; x_wconf 87' lang='lat' dir='ltr'><strong><em>enim</em></strong></span> <span class='ocrx_word' id='word_1_524' title='bbox 731 4067 851 4140; x_wconf 73' lang='lat' dir='ltr'><strong><em>professi</em></strong></span> <span class='ocrx_word' id='word_1_525' title='bbox 867 4033 1015 4120; x_wconf 60' lang='lat' dir='ltr'><strong><em>onmium.</em></strong></span> <span class='ocrx_word' id='word_1_526' title='bbox 1033 4053 1284 4153; x_wconf 73' lang='lat' dir='ltr'><strong><em>queemisirjuxra</em></strong></span> <span class='ocrx_word' id='word_1_527' title='bbox 1299 4055 1602 4155; x_wconf 23' lang='lat' dir='ltr'><strong><em>⁵1⁸1¹120fflfflf⁰rfflfltmr</em></strong></span> <span class='ocrx_word' id='word_1_528' title='bbox 1619 4073 1717 4155; x_wconf 48' lang='lat' dir='ltr'><strong><em>quim.</em></strong></span> 
     </span>
     <span class='ocr_line' id='line_1_44' title="bbox 53 4141 1702 4243; baseline -0.011 -21"><span class='ocrx_word' id='word_1_529' title='bbox 53 4178 160 4230; x_wconf 84' lang='lat' dir='ltr'><strong><em>omncs,</em></strong></span> <span class='ocrx_word' id='word_1_530' title='bbox 181 4163 239 4218; x_wconf 89' lang='lat' dir='ltr'><strong><em>imo</em></strong></span> <span class='ocrx_word' id='word_1_531' title='bbox 264 4163 401 4216; x_wconf 87' lang='lat' dir='ltr'><strong><em>tenentur</em></strong></span> <span class='ocrx_word' id='word_1_532' title='bbox 415 4174 453 4213; x_wconf 86' lang='lat' dir='ltr'><strong><em>erc</em></strong></span> <span class='ocrx_word' id='word_1_533' title='bbox 464 4158 633 4213; x_wconf 88' lang='lat' dir='ltr'><strong><em>necessitate</em></strong></span> <span class='ocrx_word' id='word_1_534' title='bbox 650 4156 709 4211; x_wconf 89' lang='lat' dir='ltr'><strong><em>coti</em></strong></span> <span class='ocrx_word' id='word_1_535' title='bbox 723 4171 852 4229; x_wconf 84' lang='lat' dir='ltr'><strong><em>saoepro·</em></strong></span> <span class='ocrx_word' id='word_1_536' title='bbox 900 4156 956 4196; x_wconf 74' lang='lat'>⁰⁰1¹</span> <span class='ocrx_word' id='word_1_537' title='bbox 970 4141 1121 4239; x_wconf 51' lang='grc' dir='ltr'><strong><em>ῑὲὓθῑᾶγξῑι</em></strong></span> <span class='ocrx_word' id='word_1_538' title='bbox 1137 4141 1192 4197; x_wconf 69' lang='lat' dir='ltr'><strong><em>i¹¹¹⁰</em></strong></span> <span class='ocrx_word' id='word_1_539' title='bbox 1206 4158 1306 4241; x_wconf 52' lang='lat' dir='ltr'><strong><em>⁸⁰ffef¹⁸.</em></strong></span> <span class='ocrx_word' id='word_1_540' title='bbox 1326 4150 1354 4198; x_wconf 76' lang='grc' dir='ltr'><strong><em>θῑ</em></strong></span> <span class='ocrx_word' id='word_1_541' title='bbox 1374 4142 1470 4241; x_wconf 82' lang='lat' dir='ltr'><strong><em>volens</em></strong></span> <span class='ocrx_word' id='word_1_542' title='bbox 1491 4144 1604 4242; x_wconf 61' lang='lat' dir='ltr'><strong><em>relative</em></strong></span> <span class='ocrx_word' id='word_1_543' title='bbox 1619 4144 1654 4243; x_wconf 66' lang='lat' dir='ltr'><strong><em>ed</em></strong></span> <span class='ocrx_word' id='word_1_544' title='bbox 1669 4145 1702 4202; x_wconf 81' lang='lat'><strong><em>11·</em></strong></span> 
     </span>
     <span class='ocr_line' id='line_1_45' title="bbox 52 4228 1644 4324; baseline -0.011 -15"><span class='ocrx_word' id='word_1_545' title='bbox 52 4251 195 4324; x_wconf 62' lang='lat' dir='ltr'><strong><em>sermm,</em></strong></span> <span class='ocrx_word' id='word_1_546' title='bbox 215 4248 317 4305; x_wconf 86' lang='lat' dir='ltr'><strong><em>babere</em></strong></span> <span class='ocrx_word' id='word_1_547' title='bbox 331 4248 462 4303; x_wconf 88' lang='lat' dir='ltr'><strong><em>animum</em></strong></span> <span class='ocrx_word' id='word_1_548' title='bbox 474 4249 611 4317; x_wconf 85' lang='lat' dir='ltr'><strong><em>paratum</em></strong></span> <span class='ocrx_word' id='word_1_549' title='bbox 639 4244 804 4316; x_wconf 83' lang='lat' dir='ltr'><strong><em>resipnandi</em></strong></span> <span class='ocrx_word' id='word_1_550' title='bbox 818 4245 851 4299; x_wconf 91' lang='lat' dir='ltr'><strong><em>in</em></strong></span> <span class='ocrx_word' id='word_1_551' title='bbox 900 4228 965 4296; x_wconf 68' lang='lat'>¹⁸⁰¹»</span> <span class='ocrx_word' id='word_1_552' title='bbox 980 4229 1180 4300; x_wconf 65' lang='lat' dir='ltr'><strong><em>Pf⁰s0⁵⁸¹01¹0¹¹1</em></strong></span> <span class='ocrx_word' id='word_1_553' title='bbox 1195 4237 1284 4286; x_wconf 71' lang='lat' dir='ltr'><strong><em>emlflll</em></strong></span> <span class='ocrx_word' id='word_1_554' title='bbox 1298 4246 1326 4285; x_wconf 82' lang='lat'><strong><em>111</em></strong></span> <span class='ocrx_word' id='word_1_555' title='bbox 1342 4231 1438 4324; x_wconf 66' lang='lat' dir='ltr'><strong><em>⁰rd1ne</em></strong></span> <span class='ocrx_word' id='word_1_556' title='bbox 1453 4232 1644 4289; x_wconf 69' lang='lat' dir='ltr'><strong><em>carthusiensi.</em></strong></span> 
     </span>
     <span class='ocr_line' id='line_1_46' title="bbox 51 4332 1699 4411; baseline -0.002 -15"><span class='ocrx_word' id='word_1_557' title='bbox 51 4339 184 4396; x_wconf 65' lang='lat' dir='ltr'><strong><em>mandas</em></strong></span> <span class='ocrx_word' id='word_1_558' title='bbox 209 4336 389 4410; x_wconf 79' lang='lat' dir='ltr'><strong><em>presidentis</em></strong></span> <span class='ocrx_word' id='word_1_559' title='bbox 408 4337 508 4407; x_wconf 82' lang='lat' dir='ltr'><strong><em>sponte</em></strong></span> <span class='ocrx_word' id='word_1_560' title='bbox 536 4337 565 4389; x_wconf 90' lang='lat' dir='ltr'><strong><em>et</em></strong></span> <span class='ocrx_word' id='word_1_561' title='bbox 591 4332 677 4388; x_wconf 88' lang='lat' dir='ltr'><strong><em>tibere</em></strong></span> <span class='ocrx_word' id='word_1_562' title='bbox 699 4348 732 4388; x_wconf 91' lang='lat' dir='ltr'><strong><em>ea</em></strong></span> <span class='ocrx_word' id='word_1_563' title='bbox 753 4334 851 4388; x_wconf 88' lang='lat' dir='ltr'><strong><em>omnia</em></strong></span> <span class='ocrx_word' id='word_1_564' title='bbox 936 4335 1032 4390; x_wconf 89' lang='lat' dir='ltr'><strong><em>Totum</em></strong></span> <span class='ocrx_word' id='word_1_565' title='bbox 1046 4335 1099 4391; x_wconf 92' lang='lat' dir='ltr'><strong><em>hoc</em></strong></span> <span class='ocrx_word' id='word_1_566' title='bbox 1114 4334 1260 4407; x_wconf 88' lang='lat' dir='ltr'><strong><em>capitulum</em></strong></span> <span class='ocrx_word' id='word_1_567' title='bbox 1274 4334 1390 4391; x_wconf 88' lang='lat' dir='ltr'><strong><em>relatum</em></strong></span> <span class='ocrx_word' id='word_1_568' title='bbox 1417 4336 1501 4393; x_wconf 87' lang='lat' dir='ltr'><strong><em>habes</em></strong></span> <span class='ocrx_word' id='word_1_569' title='bbox 1528 4336 1557 4392; x_wconf 92' lang='lat' dir='ltr'><strong><em>in</em></strong></span> <span class='ocrx_word' id='word_1_570' title='bbox 1580 4337 1699 4411; x_wconf 86' lang='lat' dir='ltr'><strong><em>antiquis</em></strong></span> 
     </span>
     <span class='ocr_line' id='line_1_47' title="bbox 51 4421 1698 4502; baseline -0.006 -16"><span class='ocrx_word' id='word_1_571' title='bbox 51 4444 115 4502; x_wconf 80' lang='lat' dir='ltr'><strong><em>oute</em></strong></span> <span class='ocrx_word' id='word_1_572' title='bbox 129 4426 182 4483; x_wconf 81' lang='lat' dir='ltr'><strong><em>sibi</em></strong></span> <span class='ocrx_word' id='word_1_573' title='bbox 196 4441 327 4482; x_wconf 82' lang='lat' dir='ltr'><strong><em>concessa</em></strong></span> <span class='ocrx_word' id='word_1_574' title='bbox 342 4427 420 4492; x_wconf 86' lang='lat' dir='ltr'><strong><em>sant,</em></strong></span> <span class='ocrx_word' id='word_1_575' title='bbox 436 4422 493 4478; x_wconf 85' lang='lat' dir='ltr'><strong><em>cive</em></strong></span> <span class='ocrx_word' id='word_1_576' title='bbox 510 4421 575 4478; x_wconf 86' lang='lat' dir='ltr'><strong><em>libri</em></strong></span> <span class='ocrx_word' id='word_1_577' title='bbox 589 4422 710 4492; x_wconf 66' lang='lat' dir='ltr'><strong><em>suenni,</em></strong></span> <span class='ocrx_word' id='word_1_578' title='bbox 727 4423 779 4476; x_wconf 88' lang='lat' dir='ltr'><strong><em>aut</em></strong></span> <span class='ocrx_word' id='word_1_579' title='bbox 793 4421 850 4476; x_wconf 92' lang='lat' dir='ltr'><strong><em>ati·</em></strong></span> <span class='ocrx_word' id='word_1_580' title='bbox 901 4422 1017 4488; x_wconf 88' lang='lat' dir='ltr'><strong><em>statutis,</em></strong></span> <span class='ocrx_word' id='word_1_581' title='bbox 1040 4437 1101 4494; x_wconf 90' lang='lat' dir='ltr'><strong><em>cap.</em></strong></span> <span class='ocrx_word' id='word_1_582' title='bbox 1118 4424 1169 4491; x_wconf 76' lang='lat' dir='ltr'><strong><em>il,</em></strong></span> <span class='ocrx_word' id='word_1_583' title='bbox 1195 4438 1215 4477; x_wconf 93' lang='grc' dir='ltr'><strong><em>ιι</em></strong></span> <span class='ocrx_word' id='word_1_584' title='bbox 1238 4431 1317 4495; x_wconf 89' lang='lat' dir='ltr'><strong><em>pert,</em></strong></span> <span class='ocrx_word' id='word_1_585' title='bbox 1335 4439 1382 4478; x_wconf 91' lang='lat' dir='ltr'><strong><em>nn.</em></strong></span> <span class='ocrx_word' id='word_1_586' title='bbox 1406 4426 1422 4479; x_wconf 81' lang='lat' dir='ltr'><strong><em>i</em></strong></span> <span class='ocrx_word' id='word_1_587' title='bbox 1445 4430 1473 4482; x_wconf 88' lang='lat' dir='ltr'><strong><em>et</em></strong></span> <span class='ocrx_word' id='word_1_588' title='bbox 1494 4427 1521 4482; x_wconf 81' lang='lat'><strong><em>5.</em></strong></span> <span class='ocrx_word' id='word_1_589' title='bbox 1552 4434 1579 4482; x_wconf 87' lang='lat' dir='ltr'><strong><em>et</em></strong></span> <span class='ocrx_word' id='word_1_590' title='bbox 1602 4425 1698 4484; x_wconf 79' lang='lat' dir='ltr'><strong><em>eedem</em></strong></span> 
     </span>
     <span class='ocr_line' id='line_1_48' title="bbox 52 4509 1553 4591; baseline -0.001 -19"><span class='ocrx_word' id='word_1_591' title='bbox 52 4516 121 4591; x_wconf 78' lang='lat' dir='ltr'><strong><em>quiet</em></strong></span> <span class='ocrx_word' id='word_1_592' title='bbox 135 4513 214 4571; x_wconf 86' lang='lat' dir='ltr'><strong><em>aliud</em></strong></span> <span class='ocrx_word' id='word_1_593' title='bbox 237 4528 337 4569; x_wconf 89' lang='lat' dir='ltr'><strong><em>carum</em></strong></span> <span class='ocrx_word' id='word_1_594' title='bbox 352 4511 396 4568; x_wconf 91' lang='lat' dir='ltr'><strong><em>oet</em></strong></span> <span class='ocrx_word' id='word_1_595' title='bbox 407 4510 471 4576; x_wconf 88' lang='lat' dir='ltr'><strong><em>uite,</em></strong></span> <span class='ocrx_word' id='word_1_596' title='bbox 488 4510 596 4582; x_wconf 69' lang='lat' dir='ltr'><strong><em>paones</em></strong></span> <span class='ocrx_word' id='word_1_597' title='bbox 615 4509 744 4582; x_wconf 81' lang='lat' dir='ltr'><strong><em>superior</em></strong></span> <span class='ocrx_word' id='word_1_598' title='bbox 753 4509 850 4567; x_wconf 91' lang='lat' dir='ltr'><strong><em>ootue·</em></strong></span> <span class='ocrx_word' id='word_1_599' title='bbox 901 4527 1015 4583; x_wconf 89' lang='lat' dir='ltr'><strong><em>prorsus</em></strong></span> <span class='ocrx_word' id='word_1_600' title='bbox 1029 4511 1101 4583; x_wconf 90' lang='lat' dir='ltr'><strong><em>apud</em></strong></span> <span class='ocrx_word' id='word_1_601' title='bbox 1115 4526 1166 4566; x_wconf 91' lang='lat' dir='ltr'><strong><em>nos</em></strong></span> <span class='ocrx_word' id='word_1_602' title='bbox 1181 4511 1261 4567; x_wconf 89' lang='lat' dir='ltr'><strong><em>etiam</em></strong></span> <span class='ocrx_word' id='word_1_603' title='bbox 1276 4527 1348 4569; x_wconf 86' lang='lat' dir='ltr'><strong><em>ntvno</em></strong></span> <span class='ocrx_word' id='word_1_604' title='bbox 1362 4511 1553 4571; x_wconf 89' lang='lat' dir='ltr'><strong><em>observantur.</em></strong></span> 
     </span>
     <span class='ocr_line' id='line_1_49' title="bbox 52 4597 850 4672; baseline -0.013 -10"><span class='ocrx_word' id='word_1_605' title='bbox 52 4607 103 4671; x_wconf 86' lang='lat' dir='ltr'><strong><em>rit,</em></strong></span> <span class='ocrx_word' id='word_1_606' title='bbox 119 4606 148 4660; x_wconf 86' lang='lat' dir='ltr'><strong><em>et</em></strong></span> <span class='ocrx_word' id='word_1_607' title='bbox 175 4602 239 4672; x_wconf 70' lang='lat' dir='ltr'><strong><em>fieri</em></strong></span> <span class='ocrx_word' id='word_1_608' title='bbox 256 4599 446 4656; x_wconf 86' lang='lat' dir='ltr'><strong><em>mandauerit.</em></strong></span> <span class='ocrx_word' id='word_1_609' title='bbox 462 4599 561 4655; x_wconf 79' lang='lat' dir='ltr'><strong><em>Necti</em></strong></span> <span class='ocrx_word' id='word_1_610' title='bbox 589 4598 639 4654; x_wconf 85' lang='lat' dir='ltr'><strong><em>boc</em></strong></span> <span class='ocrx_word' id='word_1_611' title='bbox 659 4599 769 4668; x_wconf 77' lang='lat' dir='ltr'><strong><em>sarmit,</em></strong></span> <span class='ocrx_word' id='word_1_612' title='bbox 799 4597 850 4652; x_wconf 88' lang='lat' dir='ltr'><strong><em>de·</em></strong></span> 
     </span>
     <span class='ocr_line' id='line_1_50' title="bbox 52 4685 1698 4763; baseline -0.001 -15"><span class='ocrx_word' id='word_1_613' title='bbox 52 4694 120 4749; x_wconf 91' lang='lat' dir='ltr'><strong><em>bent</em></strong></span> <span class='ocrx_word' id='word_1_614' title='bbox 133 4704 315 4746; x_wconf 77' lang='lat' dir='ltr'><strong><em>manascere</em></strong></span> <span class='ocrx_word' id='word_1_615' title='bbox 329 4692 380 4744; x_wconf 91' lang='lat' dir='ltr'><strong><em>aat</em></strong></span> <span class='ocrx_word' id='word_1_616' title='bbox 396 4687 540 4760; x_wconf 81' lang='lat' dir='ltr'><strong><em>conqueri,</em></strong></span> <span class='ocrx_word' id='word_1_617' title='bbox 570 4686 696 4758; x_wconf 82' lang='lat' dir='ltr'><strong><em>alioquin</em></strong></span> <span class='ocrx_word' id='word_1_618' title='bbox 723 4685 849 4741; x_wconf 89' lang='lat' dir='ltr'><strong><em>nondum</em></strong></span> <span class='ocrx_word' id='word_1_619' title='bbox 936 4687 1118 4743; x_wconf 73' lang='lat' dir='ltr'><strong><em>cmxxiv.</em></strong></span> <span class='ocrx_word' id='word_1_620' title='bbox 1134 4687 1390 4745; x_wconf 89' lang='lat' dir='ltr'><strong><em>-ldemrefertur</em></strong></span> <span class='ocrx_word' id='word_1_621' title='bbox 1408 4688 1436 4744; x_wconf 91' lang='lat' dir='ltr'><strong><em>in</em></strong></span> <span class='ocrx_word' id='word_1_622' title='bbox 1457 4691 1576 4763; x_wconf 89' lang='lat' dir='ltr'><strong><em>antiquis</em></strong></span> <span class='ocrx_word' id='word_1_623' title='bbox 1589 4691 1698 4747; x_wconf 87' lang='lat' dir='ltr'><strong><em>statutis</em></strong></span> 
     </span>
     <span class='ocr_line' id='line_1_51' title="bbox 50 4777 1697 4850; baseline -0.002 -13"><span class='ocrx_word' id='word_1_624' title='bbox 50 4797 81 4837; x_wconf 86' lang='lat' dir='ltr'><strong><em>se</em></strong></span> <span class='ocrx_word' id='word_1_625' title='bbox 105 4783 134 4836; x_wconf 86' lang='lat' dir='ltr'><strong><em>et</em></strong></span> <span class='ocrx_word' id='word_1_626' title='bbox 160 4794 213 4835; x_wconf 83' lang='lat' dir='ltr'><strong><em>rua</em></strong></span> <span class='ocrx_word' id='word_1_627' title='bbox 245 4777 435 4850; x_wconf 83' lang='lat' dir='ltr'><strong><em>reliquerunt,</em></strong></span> <span class='ocrx_word' id='word_1_628' title='bbox 458 4777 486 4831; x_wconf 91' lang='lat' dir='ltr'><strong><em>ct</em></strong></span> <span class='ocrx_word' id='word_1_629' title='bbox 523 4777 674 4846; x_wconf 83' lang='lat' dir='ltr'><strong><em>propterea</em></strong></span> <span class='ocrx_word' id='word_1_630' title='bbox 696 4789 850 4846; x_wconf 85' lang='lat' dir='ltr'><strong><em>pauperem</em></strong></span> <span class='ocrx_word' id='word_1_631' title='bbox 900 4791 920 4830; x_wconf 97' lang='grc' dir='ltr'><strong><em>ιι</em></strong></span> <span class='ocrx_word' id='word_1_632' title='bbox 934 4783 1014 4847; x_wconf 71' lang='lat' dir='ltr'><strong><em>paru,</em></strong></span> <span class='ocrx_word' id='word_1_633' title='bbox 1032 4791 1092 4847; x_wconf 89' lang='lat' dir='ltr'><strong><em>cap.</em></strong></span> <span class='ocrx_word' id='word_1_634' title='bbox 1107 4778 1153 4843; x_wconf 78' lang='lat' dir='ltr'><strong><em>el,</em></strong></span> <span class='ocrx_word' id='word_1_635' title='bbox 1168 4793 1243 4833; x_wconf 91' lang='lat' dir='ltr'><strong><em>num.</em></strong></span> <span class='ocrx_word' id='word_1_636' title='bbox 1266 4780 1293 4844; x_wconf 82' lang='lat'><strong><em>5,</em></strong></span> <span class='ocrx_word' id='word_1_637' title='bbox 1309 4786 1336 4834; x_wconf 90' lang='lat' dir='ltr'><strong><em>et</em></strong></span> <span class='ocrx_word' id='word_1_638' title='bbox 1351 4778 1447 4834; x_wconf 85' lang='lat' dir='ltr'><strong><em>eadem</em></strong></span> <span class='ocrx_word' id='word_1_639' title='bbox 1477 4777 1594 4835; x_wconf 85' lang='lat' dir='ltr'><strong><em>formae</em></strong></span> <span class='ocrx_word' id='word_1_640' title='bbox 1617 4779 1697 4834; x_wconf 89' lang='lat' dir='ltr'><strong><em>nobis</em></strong></span> 
     </span>
     <span class='ocr_line' id='line_1_52' title="bbox 54 4862 1698 4939; baseline -0.002 -14"><span class='ocrx_word' id='word_1_641' title='bbox 54 4867 198 4925; x_wconf 73' lang='lat' dir='ltr'><strong><em>Christum</em></strong></span> <span class='ocrx_word' id='word_1_642' title='bbox 212 4866 301 4938; x_wconf 80' lang='lat' dir='ltr'><strong><em>sequi,</em></strong></span> <span class='ocrx_word' id='word_1_643' title='bbox 331 4867 444 4937; x_wconf 85' lang='lat' dir='ltr'><strong><em>atejus</em></strong></span> <span class='ocrx_word' id='word_1_644' title='bbox 471 4864 641 4925; x_wconf 82' lang='lat' dir='ltr'><strong><em>imitatores,</em></strong></span> <span class='ocrx_word' id='word_1_645' title='bbox 657 4865 686 4917; x_wconf 88' lang='lat' dir='ltr'><strong><em>et</em></strong></span> <span class='ocrx_word' id='word_1_646' title='bbox 714 4862 850 4934; x_wconf 84' lang='lat' dir='ltr'><strong><em>discipuli</em></strong></span> <span class='ocrx_word' id='word_1_647' title='bbox 900 4872 1031 4920; x_wconf 89' lang='lat' dir='ltr'><strong><em>servatur.</em></strong></span> <span class='ocrx_word' id='word_1_648' title='bbox 1053 4863 1172 4920; x_wconf 75' lang='lat' dir='ltr'><strong><em>Cucullae</em></strong></span> <span class='ocrx_word' id='word_1_649' title='bbox 1202 4873 1292 4921; x_wconf 88' lang='lat' dir='ltr'><strong><em>autem</em></strong></span> <span class='ocrx_word' id='word_1_650' title='bbox 1321 4866 1440 4933; x_wconf 90' lang='lat' dir='ltr'><strong><em>nomine,</em></strong></span> <span class='ocrx_word' id='word_1_651' title='bbox 1456 4865 1634 4939; x_wconf 76' lang='lat' dir='ltr'><strong><em>intelligimus</em></strong></span> <span class='ocrx_word' id='word_1_652' title='bbox 1647 4882 1698 4922; x_wconf 89' lang='lat' dir='ltr'><strong><em>ve·</em></strong></span> 
     </span>
     <span class='ocr_line' id='line_1_53' title="bbox 50 4950 1697 5028; baseline -0.002 -13"><span class='ocrx_word' id='word_1_653' title='bbox 50 4957 114 5026; x_wconf 75' lang='lat' dir='ltr'><strong><em>fieri</em></strong></span> <span class='ocrx_word' id='word_1_654' title='bbox 134 4971 192 5013; x_wconf 92' lang='lat' dir='ltr'><strong><em>non</em></strong></span> <span class='ocrx_word' id='word_1_655' title='bbox 205 4956 337 5028; x_wconf 84' lang='lat' dir='ltr'><strong><em>possunt,</em></strong></span> <span class='ocrx_word' id='word_1_656' title='bbox 351 4968 403 5009; x_wconf 89' lang='lat' dir='ltr'><strong><em>nec</em></strong></span> <span class='ocrx_word' id='word_1_657' title='bbox 420 4954 481 5023; x_wconf 80' lang='lat' dir='ltr'><strong><em>ejus</em></strong></span> <span class='ocrx_word' id='word_1_658' title='bbox 503 4954 673 5023; x_wconf 85' lang='lat' dir='ltr'><strong><em>paupertate</em></strong></span> <span class='ocrx_word' id='word_1_659' title='bbox 696 4950 793 5006; x_wconf 87' lang='lat' dir='ltr'><strong><em>ditari.</em></strong></span> <span class='ocrx_word' id='word_1_660' title='bbox 900 4959 969 5008; x_wconf 88' lang='lat' dir='ltr'><strong><em>stem</em></strong></span> <span class='ocrx_word' id='word_1_661' title='bbox 983 4951 1057 5007; x_wconf 90' lang='lat' dir='ltr'><strong><em>illam</em></strong></span> <span class='ocrx_word' id='word_1_662' title='bbox 1085 4952 1254 5023; x_wconf 90' lang='lat' dir='ltr'><strong><em>superiorem</em></strong></span> <span class='ocrx_word' id='word_1_663' title='bbox 1269 4961 1295 5009; x_wconf 89' lang='lat' dir='ltr'><strong><em>et</em></strong></span> <span class='ocrx_word' id='word_1_664' title='bbox 1314 4953 1439 5020; x_wconf 87' lang='lat' dir='ltr'><strong><em>talarem,</em></strong></span> <span class='ocrx_word' id='word_1_665' title='bbox 1453 4954 1498 5010; x_wconf 90' lang='lat' dir='ltr'><strong><em>aui</em></strong></span> <span class='ocrx_word' id='word_1_666' title='bbox 1511 4954 1632 5010; x_wconf 76' lang='lat' dir='ltr'><strong><em>adhaeret</em></strong></span> <span class='ocrx_word' id='word_1_667' title='bbox 1647 4970 1697 5011; x_wconf 87' lang='lat' dir='ltr'><strong><em>aa·</em></strong></span> 
     </span>
     <span class='ocr_line' id='line_1_54' title="bbox 86 5037 1697 5115; baseline 0.001 -15"><span class='ocrx_word' id='word_1_668' title='bbox 86 5044 128 5100; x_wconf 89' lang='lat' dir='ltr'><strong><em>De</em></strong></span> <span class='ocrx_word' id='word_1_669' title='bbox 142 5049 303 5115; x_wconf 88' lang='lat' dir='ltr'><strong><em>paupertate</em></strong></span> <span class='ocrx_word' id='word_1_670' title='bbox 316 5040 354 5095; x_wconf 93' lang='lat' dir='ltr'><strong><em>ibi</em></strong></span> <span class='ocrx_word' id='word_1_671' title='bbox 378 5040 477 5113; x_wconf 81' lang='lat' dir='ltr'><strong><em>egitur,</em></strong></span> <span class='ocrx_word' id='word_1_672' title='bbox 503 5046 530 5093; x_wconf 87' lang='lat' dir='ltr'><strong><em>st</em></strong></span> <span class='ocrx_word' id='word_1_673' title='bbox 556 5037 637 5093; x_wconf 88' lang='lat' dir='ltr'><strong><em>etiam</em></strong></span> <span class='ocrx_word' id='word_1_674' title='bbox 664 5037 728 5094; x_wconf 91' lang='lat' dir='ltr'><strong><em>inde</em></strong></span> <span class='ocrx_word' id='word_1_675' title='bbox 742 5038 848 5094; x_wconf 87' lang='lat' dir='ltr'><strong><em>videtur</em></strong></span> <span class='ocrx_word' id='word_1_676' title='bbox 899 5041 1012 5111; x_wconf 82' lang='lat' dir='ltr'><strong><em>parium,</em></strong></span> <span class='ocrx_word' id='word_1_677' title='bbox 1029 5047 1056 5096; x_wconf 89' lang='lat' dir='ltr'><strong><em>et</em></strong></span> <span class='ocrx_word' id='word_1_678' title='bbox 1070 5042 1145 5109; x_wconf 87' lang='lat' dir='ltr'><strong><em>cujus</em></strong></span> <span class='ocrx_word' id='word_1_679' title='bbox 1161 5049 1276 5114; x_wconf 87' lang='lat' dir='ltr'><strong><em>utraque</em></strong></span> <span class='ocrx_word' id='word_1_680' title='bbox 1290 5057 1354 5113; x_wconf 89' lang='lat' dir='ltr'><strong><em>pars</em></strong></span> <span class='ocrx_word' id='word_1_681' title='bbox 1368 5057 1419 5112; x_wconf 90' lang='lat' dir='ltr'><strong><em>per</em></strong></span> <span class='ocrx_word' id='word_1_682' title='bbox 1441 5040 1534 5097; x_wconf 89' lang='lat' dir='ltr'><strong><em>vittam</em></strong></span> <span class='ocrx_word' id='word_1_683' title='bbox 1550 5042 1632 5098; x_wconf 89' lang='lat' dir='ltr'><strong><em>latam</em></strong></span> <span class='ocrx_word' id='word_1_684' title='bbox 1645 5060 1697 5102; x_wconf 89' lang='lat' dir='ltr'><strong><em>co·</em></strong></span> 
     </span>
     <span class='ocr_line' id='line_1_55' title="bbox 49 5125 1697 5207; baseline 0 -16"><span class='ocrx_word' id='word_1_685' title='bbox 49 5149 133 5207; x_wconf 87' lang='lat' dir='ltr'><strong><em>quam</em></strong></span> <span class='ocrx_word' id='word_1_686' title='bbox 148 5140 260 5188; x_wconf 90' lang='lat' dir='ltr'><strong><em>strenue</em></strong></span> <span class='ocrx_word' id='word_1_687' title='bbox 275 5129 359 5186; x_wconf 90' lang='lat' dir='ltr'><strong><em>nostri</em></strong></span> <span class='ocrx_word' id='word_1_688' title='bbox 374 5128 490 5185; x_wconf 88' lang='lat' dir='ltr'><strong><em>debeant</em></strong></span> <span class='ocrx_word' id='word_1_689' title='bbox 498 5127 533 5183; x_wconf 92' lang='lat' dir='ltr'><strong><em>ad</em></strong></span> <span class='ocrx_word' id='word_1_690' title='bbox 540 5125 735 5200; x_wconf 87' lang='lat' dir='ltr'><strong><em>perfectionem</em></strong></span> <span class='ocrx_word' id='word_1_691' title='bbox 749 5126 778 5182; x_wconf 91' lang='lat' dir='ltr'><strong><em>in</em></strong></span> <span class='ocrx_word' id='word_1_692' title='bbox 791 5143 850 5183; x_wconf 92' lang='lat' dir='ltr'><strong><em>om·</em></strong></span> <span class='ocrx_word' id='word_1_693' title='bbox 898 5129 1018 5200; x_wconf 85' lang='lat' dir='ltr'><strong><em>palatur,</em></strong></span> <span class='ocrx_word' id='word_1_694' title='bbox 1033 5136 1060 5184; x_wconf 88' lang='lat' dir='ltr'><strong><em>et</em></strong></span> <span class='ocrx_word' id='word_1_695' title='bbox 1083 5130 1122 5185; x_wconf 90' lang='lat' dir='ltr'><strong><em>sie</em></strong></span> <span class='ocrx_word' id='word_1_696' title='bbox 1136 5127 1175 5199; x_wconf 85' lang='lat' dir='ltr'><strong><em>lit,</em></strong></span> <span class='ocrx_word' id='word_1_697' title='bbox 1192 5137 1222 5184; x_wconf 91' lang='lat' dir='ltr'><strong><em>ut</em></strong></span> <span class='ocrx_word' id='word_1_698' title='bbox 1244 5129 1392 5200; x_wconf 83' lang='lat' dir='ltr'><strong><em>quamdam</em></strong></span> <span class='ocrx_word' id='word_1_699' title='bbox 1407 5129 1496 5186; x_wconf 89' lang='lat' dir='ltr'><strong><em>erucis</em></strong></span> <span class='ocrx_word' id='word_1_700' title='bbox 1510 5129 1625 5187; x_wconf 87' lang='lat' dir='ltr'><strong><em>formam</em></strong></span> <span class='ocrx_word' id='word_1_701' title='bbox 1635 5142 1697 5193; x_wconf 89' lang='lat' dir='ltr'><strong><em>ante</em></strong></span> 
     </span>
     <span class='ocr_line' id='line_1_56' title="bbox 50 5216 1695 5292; baseline -0.001 -14"><span class='ocrx_word' id='word_1_702' title='bbox 50 5224 131 5279; x_wconf 89' lang='lat' dir='ltr'><strong><em>nibus</em></strong></span> <span class='ocrx_word' id='word_1_703' title='bbox 146 5221 267 5277; x_wconf 86' lang='lat' dir='ltr'><strong><em>tendere.</em></strong></span> <span class='ocrx_word' id='word_1_704' title='bbox 899 5225 927 5273; x_wconf 93' lang='lat' dir='ltr'><strong><em>et</em></strong></span> <span class='ocrx_word' id='word_1_705' title='bbox 950 5224 1024 5272; x_wconf 90' lang='lat' dir='ltr'><strong><em>retro</em></strong></span> <span class='ocrx_word' id='word_1_706' title='bbox 1039 5216 1168 5287; x_wconf 86' lang='lat' dir='ltr'><strong><em>feramus,</em></strong></span> <span class='ocrx_word' id='word_1_707' title='bbox 1185 5217 1294 5289; x_wconf 89' lang='lat' dir='ltr'><strong><em>quando</em></strong></span> <span class='ocrx_word' id='word_1_708' title='bbox 1312 5217 1339 5271; x_wconf 92' lang='lat' dir='ltr'><strong><em>in</em></strong></span> <span class='ocrx_word' id='word_1_709' title='bbox 1353 5217 1490 5289; x_wconf 89' lang='lat' dir='ltr'><strong><em>publicum</em></strong></span> <span class='ocrx_word' id='word_1_710' title='bbox 1514 5235 1695 5292; x_wconf 81' lang='lat' dir='ltr'><strong><em>apparemus3</em></strong></span> 
     </span>
     <span class='ocr_line' id='line_1_57' title="bbox 85 5303 1698 5384; baseline -0.001 -17"><span class='ocrx_word' id='word_1_711' title='bbox 85 5311 115 5367; x_wconf 88' lang='lat' dir='ltr'><strong><em>Si</em></strong></span> <span class='ocrx_word' id='word_1_712' title='bbox 130 5325 208 5384; x_wconf 77' lang='lat' dir='ltr'><strong><em>ergo,</em></strong></span> <span class='ocrx_word' id='word_1_713' title='bbox 236 5315 266 5362; x_wconf 91' lang='lat' dir='ltr'><strong><em>ut</em></strong></span> <span class='ocrx_word' id='word_1_714' title='bbox 293 5305 466 5378; x_wconf 89' lang='lat' dir='ltr'><strong><em>perspicuum</em></strong></span> <span class='ocrx_word' id='word_1_715' title='bbox 480 5312 532 5371; x_wconf 87' lang='lat' dir='ltr'><strong><em>est,</em></strong></span> <span class='ocrx_word' id='word_1_716' title='bbox 563 5311 620 5360; x_wconf 88' lang='lat' dir='ltr'><strong><em>tota</em></strong></span> <span class='ocrx_word' id='word_1_717' title='bbox 638 5303 725 5360; x_wconf 88' lang='lat' dir='ltr'><strong><em>meriti</em></strong></span> <span class='ocrx_word' id='word_1_718' title='bbox 740 5311 849 5360; x_wconf 90' lang='lat' dir='ltr'><strong><em>actuum</em></strong></span> <span class='ocrx_word' id='word_1_719' title='bbox 899 5320 963 5360; x_wconf 91' lang='lat' dir='ltr'><strong><em>nam</em></strong></span> <span class='ocrx_word' id='word_1_720' title='bbox 977 5306 1041 5360; x_wconf 89' lang='lat' dir='ltr'><strong><em>dum</em></strong></span> <span class='ocrx_word' id='word_1_721' title='bbox 1056 5305 1107 5361; x_wconf 90' lang='lat' dir='ltr'><strong><em>soli</em></strong></span> <span class='ocrx_word' id='word_1_722' title='bbox 1121 5304 1150 5360; x_wconf 92' lang='lat' dir='ltr'><strong><em>in</em></strong></span> <span class='ocrx_word' id='word_1_723' title='bbox 1177 5304 1249 5361; x_wconf 87' lang='lat' dir='ltr'><strong><em>cella</em></strong></span> <span class='ocrx_word' id='word_1_724' title='bbox 1277 5304 1415 5374; x_wconf 88' lang='lat' dir='ltr'><strong><em>sedemus,</em></strong></span> <span class='ocrx_word' id='word_1_725' title='bbox 1431 5313 1459 5362; x_wconf 90' lang='lat' dir='ltr'><strong><em>et</em></strong></span> <span class='ocrx_word' id='word_1_726' title='bbox 1472 5307 1625 5365; x_wconf 90' lang='lat' dir='ltr'><strong><em>divinorum</em></strong></span> <span class='ocrx_word' id='word_1_727' title='bbox 1639 5309 1698 5365; x_wconf 86' lang='lat' dir='ltr'><strong><em>offi-</em></strong></span> 
     </span>
     <span class='ocr_line' id='line_1_58' title="bbox 48 5385 1698 5469; baseline -0.002 -13"><span class='ocrx_word' id='word_1_728' title='bbox 48 5397 220 5457; x_wconf 87' lang='lat' dir='ltr'><strong><em>Caribusiani</em></strong></span> <span class='ocrx_word' id='word_1_729' title='bbox 236 5395 360 5452; x_wconf 86' lang='lat' dir='ltr'><strong><em>monaehi</em></strong></span> <span class='ocrx_word' id='word_1_730' title='bbox 385 5393 464 5461; x_wconf 85' lang='lat' dir='ltr'><strong><em>ratio,</em></strong></span> <span class='ocrx_word' id='word_1_731' title='bbox 478 5392 506 5448; x_wconf 88' lang='lat' dir='ltr'><strong><em>in</em></strong></span> <span class='ocrx_word' id='word_1_732' title='bbox 529 5392 683 5449; x_wconf 88' lang='lat' dir='ltr'><strong><em>obedientia</em></strong></span> <span class='ocrx_word' id='word_1_733' title='bbox 711 5392 849 5462; x_wconf 86' lang='lat' dir='ltr'><strong><em>consistat,</em></strong></span> <span class='ocrx_word' id='word_1_734' title='bbox 861 5385 888 5446; x_wconf 87' lang='lat' dir='ltr'>D</span> <span class='ocrx_word' id='word_1_735' title='bbox 902 5394 1006 5450; x_wconf 89' lang='lat' dir='ltr'><strong><em>ciorum</em></strong></span> <span class='ocrx_word' id='word_1_736' title='bbox 1030 5394 1182 5450; x_wconf 87' lang='lat' dir='ltr'><strong><em>recitationi</em></strong></span> <span class='ocrx_word' id='word_1_737' title='bbox 1195 5408 1251 5449; x_wconf 91' lang='lat' dir='ltr'><strong><em>non</em></strong></span> <span class='ocrx_word' id='word_1_738' title='bbox 1265 5408 1404 5461; x_wconf 85' lang='lat' dir='ltr'><strong><em>vacamus,</em></strong></span> <span class='ocrx_word' id='word_1_739' title='bbox 1420 5394 1544 5469; x_wconf 84' lang='lat' dir='ltr'><strong><em>deposita</em></strong></span> <span class='ocrx_word' id='word_1_740' title='bbox 1558 5395 1603 5450; x_wconf 91' lang='lat' dir='ltr'><strong><em>illa</em></strong></span> <span class='ocrx_word' id='word_1_741' title='bbox 1617 5396 1698 5453; x_wconf 89' lang='lat' dir='ltr'><strong><em>talari</em></strong></span> 
     </span>
     <span class='ocr_line' id='line_1_59' title="bbox 49 5480 1699 5558; baseline -0.005 -13"><span class='ocrx_word' id='word_1_742' title='bbox 49 5497 76 5546; x_wconf 89' lang='lat' dir='ltr'><strong><em>et</em></strong></span> <span class='ocrx_word' id='word_1_743' title='bbox 91 5488 127 5544; x_wconf 87' lang='lat' dir='ltr'><strong><em>ad</em></strong></span> <span class='ocrx_word' id='word_1_744' title='bbox 146 5488 204 5557; x_wconf 86' lang='lat' dir='ltr'><strong><em>ejus</em></strong></span> <span class='ocrx_word' id='word_1_745' title='bbox 232 5483 428 5558; x_wconf 88' lang='lat' dir='ltr'><strong><em>perfectionem</em></strong></span> <span class='ocrx_word' id='word_1_746' title='bbox 452 5481 654 5554; x_wconf 89' lang='lat' dir='ltr'><strong><em>adipiscendam</em></strong></span> <span class='ocrx_word' id='word_1_747' title='bbox 678 5496 711 5536; x_wconf 82' lang='lat' dir='ltr'><strong><em>ex</em></strong></span> <span class='ocrx_word' id='word_1_748' title='bbox 738 5480 766 5537; x_wconf 94' lang='lat' dir='ltr'><strong><em>vi</em></strong></span> <span class='ocrx_word' id='word_1_749' title='bbox 792 5483 849 5539; x_wconf 84' lang='lat' dir='ltr'><strong><em>voti</em></strong></span> <span class='ocrx_word' id='word_1_750' title='bbox 898 5482 1015 5553; x_wconf 88' lang='lat' dir='ltr'><strong><em>cuculla,</em></strong></span> <span class='ocrx_word' id='word_1_751' title='bbox 1030 5498 1141 5554; x_wconf 84' lang='lat' dir='ltr'><strong><em>parvam</em></strong></span> <span class='ocrx_word' id='word_1_752' title='bbox 1157 5497 1219 5555; x_wconf 84' lang='lat' dir='ltr'><strong><em>quae</em></strong></span> <span class='ocrx_word' id='word_1_753' title='bbox 1234 5481 1361 5540; x_wconf 88' lang='lat' dir='ltr'><strong><em>funiculis</em></strong></span> <span class='ocrx_word' id='word_1_754' title='bbox 1385 5483 1512 5557; x_wconf 75' lang='lat' dir='ltr'><strong><em>alligatur</em></strong></span> <span class='ocrx_word' id='word_1_755' title='bbox 1534 5483 1699 5547; x_wconf 81' lang='lat' dir='ltr'><strong><em>assumimus</em></strong></span> 
     </span>
     <span class='ocr_line' id='line_1_60' title="bbox 49 5568 1360 5646; baseline -0.005 -9"><span class='ocrx_word' id='word_1_756' title='bbox 49 5574 237 5637; x_wconf 85' lang='lat' dir='ltr'><strong><em>conversionis</em></strong></span> <span class='ocrx_word' id='word_1_757' title='bbox 251 5589 360 5630; x_wconf 89' lang='lat' dir='ltr'><strong><em>morum</em></strong></span> <span class='ocrx_word' id='word_1_758' title='bbox 379 5571 502 5644; x_wconf 88' lang='lat' dir='ltr'><strong><em>aspirare</em></strong></span> <span class='ocrx_word' id='word_1_759' title='bbox 529 5577 664 5640; x_wconf 71' lang='lat' dir='ltr'><strong><em>ematur,</em></strong></span> <span class='ocrx_word' id='word_1_760' title='bbox 693 5568 776 5628; x_wconf 88' lang='lat' dir='ltr'><strong><em>debet</em></strong></span> <span class='ocrx_word' id='word_1_761' title='bbox 797 5587 849 5645; x_wconf 88' lang='lat' dir='ltr'><strong><em>per</em></strong></span> <span class='ocrx_word' id='word_1_762' title='bbox 897 5579 926 5629; x_wconf 90' lang='lat' dir='ltr'><strong><em>ut</em></strong></span> <span class='ocrx_word' id='word_1_763' title='bbox 947 5570 1060 5630; x_wconf 79' lang='lat' dir='ltr'><strong><em>liberim</em></strong></span> <span class='ocrx_word' id='word_1_764' title='bbox 1078 5569 1188 5646; x_wconf 87' lang='lat' dir='ltr'><strong><em>operari</em></strong></span> <span class='ocrx_word' id='word_1_765' title='bbox 1211 5571 1360 5644; x_wconf 63' lang='lat' dir='ltr'><strong><em>maianus.</em></strong></span> 
     </span>
    </p>
   </div>
   <div class='ocr_carea' id='block_1_17' title="bbox 0 0 1876 5986">
    <p class='ocr_par' dir='ltr' id='par_1_18' title="bbox 0 0 1876 5986">
     <span class='ocr_line' id='line_1_61' title="bbox 0 0 1876 5986; baseline 0 7"><span class='ocrx_word' id='word_1_766' title='bbox 0 0 1876 5986; x_wconf 95' lang='lat' dir='ltr'><strong><em> </em></strong></span> 
     </span>
    </p>
   </div>
  </div>
 </body>
</html>
