3750 5984
59 145 114 200 233
254 131 258 140 ’
364 141 554 199 taxeostrto
573 141 610 198 ΙΝ
628 142 819 200 EPISTOLAS
838 142 951 200 taum.
966 174 1002 185 -
1015 143 1053 200 IN
1070 142 1178 201 EPlS'l'.
1198 144 1223 200 11
1241 144 1289 201 AD
1304 144 1385 204 COR.
1654 151 1708 211 iii

62 268 98 324 Et
112 282 177 324 rere
190 265 256 323 illud
272 267 346 340 quod
360 275 451 324 manet
466 275 509 326 est
518 267 546 323 in
557 267 646 342 gloria
653 267 765 336 mihist
779 269 864 324 Vetus
872 270 900 331 A
914 268 966 326 Ubi
982 276 1024 326 est
1047 269 1157 341 spiritus
1181 269 1299 335 Domini,
1322 269 1360 325 ibi
1374 277 1417 327 est
1432 270 1553 329 libertas.
1569 272 1628 329 Nos
1641 289 1708 331 vcro

62 356 267 413 Testamentum
279 357 861 430 qaodevacuatarhloysiestperqtariam.·
913 358 1046 413 habemus
1070 359 1194 428 spiritum
1214 358 1342 414 Domini:
1361 360 1499 416 Habemus
1519 361 1624 433 utique.
1638 363 1709 417 Nam

61 444 137 500 idem
148 445 222 501 valet
232 446 304 518 quod
314 446 341 500 in
352 445 442 518 gloria
457 463 464 500 ε
480 447 573 503 mullo
582 447 672 519 maqis
682 446 862 519 Evangelium
912 463 963 503 nas
978 446 1103 517 discipuli
1118 445 1219 502 Christi
1232 447 1359 503 revelata
1370 449 1455 518 facie,
1467 449 1494 504 id
1505 457 1546 504 est
1560 448 1711 506 illuminata

61 549 158 589 meum
173 533 245 608 quod
254 538 406 608 permanet
421 534 538 591 estmihi
551 534 726 592 sufficieusin
735 535 863 591 habenda
912 543 1012 605 mente,
1035 536 1216 607 speculantes
1232 534 1267 590 de
1296 534 1352 591 alto
1367 536 1496 592 virtutum
1514 538 1541 593 in
1561 553 1615 610 quo
1629 537 1711 608 positi

61 623 165 693 gloria.
913 639 1016 678 sumus.
1034 622 1084 677 Vel
1099 624 1291 696 speculantes,
1307 623 1335 678 id
1355 631 1405 690 est,
1422 641 1473 696 per
1486 626 1628 697 speculum
1643 641 1712 682 non·

97 727 252 785 quomdam
272 715 316 785 ,sq
336 729 409 802 quod
423 728 498 802 ,qius
512 729 550 786 ,qq
565 745 595 785 se
610 729 763 786 minisqrare
780 730 862 802 spffi,
913 711 977 766 dum
992 710 1112 782 perfecte
1135 711 1282 767 intuentes.
1299 711 1349 767 Vel
1364 713 1416 769 hoc
1431 713 1475 770 vel
1491 714 1536 771 illo
1549 715 1631 771 modo
1645 731 1711 786 spe-

60 825 130 884 um,
146 833 196 889 p„
210 817 333 889 ,pirgum
348 834 414 876 ,ero
432 818 575 889 jagniam,
591 817 691 874 deinde
706 819 778 891 quod
795 835 862 890 per.
913 799 1035 856 calantes
1049 800 1169 871 qleriam
1184 800 1306 864 Domini,
1323 799 1352 854 id
1367 808 1408 855 est
1419 802 1568 887 essentiam
1578 803 1709 858 Deitatis:

59 914 175 974 manet;
200 907 309 978 Moyses
341 923 407 964 vero
439 906 603 963 ministravit
627 907 743 964 litteram
769 914 864 964 contra
915 889 1203 959 lfln⁸s0lmllm¹lfil²
1220 888 1347 944 eamdem
1361 890 1538 961 finalium?
1553 891 1616 964 quii
1631 907 1711 964 (lum

60 993 209 1066 ,pirgum
225 994 426 1052 dammqqonem
442 1003 537 1052 com„
549 995 692 1066 jastium·
716 996 775 1052 1100
789 995 863 1068 quod
914 976 1047 1032 subtiliter
1057 975 1181 1030 Christus
1189 976 1339 1047 scripturas
1348 976 1482 1050 iutelligit,
1494 980 1622 1051 idemper
1632 981 1712 1052 spiri-

60 1090 220 1150 gvacuam
236 1091 331 1139 comm
347 1084 398 1140 hoc
414 1083 486 1156 quod
500 1092 649 1155 permaneq,
659 1085 693 1140 Et
705 1084 774 1140 siem
784 1084 863 1139 dam.
913 1073 971 1120 turn
982 1079 1032 1120 nos
1043 1063 1144 1120 docuit.
1156 1062 1422 1121 Transformabimur
1431 1067 1537 1137 plenius
1546 1069 1712 1125 resumendo

61 1169 139 1227 natio
153 1168 266 1228 effectus
285 1179 327 1227 est
350 1172 465 1244 peceati,
483 1172 522 1228 sic
533 1172 638 1242 justitia
652 1171 765 1229 effectus
779 1171 863 1244 spiri·
913 1152 1161 1225 impassibffimem
1174 1152 1299 1208 effidem
1314 1161 1340 1208 ²²
1353 1153 1592 1212 immilliilifflem·
1608 1157 1711 1212 Tffllss·

63 1266 120 1314 ως,
137 1259 286 1332 nucusque
299 1259 479 1316 ministerium
494 1276 573 1316 suum
592 1259 742 1316 minisqerqo
762 1259 863 1316 ,egeris
914 1243 1062 1298 formamur
1071 1240 1133 1296 dico
1144 1257 1161 1295 a
1171 1240 1306 1296 claritate
1317 1241 1430 1313 virtutis,
1443 1244 1570 1300 eundoin
1580 1244 1712 1314 majorem

59 1347 135 1422 legis
150 1347 277 1420 praetulit,
294 1348 394 1421 ubique
409 1348 567 1421 deprimens
589 1350 704 1421 pseudo,
728 1348 774 1422 qui
788 1356 864 1406 vete.
913 1332 1089 1387 claritatem.
1105 1326 1178 1384 Vela
1189 1327 1311 1384 claritate
1319 1328 1382 1385 fidei
1393 1339 1419 1387 et
1429 1332 1496 1402 spei,
1509 1348 1569 1404 quse
1577 1348 1650 1390 nuuc
1658 1341 1710 1401 est,

60 1452 121 1492 ,em
141 1435 232 1509 legem
255 1437 434 1494 reducebam,
464 1437 492 1494 sq
517 1437 588 1494 enim
613 1439 722 1511 Moyses
739 1437 864 1493 minisqe„
913 1417 1036 1473 translati
1050 1417 1079 1471 in
1093 1415 1245 1472 claritatem
1258 1417 1309 1485 rei,
1325 1426 1354 1472 ut
1376 1418 1518 1477 videamus
1531 1421 1617 1478 Deum
1632 1420 1712 1477 sicuti

59 1525 159 1580 monis
182 1533 224 1581 e„
246 1533 273 1582 eq
302 1526 494 1592 damnaqqonqg
530 1534 632 1599 quanto
654 1526 743 1600 magis
766 1526 793 1581 hi
818 1524 864 1597 quq
914 1504 1215 1571 est.Transl0rmamur,
1226 1503 1348 1576 inquam,
1362 1507 1511 1565 aelaritate
1521 1508 1550 1563 in
1559 1508 1712 1565 claritatem

59 1621 141 1669 tanta
155 1612 314 1687 indignitate
330 1613 474 1669 inferiores
489 1622 551 1669 sunt
565 1616 681 1686 llopsei
696 1614 766 1683 Quia
776 1611 898 1685 excel-13
915 1599 1052 1667 ¹⁰²³me
1075 1611 1093 1649 ‘⁸
1115 1593 1465 1691 specumentotenus,
1483 1605 1584 1668 quanm
1602 1597 1712 1671 dignius

61 1701 168 1758 lentem
193 1701 308 1774 gloriam
331 1710 522 1774 exspectamus
538 1720 545 1756 :
561 1704 651 1775 iqitur
662 1718 713 1758 uos
728 1703 862 1759 babentes
913 1683 1043 1755 0¹1⁸ssssss
1064 1696 1177 1755 edlessle
1195 1688 1304 1751 8ΡΙΝῑῑῑ8
1319 1683 1426 1739 Domini
1440 1685 1514 1740 Vilei
1527 1686 1580 1742 boc
1594 1684 1709 1743 effioele·

61 1791 153 1846 talem
179 1806 257 1862 spem
279 1789 396 1862 (scilicet
414 1791 599 1862 permanentis
620 1790 727 1863 gloriae)
751 1792 863 1847 utimar·
1220 1789 1335 1847 CAPUT
1349 1788 1385 1844 lv

59 1879 158 1934 matta
171 1877 275 1949 fiducia
291 1898 300 1935 .·
316 1893 371 1934 uon
396 1878 577 1950 reprimentes
598 1880 713 1935 verbum
738 1878 789 1934 Dei
802 1877 861 1935 for·
950 1899 962 1930 s
986 1879 1051 1935 Ideo
1080 1880 1213 1937 habentes
1244 1881 1313 1936 banc
1343 1876 1613 1950 administrationem,
1634 1878 1711 1948 juxta

60 1966 166 2023 midine
206 1967 392 2040 cujuscunque
433 1966 616 2023 difficultatis.
655 1967 762 2023 Utimur
800 1967 862 2039 qui-
914 1967 1018 2039 «qnod
1043 1968 1260 2026 misericordiam
1284 1965 1355 2041 [Dei]
1377 1967 1515 2023 consecuti
1535 1983 1638 2034 sumus,
1653 1982 1710 2023 non

60 2055 128 2111 dem
150 2052 250 2111 fiducia
275 2072 283 2108 t
309 2057 339 2110 et
361 2070 421 2111 non
442 2054 557 2111 facimus
579 2057 655 2112 sieut
678 2055 789 2127 lloqses,
816 2054 862 2127 qui
915 2055 1094 2124 «deficimus,
1121 2058 1169 2114 sed
1192 2057 1350 2113 abdicamus
1365 2055 1470 2111 occulta
1485 2055 1640 2125 dedecoris,
1655 2070 1711 2111 nou

58 2142 185 2215 ponebat
198 2143 327 2199 uelamen
338 2145 537 2215 supersectam
547 2161 630 2200 suam
641 2144 740 2213 (Ecca.
758 2157 861 2209 xxxxv,
915 2167 925 2191 ι
943 2144 1114 2202 ambulantes
1129 2147 1157 2200 in
1171 2145 1279 2214 astutia,
1295 2159 1384 2215 neque
1398 2143 1581 2199 adulterantes
1594 2143 1711 2200 verbum

61 2232 109 2302 33)
122 2249 130 2298 ;
145 2231 217 2297 ideo,
242 2235 275 2287 ut
299 2247 358 2287 non
381 2233 565 2288 intenderent
589 2232 645 2303 filii
665 2232 753 2288 lsrael
767 2233 799 2287 in
814 2234 862 2302 fa·
914 2255 926 2280 ιι
943 2233 994 2288 Dei
1012 2248 1018 2288 :
1036 2234 1127 2290 sedin
1142 2233 1358 2290 manifestatione
1372 2230 1504 2297 veritatis,
1520 2231 1709 2289 commendan-

62 2320 138 2376 ciem
162 2320 222 2390 ejus
238 2339 248 2374 :
262 2319 334 2392 qaod
355 2318 480 2375 velamen
504 2320 585 2375 modo
608 2336 658 2391 per
680 2318 864 2391 Evangelium
914 2329 984 2382 «tes
998 2323 1180 2394 nosmetipsos
1195 2323 1230 2378 ad
1245 2319 1711 2378 omuemcouscientiamhominum

62 2415 190 2464 nostrum
212 2411 376 2465 evacuatur.
402 2408 432 2462 ln
456 2407 606 2481 Evangelio
641 2408 714 2463 enim
738 2406 861 2479 aperitur
915 2418 1036 2466 «coram
1052 2411 1119 2467 Deo.
1137 2410 1207 2479 Quia
1215 2411 1238 2466 si
1249 2410 1331 2466 etiam
1344 2415 1470 2480 opertum
1480 2414 1522 2464 est
1531 2408 1711 2480 Evangelium

64 2495 237 2568 quidquidiu
248 2494 342 2567 figuris
351 2495 451 2552 veteris
460 2495 531 2568 legis
539 2495 728 2551 claudebatur.
753 2495 863 2552 Diceret
916 2520 927 2546 ι
944 2506 1076 2566 uestrum,
1092 2499 1120 2554 in
1133 2498 1176 2553 his
1191 2498 1238 2569 qui
1250 2504 1373 2570 pereunt,
1390 2505 1431 2553 est
1444 2505 1568 2568 opertum
1585 2512 1591 2551 :
1607 2496 1635 2550 in
1651 2495 1710 2568 qui·

67 2582 185 2641 lou
203 2583 249 2640 ille
262 2599 268 2639 :
280 2583 370 2653 Quare
382 2583 451 2640 dicis
465 2584 590 2640 velamen
604 2584 675 2657 legis
690 2591 861 2656 evacuatum,
915 2606 927 2637 s
945 2586 996 2642 hus
1011 2587 1085 2643 Deus
1109 2586 1190 2656 hujus
1209 2586 1301 2642 saeculi
1323 2585 1469 2642 excecavit
1490 2592 1595 2641 mentes
1609 2583 1709 2640 infide·

63 2689 126 2745 quae
141 2671 209 2728 sicut
223 2673 300 2744 prius
314 2673 351 2727 ita
366 2680 392 2729 et
406 2688 480 2729 nunc
494 2673 680 2729 obscuratur?
695 2672 796 2728 Contra
810 2673 863 2728 boc
915 2698 926 2723 ι
945 2675 1025 2744 lium,
1042 2683 1138 2731 utnon
1162 2675 1267 2748 fulgeat
1280 2674 1442 2730 illuminatio
1454 2673 1599 2747 Evangelii
1613 2673 1709 2747 gloriae

64 2761 164 2816 Paulus
180 2778 188 2816 t
203 2761 371 2817 Evacuatum
394 2768 437 2817 est
452 2761 563 2832 quidem
577 2761 703 2817 velamen
718 2760 797 2834 legis,
815 2761 864 2817 sed
915 2783 927 2814 s
945 2758 1059 2831 Christi,
1076 2763 1122 2836 qui
1136 2771 1177 2820 est
1191 2763 1284 2836 imago
1299 2761 1462 2836 [invisibilis]
1477 2762 1540 2818 Dei.
1558 2761 1620 2818 Nou
1635 2763 1709 2819 enim

63 2865 165 2906 sensas
178 2849 322 2921 impiorum
336 2856 449 2921 peceato
462 2847 628 2905 infidelitatis
638 2849 818 2905 suntohtusi.
829 2850 864 2904 Et
915 2853 1126 2924 suosmetipsos
1149 2852 1342 2923 predicamus,
1374 2849 1423 2906 sed
1448 2851 1540 2906 lesum
1570 2850 1710 2907 Christum

63 2953 128 2994 vere
142 2936 232 2993 obtusi
248 2955 255 2992 :
272 2952 366 2993 numa
383 2945 504 3009 tempore
514 2937 586 2993 datae
593 2937 664 3010 legis
674 2953 761 3010 usqne
771 2939 802 2993 in
815 2936 862 2992 lto-
875 2979 898 3040 Ο
916 2961 928 2991 ι
945 2940 1091 2996 Dominum
1105 2946 1241 2995 nostrum.
1261 2941 1318 2995 Nos
1332 2945 1422 2994 autem
1433 2953 1527 2994 servos
1536 2945 1644 2994 vestros
1659 2954 1709 3010 per

63 3025 283 3082 diemumdiem
294 3041 396 3094 meum,
412 3026 441 3081 id
455 3027 583 3082 velamen
594 3025 684 3097 ipsum
692 3025 771 3098 quale
786 3026 863 3097 prius
919 3029 1049 3098 «lesum,
1067 3027 1195 3100 quoniam
1216 3029 1291 3083 Deus
1309 3026 1355 3099 qui
1379 3026 1446 3082 dixit
1466 3025 1500 3082 de
1524 3026 1645 3082 tenebris
1668 3026 1710 3082 lu-

64 3122 133 3181 erat,
146 3117 245 3170 manet
253 3114 282 3169 iu
290 3113 407 3171 lectione
423 3113 530 3170 Veteris
540 3113 704 3169 Testamenti
715 3130 773 3169 nen
787 3129 864 3170 reue·
917 3138 928 3168 ι
941 3133 1004 3173 men
1019 3116 1221 3188 splendescere,
1246 3116 1306 3188 ipse
1324 3114 1413 3171 illuxit
1426 3114 1455 3169 in
1468 3115 1595 3171 cordibus
1609 3115 1709 3171 nostris

65 3203 169 3259 latum
185 3203 254 3258 Cum
268 3203 340 3258 euim
354 3200 512 3257 infidelibus
528 3209 699 3273 exponuntur
707 3199 803 3274 figurae
818 3217 865 3258 ve-
917 3225 929 3256 s
945 3204 981 3260 ad
1002 3204 1228 3260 illuminationem
1248 3203 1369 3260 scientia
1389 3202 1517 3259 claritatis
1531 3203 1580 3258 Dei
1598 3202 1626 3258 in
1640 3201 1709 3260 facie

64 3291 130 3347 teris
145 3290 227 3362 legis,
244 3289 387 3346 infidelitas
401 3290 502 3347 claudit
514 3290 598 3347 corda
614 3305 718 3359 eorum,
729 3296 754 3345 et
768 3288 807 3345 sic
820 3305 866 3345 ve·
917 3313 929 3344 ι
946 3292 1010 3348 Jesn
1031 3292 1141 3348 Christi.
1167 3291 1306 3347 Habemus
1340 3299 1429 3347 autem
1450 3293 1605 3348 thesaurum
1629 3292 1711 3348 istum

64 3377 157 3434 lamen
169 3378 240 3452 legis
250 3395 306 3435 uon
320 3386 361 3435 est
375 3378 430 3434 illis
444 3378 603 3435 revelatum.
620 3377 755 3450 Nonquia
770 3377 864 3433 Evau-
917 3402 929 3431 ι
947 3380 1062 3437 invasis
1083 3378 1227 3446 fictilibus;
1243 3387 1272 3434 ut
1294 3379 1448 3435 sublimitas
1470 3380 1505 3434 sit
1528 3380 1633 3437 virtutis
1647 3378 1708 3448 Dei,

63 3467 168 3541 gelium
191 3475 314 3524 nostrum
337 3467 390 3523 hoc
412 3467 595 3523 velamentum
609 3481 663 3523 uon
682 3464 799 3534 auferat,
816 3466 865 3521 sed
917 3476 973 3524 «et
988 3484 1043 3523 uon
1056 3483 1090 3523 ex
1103 3467 1193 3524 uobis.
1217 3468 1247 3521 ln
1268 3467 1395 3522 omnibus
1415 3467 1615 3524 tribulationem
1637 3468 1711 3539 pati·

65 3553 202 3625 queniam
212 3567 268 3607 uon
278 3552 410 3608 accedunt
422 3552 456 3606 ad
465 3551 603 3607 Christum
614 3567 621 3607 :
633 3552 665 3606 in
676 3567 730 3623 quo
743 3550 863 3620 Christe,
918 3572 1018 3626 «mur,
1035 3554 1085 3611 sed
1102 3571 1157 3611 uon
1179 3555 1375 3628 angustiamur.
1399 3554 1573 3627 aporiamur,
1593 3556 1642 3611 sed
1655 3572 1711 3612 uon

64 3639 92 3696 id
106 3648 150 3696 est
164 3641 193 3695 iu
208 3637 262 3695 fide
277 3640 364 3710 cujus,
381 3643 537 3697 evacuatur
551 3639 604 3695 boc
628 3639 764 3695 velamen.
781 3638 865 3694 Vela·
918 3664 930 3695 ι
947 3643 1128 3699 destituimur.
1149 3643 1370 3699 persecutionem
1385 3643 1512 3715 patimur,
1528 3643 1646 3700 sednon
1663 3644 1712 3700 de·

63 3745 128 3784 men
142 3728 253 3801 quidem
274 3735 316 3784 est
339 3729 432 3784 Veteri
451 3728 637 3794 Testamento,
653 3743 707 3783 non
722 3727 784 3784 ideo
799 3726 866 3798 quin
919 3727 1138 3799 «relinquimur.
1158 3727 1348 3796 humiliamur,
1370 3726 1419 3783 sed
1434 3743 1488 3783 non
1507 3726 1709 3784 comuadimur.

65 3818 152 3873 Vetus
172 3816 376 3872 Testamentum
400 3833 450 3888 per
471 3815 652 3889 Evangelium
671 3823 795 3887 apertum
820 3814 864 3882 sit,
919 3814 1104 3884 ‹Dejicimur,
1130 3815 1179 3870 sed
1201 3815 1256 3871 nod
1276 3815 1407 3887 perimus.
1432 3815 1547 3888 Semper
1559 3814 1712 3872 mortifica·

64 3904 112 3961 sed
127 3904 192 3978 quia
206 3905 338 3978 usquein
353 3904 521 3961 hodiernum
536 3904 621 3969 diem,
637 3919 703 3960 cum
719 3904 826 3974 leqitur
840 3909 866 3959 et
918 3927 929 3952 ι
947 3905 1048 3959 tionem
1063 3903 1128 3959 Jesn
1141 3903 1242 3959 Christi
1265 3903 1295 3957 iu
1317 3918 1433 3975 corpore
1454 3910 1551 3960 nostro
1564 3890 1713 3961 c'ireumfe·

65 3992 213 4064 exponitur
223 3993 263 4048 eis
279 4010 287 4047 :
303 3993 414 4066 lloqses,
428 3994 555 4049 velamen
565 3990 733 4048 infidelitatis
743 3996 786 4047 est
795 3991 868 4063 posi»
919 4013 931 4044 ι
948 4000 1038 4048 rentes
1056 4006 1062 4045 :
1079 3999 1109 4047 ut
1128 3990 1284 4048 mser
1298 3992 1354 4048 vita
1367 3991 1471 4049 lesuin
1484 3992 1645 4064 corporibus
1658 4009 1713 4052 no·

67 4085 129 4138 tum
136 4096 223 4154 saper
231 4079 404 4152 impoenitens
415 4097 464 4137 cor
473 4096 581 4146 eorum,
591 4079 663 4153 quod
669 4079 794 4137 velamen
804 4095 868 4136 eva-
919 4103 930 4128 ι
949 4081 1014 4136 stris
1027 4079 1225 4136 manifestetur.
1242 4081 1358 4151 Semper
1371 4080 1444 4136 enim
1457 4096 1508 4137 uos
1523 4081 1570 4154 qui
1584 4081 1711 4150 vivimus,

65 4176 178 4226 austum
193 4177 235 4225 est
248 4170 277 4225 iu
290 4168 413 4237 Christo,
428 4169 462 4224 ad
476 4185 558 4241 quem
573 4168 694 4226 converti
707 4168 813 4224 uolunt.
832 4167 868 4222 Et
920 4192 930 4216 ι
949 4169 978 4223 in
997 4176 1113 4224 mortem
1138 4168 1272 4224 tradimur
1294 4176 1407 4240 propter
1426 4169 1519 4225 lesum
1535 4185 1542 4225 τ
1558 4176 1588 4225 ut
1610 4178 1637 4226 et
1658 4170 1713 4227 vita

66 4257 141 4330 quod
156 4256 194 4313 ita
216 4256 362 4315 dicendum
376 4257 420 4326 sit,
437 4273 557 4329 sequens
577 4257 668 4312 littera
682 4255 769 4311 innuit
786 4271 793 4310 ε
808 4256 866 4312 Ve-
921 4257 1013 4312 «lesu
1033 4255 1222 4311 manifestetur
1242 4255 1271 4310 in
1290 4270 1372 4312 carne
1396 4265 1490 4313 nostra
1503 4256 1621 4313 mortali.
1636 4259 1712 4332 Ergo

66 4344 160 4401 lamen
174 4361 256 4417 super
270 4361 317 4402 eor
330 4362 437 4415 eorum,
453 4345 584 4418 quianon
598 4344 773 4402 acceduutad
788 4330 902 4399 Chri-D
920 4367 931 4393 ι
947 4359 1022 4400 mors
1036 4344 1063 4398 in
1088 4343 1168 4399 nobis
1183 4351 1320 4414 operatur,
1336 4343 1390 4400 vita
1402 4327 1493 4401 autem
1506 4345 1534 4400 in
1549 4345 1638 4403 vobis.
1654 4347 1713 4402 lla·

68 4440 140 4489 stum
153 4433 759 4505 :sedeamconaersifuerintadDominum,
779 4432 868 4488 ablato
920 4432 1040 4488 ‹hentes
1054 4439 1145 4487 autem
1165 4432 1292 4488 eumdem
1313 4432 1436 4504 spiritum
1457 4432 1531 4499 fidei,
1552 4433 1623 4490 sicut
1641 4434 1713 4492 scri·

65 4522 143 4593 prius
159 4522 294 4579 velamine
307 4523 399 4580 cordis
413 4519 805 4594 exquoanimumpuenitendi
819 4521 868 4575 ba·
920 4530 1025 4593 «ptum
1049 4528 1091 4576 est
1118 4537 1124 4574 :
1151 4520 1261 4577 Credidi
1290 4528 1401 4593 propter
1427 4522 1500 4594 qnod
1522 4521 1629 4579 locutus
1652 4537 1714 4578 sum

67 4610 188 4665 buerunt
201 4629 209 4677 ;
224 4614 373 4683 auferetur
383 4611 620 4667 deindeaelamen
630 4608 827 4683 intelligentia,
841 4615 869 4664 et
921 4631 933 4654 ·
948 4609 1036 4680 (Psul.
1052 4623 1117 4679 cxv,
1135 4607 1172 4678 ι),
1192 4632 1203 4658 ι
1220 4616 1246 4664 et
1260 4626 1310 4665 uos
1320 4609 1468 4677 credimus,
1479 4611 1674 4683 propterquod
1688 4617 1715 4667 et

68 4706 164 4769 aperte
179 4706 347 4773 cognoscent
368 4699 500 4771 mysteria
522 4698 603 4772 legis.
628 4699 709 4763 Vere,
726 4697 789 4769 quia
803 4711 869 4753 con·
921 4718 932 4748 ι
948 4697 1086 4769 loquimur
1102 4713 1109 4752 τ
1126 4697 1254 4766 scientes,
1267 4697 1395 4770 quoniam
1407 4698 1452 4769 qui
1464 4698 1601 4755 suscitavit
1608 4699 1712 4767 lesum,

70 4788 253 4843 vertenturad
263 4787 418 4853 Dominum,
431 4786 570 4843 auferetur
585 4785 719 4842 velamen.
731 4787 802 4842 llam
816 4786 868 4841 Do·
921 4807 932 4837 ‹
950 4794 977 4842 et
990 4802 1041 4843 uos
1056 4801 1117 4842 cum
1127 4785 1192 4843 lesu
1206 4785 1355 4856 suscitabit,
1371 4794 1398 4842 et
1406 4786 1551 4843 constituet
1560 4787 1713 4844 vobiscum.

68 4877 167 4932 minus
183 4879 226 4932 est
241 4877 360 4950 spiritus
370 4893 378 4930 :
389 4875 544 4932 ubiaatem
554 4875 673 4947 spiritus
684 4881 725 4930 est
744 4875 867 4943 Domini,
921 4898 932 4923 ιι
950 4874 1049 4929 Omnia
1064 4874 1136 4930 enim
1151 4881 1265 4946 propter
1278 4889 1347 4942 v0s;
1362 4882 1391 4929 ut
1401 4875 1487 4949 gratia
1499 4874 1649 4941 abundans,
1665 4892 1716 4947 per

67 4961 96 5018 id
119 4972 170 5033 est,
196 4963 307 5035 spiritus
328 4963 461 5020 Dominus
484 4961 655 5018 intransitive
676 4961 797 5029 dietum;
825 4960 869 5017 vel
920 4985 932 5014 ι
949 4962 1050 5018 multos
1064 4962 1092 5016 iu
1113 4962 1263 5036 gratiarum
1285 4962 1401 5028 actione,
1422 4963 1539 5019 abundet
1553 4962 1583 5018 in
1597 4963 1715 5038 gloriam

69 5052 183 5124 spiritus
196 5052 305 5108 Domini
320 5052 471 5121 transitive,
488 5052 561 5108 Deus
578 5050 651 5107 euim
666 5049 787 5122 seipsum
797 5049 844 5104 dat
861 5066 867 5105 :
920 5074 932 5099 a
948 5051 1010 5107 Dei.
1024 5051 1139 5122 Propter
1153 5051 1226 5122 quod
1241 5066 1295 5107 non
1310 5049 1452 5108 deficimus
1469 5067 1476 5106 :
1492 5052 1541 5109 sed
1555 5052 1620 5111 licet
1632 5053 1657 5108 is
1671 5051 1716 5120 qui

68 5140 116 5195 ubi
131 5149 222 5197 autem
239 5149 281 5198 est
295 5140 405 5214 spiritus
419 5140 538 5207 Domini,
561 5139 601 5196 ibi
616 5148 720 5196 remoto
734 5137 870 5195 velamine
921 5159 933 5190 ι
949 5137 1016 5196 foris
1032 5145 1074 5194 est
1097 5146 1189 5195 noster
1206 5141 1288 5196 homo
1308 5147 1507 5211 corrumpatur,
1523 5148 1615 5197 tamen
1629 5141 1654 5197 is
1669 5140 1715 5213 qui

69 5237 112 5284 est
128 5231 246 5286 libertas
267 5228 463 5302 intelligentiae.
480 5227 559 5296 Qtrod
574 5228 597 5283 si
611 5228 743 5283 Dominus
759 5232 800 5284 est
814 5224 870 5298 spi·
922 5247 934 5278 s
950 5226 1022 5282 intus
1036 5234 1086 5296 est,
1102 5234 1248 5284 renovatur
1262 5228 1296 5283 de
1311 5228 1355 5284 die
1369 5227 1397 5283 in
1410 5228 1493 5285 diem.
1511 5228 1541 5285 ld
1555 5230 1628 5287 enim
1643 5227 1716 5301 quod

69 5317 150 5385 ritus,
166 5317 276 5390 spiritus
290 5325 380 5373 autem
395 5317 483 5373 aufert
497 5316 632 5383 velamen,
649 5316 716 5389 quia
731 5322 772 5372 cst
786 5314 870 5370 liber·
922 5339 933 5363 ιι
951 5315 978 5370 in
993 5315 1122 5387 prasenti
1137 5323 1178 5371 est
1191 5325 1413 5374 momentaneum
1426 5326 1452 5374 et
1462 5317 1523 5376 leve
1534 5316 1715 5374 tribulationis

69 5413 122 5474 tas,
138 5405 222 5480 igitur
235 5406 376 5464 conversis
386 5406 422 5462 ad
432 5405 578 5463 Dominum
589 5403 725 5462 auferetur
733 5403 868 5461 velamen.
921 5411 1061 5473 «nostrae,
1090 5420 1171 5477 supra
1198 5405 1308 5462 modum
1337 5405 1365 5461 in
1393 5407 1558 5463 sublimitate
1585 5413 1715 5462 aeteruum

251 5513 373 5570 Parnon.
389 5511 480 5570 CLlll.
1523 5517 1539 5567 s
