3742 5986
55 213 109 271 669
729 210 1030 271 CONSUETUDINES.
1505 206 1509 211 ⁴
1654 215 1706 271 cto

93 339 120 392 i.
136 338 288 406 Dominlca,
312 347 374 411 post
399 340 524 411 primam,
548 339 696 411 capitulum
718 346 853 394 tenemus.
879 337 944 393 lude
968 337 1095 393 iratribus
1115 336 1148 392 ad
1169 334 1254 392 cellas
1273 336 1459 404 redeuntibus,
1482 337 1504 392 si
1518 336 1601 392 missa
1614 352 1647 394 ea
1662 338 1706 396 die

54 435 190 490 cantanda
204 442 255 504 est,
272 437 301 491 id
316 443 357 492 est
372 437 394 491 si
410 422 537 492 sacerdos
550 436 594 492 vel
618 437 775 493 sacerdotes
799 434 954 491 rationabili
978 451 1033 491 non
1051 434 1233 505 impediantur
1251 434 1392 498 decanea,
1419 435 1510 489 statim
1525 435 1634 507 signum
1650 435 1708 506 pul·

55 537 154 598 satur;
171 533 239 588 alias
263 533 335 587 enim
359 549 501 606 usquequo
522 533 604 589 tertia
629 534 664 588 sit
686 534 803 589 dicenda
827 531 948 589 differtur
966 549 972 588 :
990 533 1063 605 quod
1078 528 1204 603 spatium,
1223 540 1353 604 quantum
1370 530 1511 588 infirmitas
1524 531 1708 589 necessitasve

54 628 196 698 permittit,
212 630 398 701 spiritualibus
411 629 578 701 profectibus
593 630 758 686 attribuitur.

97 729 123 781 b.
141 729 277 784 Posthac
291 728 432 795 sacerdos,
449 736 571 799 tempore
595 741 718 801 congruo
742 728 777 783 ad
792 727 936 784 ecclesiam
952 743 1089 795 reversus,
1106 726 1235 797 induitur,
1252 727 1386 800 signoque
1401 729 1480 785 tertia
1494 728 1543 801 [ul.
1560 727 1648 801 terna]
1663 729 1708 785 in-

55 828 159 886 cisione
174 827 289 898 pulsato,
306 826 486 898 praesentibus
501 825 604 881 cunctis
619 841 689 897 aqua
705 834 838 881 sacratur.
854 824 941 894 Quam
956 825 1085 881 sacerdos
1101 825 1266 896 spargenda,
1282 825 1365 881 altare
1375 825 1529 893 circuiens·,
1546 826 1707 899 anteipsum

55 926 140 982 altare
155 923 307 989 monachis,
323 923 358 978 ad
372 923 471 978 ostium
487 922 563 978 chori
588 922 662 978 laicis
677 922 820 993 dispergit,
837 922 999 978 canentibus
1014 921 1119 978 caeteris
1133 921 1318 992 antiphonam,
1336 922 1470 994 Asperper
1482 939 1550 992 mc,·
1565 938 1707 979 reversus-

55 1038 111 1095 que
126 1021 160 1077 ad
175 1018 315 1077 lectorium
330 1019 405 1074 addit
418 1035 540 1090 precem,
558 1019 677 1075 Ostende
691 1019 779 1089 nobis,
794 1020 922 1085 Domine,
946 1019 1170 1076 misericordium
1190 1024 1282 1086 tuom,
1299 1019 1398 1075 deinde
1413 1023 1549 1078 Dominus
1564 1021 1706 1081 uobiscum

53 1128 81 1177 et
97 1119 245 1177 orationem
260 1118 339 1184 hanc,
357 1117 537 1186 Exaudinos,
549 1117 676 1183 Domine,
693 1120 790 1172 soucte
804 1118 902 1173 Potor.
918 1116 992 1183 Post,
1009 1116 1118 1171 tertiam
1132 1115 1251 1182 inchoat,
1269 1131 1351 1188 quam
1366 1117 1489 1188 sequitur
1501 1118 1594 1174 misse.

91 1221 118 1273 6.
138 1217 233 1273 Gloria
247 1218 278 1271 in
293 1215 397 1271 exelsis
411 1215 466 1271 Deo
480 1214 508 1268 in
522 1213 648 1269 omnibus
662 1213 888 1280 solemnitatibus,
904 1217 1005 1284 praeter
1020 1211 1174 1267 Adventum
1186 1219 1213 1266 et
1229 1211 1474 1283 Septuagesimam,
1491 1222 1641 1283 cantamus,

89 1316 116 1369 7.
135 1312 219 1369 Credo
234 1312 266 1367 in
283 1328 374 1368 unum
395 1313 484 1367 Deum
498 1319 553 1366 tam
568 1311 596 1365 in
610 1309 759 1365 Dominicis
774 1309 869 1364 diebus
885 1325 965 1380 quam
979 1307 1007 1362 in
1023 1308 1140 1375 caeteris,
1158 1308 1279 1380 exceptis
1298 1307 1488 1365 confessorum
1508 1319 1534 1366 et
1550 1321 1701 1384 martyrum

53 1410 259 1477 festivitatibus,
275 1417 302 1465 ει
316 1409 402 1464 tribus
417 1409 515 1464 diebus
529 1408 640 1463 Paschae
656 1415 682 1462 et
698 1408 884 1477 Pentecostes,
900 1405 1028 1462 dicimus.

91 1514 118 1564 8.
134 1511 199 1564 Post
213 1508 325 1563 missam
349 1507 385 1561 ad
407 1505 491 1562 cellas
512 1520 613 1577 aquam
635 1512 757 1561 sanctam
776 1504 905 1575 ferentes,
921 1520 1034 1576 parvum
1049 1503 1164 1560 facimus
1178 1504 1349 1560 intervallum
1362 1524 1369 1573 ;
1385 1505 1484 1562 deinde
1498 1506 1579 1580 signo
1593 1509 1700 1579 pulsato

53 1606 90 1663 ad
105 1605 253 1662 ecclesiam
273 1604 419 1659 redeuntes
441 1611 545 1657 sextam
559 1609 717 1669 cantamus;
733 1608 760 1656 et
774 1601 813 1656 sic
827 1600 855 1654 in
870 1600 1043 1657 relectorium
1063 1602 1213 1673 pergimus,
1229 1603 1381 1658 animarum
1394 1604 1499 1675 pariter
1513 1613 1540 1662 et
1555 1621 1702 1678 corporum

54 1721 149 1762 escam
164 1701 308 1773 sumpturi.
325 1702 461 1756 Exeuntes
481 1707 572 1755 autem
586 1700 620 1755 de
635 1698 780 1754 refectorio
795 1714 811 1753 a
825 1699 956 1755 Kalendis
976 1700 1140 1756 Novembris
1154 1716 1240 1772 usque
1255 1701 1290 1755 ad
1306 1701 1522 1757 Purificationem
1537 1704 1627 1759 Beate
1641 1706 1702 1759 lila-

53 1803 102 1858 riae
118 1801 208 1857 statim
232 1815 333 1855 nonam
352 1806 503 1862 cantamus,
520 1813 553 1852 ex
569 1795 679 1868 quodie
694 1797 830 1867 usquead
849 1797 965 1862 Pascha,
982 1796 1099 1868 spatium
1114 1797 1249 1869 quodibi,
1266 1797 1293 1853 id
1308 1806 1349 1853 est
1363 1797 1434 1852 inter
1447 1799 1591 1870 prandium
1607 1807 1633 1855 et
1648 1816 1701 1856 uo-

54 1916 131 1969 nam,
144 1897 269 1964 facimus,
283 1895 393 1953 lectioni
408 1894 452 1950 vel
466 1892 603 1965 aliquibus
622 1892 721 1947 tahbus
736 1892 870 1949 exercitiis
884 1893 1040 1965 deputatur.
1056 1893 1162 1949 Exinde
1176 1901 1233 1949 tota
1247 1900 1350 1961 aestate,
1367 1910 1416 1966 pro
1431 1895 1536 1950 dierum
1553 1898 1703 1969 quantitate

54 2012 128 2053 nunc
143 1994 262 2060 brevius,
279 2008 350 2048 nunc
364 1991 472 2063 longius
486 1989 568 2062 quien
583 1989 673 2045 datur.

749 2087 1034 2146 COMMENTARIUS.

92 2217 175 2272 Num.
192 2217 219 2270 t.
235 2215 265 2270 Si
279 2213 367 2270 mirso
390 2210 484 2268 codic
502 2212 647 2267 cantando
667 2215 718 2278 est,
735 2217 786 2268 etc.
804 2211 853 2267 liic
867 2215 893 2274 Δ
906 2219 935 2267 ut
959 2211 1131 2268 observantia
1156 2211 1299 2283 regularis,
1320 2220 1347 2268 ει
1370 2212 1410 2269 sic
1430 2213 1533 2282 stricte,
1557 2222 1587 2271 ut
1601 2216 1636 2273 de
1650 2218 1702 2275 hac

55 2305 134 2361 locus
148 2304 281 2359 obscurus
296 2308 417 2373 apparet.
434 2303 468 2355 nt
482 2299 520 2354 ibi
535 2300 569 2355 de
584 2299 668 2354 missa
682 2299 855 2356 conventuali
905 2316 935 2355 re
946 2300 1059 2372 loquens
1070 2301 1105 2356 lt.
1121 2299 1153 2354 P.
1167 2299 1375 2372 unigenum,
1386 2317 1413 2355 n.
1425 2302 1531 2358 5.dicat
1540 2305 1700 2363 :Noneninc

57 2408 114 2449 non
129 2391 229 2464 agitur,
246 2392 295 2445 sed
310 2390 344 2444 de
359 2389 443 2443 missa
457 2388 572 2458 privata,
590 2404 649 2459 quae
664 2386 710 2442 illa
725 2387 768 2443 die
783 2387 855 2443 ultra
904 2389 1165 2452 monemnrsolnnt,
1177 2388 1224 2444 sed
1242 2390 1412 2459 etjnbemur
1428 2391 1505 2446 horis
1522 2392 1558 2448 od
1576 2395 1701 2465 quietem

58 2482 191 2551 majorem
215 2479 272 2535 sive
295 2478 503 2534 conventualem
518 2476 651 2532 celebrari
665 2483 854 2545 consueverat,
906 2477 1059 2549 deputatis,
1072 2477 1238 2532 dorrrtitioni
1249 2492 1383 2549 maenum
1394 2479 1701 2550 impenderestndinm.

60 2569 135 2643 quod
150 2567 217 2623 sutis
231 2567 364 2638 probatur
378 2582 427 2636 per
442 2566 527 2621 verba
537 2564 681 2637 sequentia
697 2579 703 2618 :
719 2566 786 2619 Post
797 2565 855 2620 lroec
894 2565 982 2622 'Unde
1006 2572 1080 2635 patet
1100 2580 1201 2637 magna
1225 2564 1333 2619 Patrum
1358 2565 1495 2635 discretio,
1511 2568 1558 2639 qui
1572 2569 1702 2626 nolebant

56 2658 187 2716 sacerdos
202 2660 326 2728 tempore
336 2671 467 2726 crrnqrno.
484 2654 524 2708 Ex
539 2652 637 2725 quibus
647 2660 721 2723 patet
732 2651 855 2723 superius
906 2653 1008 2725 aliquid
1022 2669 1073 2725 per
1089 2652 1228 2723 propriam
1242 2652 1407 2709 voluntatem
1422 2656 1529 2710 detrahi
1537 2672 1570 2712 ex
1582 2657 1626 2713 his
1641 2675 1702 2731 quae

56 2747 131 2803 dieta
146 2761 208 2801 esse
225 2743 335 2800 omnino
354 2743 464 2799 diversa
479 2741 591 2797 amissa
607 2740 788 2808 conventuali,
806 2756 855 2796 cu·
905 2743 939 2798 ad
954 2742 1026 2797 vires
1042 2749 1097 2797 tum
1112 2741 1236 2812 corporis
1260 2750 1316 2797 tum
1330 2742 1412 2798 animi
1431 2745 1634 2802 conservandas
1648 2762 1701 2804 uc·

54 2837 101 2906 jus
114 2831 262 2890 celebratio
282 2840 309 2887 et
328 2831 426 2886 modus
440 2846 501 2887 eam
517 2829 675 2886 celebrandi
690 2845 798 2887 necnon
812 2828 856 2884 oi·
905 2830 1027 2886 cessaria
1041 2846 1103 2886 esse
1118 2830 1252 2886 sciebant.

56 2923 120 2981 licia
134 2929 196 2994 post
209 2921 321 2976 missam
336 2919 461 2984 dicenda,
479 2918 531 2974 lixa
546 2918 726 2991 designantur
742 2935 749 2973 ε
765 2918 814 2974 sed
828 2917 856 2972 id
941 2919 1019 2975 Circa
1033 2918 1101 2974 illud
1115 2918 1224 2991 longius
1238 2919 1283 2974 vel
1297 2919 1407 2976 brevius
1416 2921 1532 2992 spatium
1543 2922 1699 2979 dormitioni

59 3011 178 3083 amplius
201 3010 331 3081 probatur
351 3025 384 3064 ex
398 3025 426 3063 n.
443 3010 468 3073 ι,
485 3023 546 3078 cap.
564 3012 590 3074 8,
606 3008 652 3062 ubi
668 3007 767 3062 dicitnr
784 3021 790 3060 :
805 3008 856 3063 Sc·
905 3007 1127 3078 impendendum,
1156 3007 1258 3079 aliquid
1280 3008 1377 3079 procul
1400 3010 1484 3065 dubio
1513 3012 1701 3083 proscriptum

58 3100 184 3158 cundum
203 3100 320 3155 mutarn
331 3100 395 3170 post
408 3097 571 3152 matutinos
588 3095 684 3151 londes
699 3095 856 3166 incipiente
906 3103 974 3162 erat,
991 3112 1045 3168 quo
1069 3111 1165 3151 omnes
1183 3103 1295 3166 possent
1316 3112 1346 3151 se
1365 3096 1534 3154 uniformiter
1557 3100 1696 3156 ordinare.

66 3187 293 3256 iuce,sicutfieri
297 3187 405 3243 toletin
417 3185 572 3241 Dominicis
579 3184 684 3251 diebus,
693 3187 854 3239 cantamus.
907 3186 940 3238 Αι
955 3183 1021 3238 nibil
1035 3183 1070 3239 de
1084 3184 1137 3239 hac
1151 3199 1182 3239 re
1196 3183 1326 3255 scriptum
1340 3185 1503 3255 reperimus,
1526 3196 1553 3243 et
1567 3188 1630 3244 ideo
1644 3197 1702 3245 tra·

94 3277 165 3332 lbid.
178 3277 203 3330 l.
219 3274 294 3344 Quod
302 3276 439 3346 spatium,
450 3276 591 3345 quantum
600 3272 755 3341 infirmitas
763 3287 858 3327 ncces·
907 3270 1001 3327 ditioni
1025 3271 1146 3328 relictum
1171 3271 1255 3326 fuisse
1277 3280 1412 3343 putamus,
1435 3276 1509 3344 quod
1522 3276 1550 3330 in
1563 3276 1703 3350 plerisque

58 3368 165 3423 diesve
177 3365 332 3437 permittit,
351 3362 549 3434 spiritualibus
565 3360 774 3433 profectibus...
790 3359 856 3414 lude
907 3360 987 3416 etiam
1002 3359 1061 3414 aliis
1076 3359 1201 3415 evenisse
1215 3359 1394 3415 indubitatum
1405 3369 1456 3416 est.
1468 3362 1521 3419 Pro
1532 3366 1657 3436 exemplo
1668 3366 1703 3421 sit

58 3453 152 3525 incipit
164 3469 309 3525 apparere,
319 3451 393 3523 quod
402 3451 509 3522 plenius
519 3467 551 3505 cx
563 3448 854 3521 sequentibuspatebit,
880 3470 883 3476 ·
907 3447 1072 3504 abstinentia
1085 3463 1100 3502 a
1115 3447 1253 3514 carnibus,
1266 3447 1346 3503 etiam
1356 3447 1383 3502 in
1392 3449 1507 3520 morbis,
1517 3451 1552 3506 de
1563 3468 1617 3524 qua
1627 3453 1703 3510 nulla

57 3543 162 3615 primos
190 3540 276 3597 nostri
308 3538 438 3612 propositi
472 3538 639 3593 institutores
664 3536 893 3630 discretionemB
909 3535 939 3592 lit
951 3535 1054 3592 mentio
1068 3535 1140 3606 apud
1156 3536 1188 3592 ll.
1205 3536 1312 3591 Patrem
1328 3535 1491 3609 Guigonem.
1504 3539 1589 3594 Porro
1599 3541 1703 3596 dormi·
1771 3612 1774 3615 .

58 3646 171 3702 semper
185 3629 212 3684 in
237 3628 324 3700 pretio
348 3626 487 3696 babuisse,
512 3625 595 3682 veluti
609 3625 737 3681 solitariae
751 3626 813 3681 vitae
828 3624 855 3679 in
906 3624 944 3679 tio
959 3625 1005 3679 illa
1019 3624 1114 3679 diurna
1129 3639 1179 3695 per
1193 3631 1294 3679 statuta
1308 3624 1439 3691 ordinata,
1452 3625 1611 3694 jamdudum
1630 3629 1704 3699 apud

57 3719 155 3791 primis
174 3717 370 3783 necessariam,
387 3715 481 3787 sicque
497 3714 530 3770 ab
556 3714 682 3770 omnibus
697 3714 855 3770 excessibus
905 3729 956 3769 uos
970 3712 1021 3768 luit
1044 3712 1174 3784 abrogata
1198 3727 1231 3767 εο
1254 3718 1377 3783 tempore
1392 3729 1446 3784 quo
1460 3714 1616 3787 vigiliarum
1631 3715 1701 3772 ordo

57 3816 84 3864 et
100 3806 315 3862 extremitatibus
339 3805 391 3859 sibi
414 3818 448 3859 ac
462 3803 668 3859 successoribus
691 3803 746 3858 suis
759 3818 856 3859 cavere
904 3808 1023 3856 mutatus
1038 3808 1089 3868 est,
1107 3808 1135 3855 ut
1144 3815 1194 3855 suo
1201 3800 1308 3856 dicetur
1317 3801 1378 3856 loco
1395 3818 1402 3856 ε
1417 3801 1609 3874 illasiquidem
1617 3812 1698 3861 aesta·

60 3895 192 3961 voluisse,
209 3903 237 3949 ut
251 3893 341 3950 omnia
356 3892 459 3948 viribus
475 3892 602 3947 humanis
622 3891 716 3965 gratia
737 3891 856 3948 crelestis
905 3890 940 3945 tis
953 3898 1077 3960 tempore
1092 3888 1302 3953 concedebatur,
1324 3897 1353 3944 ut
1371 3891 1544 3960 suppleretur
1558 3893 1632 3964 quod
1646 3894 1695 3948 mi·

57 3983 161 4040 auxilio
184 3982 292 4052 adjutis,
315 3989 341 4037 et
363 3981 456 4036 habita
477 3996 657 4053 personarum
673 3980 810 4052 qualitate,
828 3988 857 4034 ut
905 3994 956 4034 nus
971 3979 1050 4049 spatii
1070 3978 1239 4050 assignatum
1258 3985 1315 4032 erut
1339 3977 1375 4033 ad
1398 3979 1588 4036 dormiendum
1608 3990 1698 4049 nocte,

56 4072 159 4144 saepius
183 4071 328 4136 insinuant,
352 4076 444 4126 essent
462 4069 678 4125 accommodata.
690 4067 857 4123 lufirmitatis
905 4075 1018 4139 propter
1027 4067 1147 4122 noctium
1155 4065 1397 4122 abbreviationem.
1410 4067 1549 4139 Nampost
1557 4071 1700 4126 matutinas

58 4176 130 4234 ergo
150 4168 197 4214 aut
227 4153 397 4216 necessitatis
424 4173 567 4226 mensures,
596 4173 753 4213 mensuram
775 4159 857 4212 etiam
905 4155 1054 4211 adlectum
1079 4155 1153 4209 nullo
1174 4154 1299 4209 redibant
1321 4163 1458 4225 tempore;
1476 4164 1502 4210 ει
1524 4157 1591 4212 sicut
1607 4165 1718 4215 noctes.

58 4248 253 4308 exercitiorum
269 4246 449 4319 spiritualium
464 4246 557 4302 volunt
571 4245 704 4316 adaptari.
906 4244 1007 4300 sensim
1021 4250 1147 4299 crescunt
1170 4249 1197 4297 et
1211 4242 1384 4310 decrescunt,
1409 4243 1449 4299 sic
1464 4244 1580 4315 spatium
1594 4246 1701 4302 dormi-

94 4337 177 4393 Num.
197 4340 223 4390 8.
240 4334 537 4393 Exeuntetcutemde
553 4334 736 4404 refectorio...
755 4333 857 4388 statim
907 4331 986 4387 honis
1001 4330 1106 4386 diurne
1128 4329 1239 4385 brevius
1262 4329 1306 4385 vel
1328 4330 1437 4402 lougius
1457 4333 1576 4388 nocuum
1590 4350 1701 4391 cursum

56 4441 177 4490 nonum,
194 4431 245 4481 etc.
262 4424 292 4479 ld
306 4431 410 4479 tanturn
425 4439 497 4479 nunc
508 4421 858 4478 observamusdiebusnon
907 4419 1083 4492 sequebatur,
1099 4426 1128 4473 ut
1149 4426 1255 4489 tempus
1278 4418 1312 4473 ad
1335 4418 1525 4476 dormiendum
1547 4430 1603 4478 tam
1620 4430 1701 4481 nocte

56 4513 137 4570 iestis
152 4512 221 4568 iutra
242 4511 360 4569 Octavus
381 4511 536 4567 Natiuitatis
551 4510 661 4566 Christi.
678 4509 791 4565 Caeteris
806 4525 857 4563 au·
907 4524 988 4580 quam
996 4507 1040 4563 die
1049 4506 1214 4563 destinatum
1223 4515 1297 4563 esset
1305 4508 1421 4579 aequale,
1429 4509 1492 4564 etin
1503 4509 1574 4568 idem
1585 4512 1702 4582 spatium

56 4610 116 4658 tem
137 4600 213 4656 lestis
233 4600 303 4655 intra
321 4600 392 4656 idem
418 4607 525 4670 tempus
548 4598 756 4655 occurrentibus
784 4597 858 4653 idern
906 4595 964 4652 lere
979 4596 1138 4652 collimaret.
1155 4595 1250 4651 Hieme
1272 4604 1362 4651 autern
1380 4612 1414 4653 ea
1434 4597 1619 4656 vicissitudine
1634 4601 1702 4656 dor-

57 4688 235 4746 intervallum
250 4686 374 4757 iacimus,
391 4688 463 4759 quod
481 4694 578 4759 postea
599 4688 632 4744 lt.
655 4689 684 4742 P.
702 4685 793 4758 Guigo
808 4701 857 4741 ex·
907 4685 1027 4740 mitiouis
1051 4684 1155 4740 diurnas
1178 4699 1248 4756 opus
1268 4699 1323 4740 non
1334 4694 1402 4752 erat,
1418 4702 1481 4742 cum
1494 4701 1531 4742 ex
1544 4687 1634 4760 longis
1649 4703 1701 4744 no-

57 4777 164 4851 primit.
183 4778 227 4833 Ex
240 4793 303 4849 quo,
325 4784 376 4831 etc.
907 4774 997 4830 ctibus
1020 4774 1135 4844 spatium
1159 4784 1231 4829 esset
1244 4773 1280 4828 ad
1295 4773 1459 4830 sufficienter
1472 4775 1662 4831 dormiendum
1676 4784 1704 4833 et

98 4865 171 4920 lbid.
184 4866 295 4921 deinde
311 4869 370 4921 totu
385 4868 493 4928 castate,
509 4880 561 4935 pro
571 4863 682 4920 dierunt
697 4863 857 4936 quontitate
908 4863 1012 4933 absque
1027 4861 1160 4917 divisione
1174 4861 1272 4927 somni,
1288 4869 1371 4933 prout
1384 4863 1447 4918 illos
1461 4870 1525 4920 tunc
1540 4863 1704 4921 observasse

61 4969 142 5009 nunc
152 4953 272 5018 breuius,
283 4967 362 5008 nunc
374 4953 577 5023 lonqiacsquieti
587 4951 711 5007 dotant
729 4927 893 5006 Punica-⁰
909 4967 943 5007 ex
957 4949 1028 5004 inira
1042 4949 1165 5005 dicendis
1180 4950 1332 5020 apparebit.

61 5042 137 5098 tione
152 5040 287 5113 usquead
303 5041 415 5106 Pascha,
442 5039 558 5112 spatium
579 5039 651 5094 inter
670 5038 819 5109 prandium
834 5045 861 5092 et
945 5039 1026 5092 Num.
1045 5042 1071 5092 9.
1088 5040 1154 5094 Post
1167 5054 1306 5095 nonum...
1323 5038 1483 5095 dentitione
1494 5038 1627 5097 locuturi.
1640 5041 1707 5099 lude

61 5144 165 5186 nonam
179 5129 239 5183 dari
253 5128 422 5200 perhibetur,
447 5135 473 5183 et
488 5128 532 5184 cui
555 5127 728 5197 occupationi
744 5128 860 5197 spatium
912 5125 1025 5183 evidens
1040 5134 1081 5181 est
1096 5125 1205 5181 illorum
1224 5126 1360 5181 silentium
1375 5126 1523 5182 nonfuisse
1533 5137 1705 5200 perpetuum,

61 5217 129 5273 illud
155 5217 315 5285 destinetur,
346 5216 527 5287 exprimitur:
545 5223 571 5271 ει
598 5223 694 5287 postea
722 5215 861 5281 subditur,
912 5223 940 5270 et
954 5229 1033 5269 usum
1048 5213 1248 5285 colloquiorum
1262 5215 1297 5269 ab
1312 5214 1397 5281 initio,
1412 5215 1440 5270 iu
1454 5216 1550 5272 ordine
1560 5217 1709 5274 luisseusi·

62 5305 175 5362 Exinde
190 5310 251 5361 totu
263 5309 374 5372 castate,
389 5313 454 5372 eto,
470 5305 496 5359 id
511 5311 553 5360 est
568 5321 584 5359 a
600 5305 704 5359 Pascha
729 5303 864 5374 usquead
913 5310 1007 5372 tutum,
1024 5302 1117 5375 sicque
1139 5311 1245 5373 tempus
1269 5303 1398 5373 loquendi
1418 5312 1444 5359 et
1468 5312 1575 5375 tempus
1601 5306 1710 5363 tacendi

63 5393 203 5451 Kalendas
213 5393 351 5461 Octobris,
368 5401 397 5447 ut
412 5409 445 5449 ex
467 5408 528 5465 cap.
560 5394 595 5450 ιθ
618 5391 765 5464 colligitur,
794 5391 866 5446 inter
915 5391 999 5446 luisse
1013 5406 1122 5462 semper
1145 5391 1217 5461 apud
1231 5406 1282 5446 nos
1297 5391 1482 5448 observatum.
1498 5392 1555 5447 lruo
1570 5402 1634 5447 tunc
1648 5392 1712 5450 lici·

64 5482 211 5554 prandium
243 5489 271 5538 et
297 5497 398 5538 nonam
430 5481 557 5538 dormitio
589 5480 688 5536 diurno
712 5479 865 5535 ordinatur.
916 5487 972 5534 turn
987 5478 1123 5546 illiserat,
1140 5478 1298 5550 quodnunc
1313 5479 1454 5548 nonlicet,
1471 5495 1569 5551 nempe
1584 5483 1714 5554 accqui-

64 5571 132 5628 llatc
167 5569 296 5628 dormitio
310 5585 328 5627 a
342 5569 444 5627 neuris
458 5568 588 5643 religiose
625 5567 785 5626 servabatur
812 5566 869 5624 vel·
918 5566 996 5625 nario
1009 5566 1088 5638 plura
1102 5574 1196 5639 petere
1210 5574 1238 5624 ct
1251 5564 1389 5638 accipere.

175 5665 402 5726 camacum.
1577 5667 1611 5723 ut
