3750 5984
108 210 160 264 973

785 206 880 262 vlst.
904 234 938 246 -
958 206 1020 260 cut.
1042 206 1076 260 ll.

1704 211 1756 266 stt

108 349 171 389 cum
186 331 354 405 andegavia,
378 331 523 404 Aquitania
550 346 658 404 quoque
681 346 745 388 cum
759 330 905 398 Gasconie,
917 333 945 393 A
959 347 1020 402 quae
1034 329 1151 404 denique
1166 336 1241 386 suam
1256 330 1342 402 ipsius
1352 332 1547 405 contingebant
1560 332 1686 388 salutem.
1703 333 1756 388 Cu-

111 436 163 477 uec
176 436 231 476 non
243 428 270 476 et
284 418 460 475 finitimarum
488 420 634 493 regionum
657 428 761 476 tractus
788 420 866 475 multi
880 426 906 475 et

110 509 204 582 magni
215 508 401 578 subjacebant.
413 511 443 564 lu
456 509 581 565 omnibus
604 525 670 564 vero
685 509 766 564 terris
781 508 906 562 hisnulla

110 596 302 653 inveniebatur
316 613 432 668 persona
446 597 632 669 cujuscunque
651 598 754 671 gradus
769 605 814 651 aut
828 597 906 652 ordi-

109 686 162 753 nis,
179 686 222 741 eui
238 685 366 741 libentius
388 686 564 752 auscultaret,
581 693 608 742 et
620 686 663 742 cui
686 686 838 757 promptius
853 685 906 741 ob·

111 781 283 846 temperaret,
300 789 381 846 quam
391 774 494 829 bomini
509 775 581 842 huic,
593 775 622 830 in
636 774 770 845 omnibus,
788 790 849 845 quae
864 789 907 828 ra·

110 862 148 918 tio
162 861 258 918 salutis
281 862 379 917 animae
407 877 463 920 suae
478 863 513 918 ab
534 878 567 918 eo
583 862 683 934 inquiri
708 878 757 918 seu
784 861 906 918 exaudiri

110 950 248 1023 exigebat.
264 952 351 1006 Tanta
374 950 492 1023 denique
507 950 690 1006 familiaritate
719 951 757 1006 illi
785 950 906 1023 seipsum

108 1039 304 1106 committebat,
314 1047 370 1096 tam
379 1039 514 1114 singulari
527 1039 629 1096 amoris
643 1039 787 1112 privilegio
802 1040 907 1096 eunctis

108 1127 167 1184 fere
186 1127 312 1185 omnibus
326 1127 491 1200 praeferebat
513 1128 599 1196 illum,
616 1136 644 1184 ut
659 1128 803 1184 crederent
816 1136 842 1184 et
858 1144 906 1183 as·

108 1225 229 1273 sererent
242 1216 418 1288 pertinaciter
433 1217 566 1282 nonnulli,
582 1217 655 1273 bunc
668 1215 739 1272 illius
750 1215 833 1272 filium
844 1233 906 1273 esse

107 1305 269 1371 naturalem,
286 1312 313 1361 et
326 1306 408 1375 hujus
421 1304 498 1361 illum
516 1304 668 1378 genitorem
696 1304 780 1361 fuisse
809 1321 905 1361 carna-

106 1392 171 1450 lem.
526 1440 527 1444 ,

144 1482 267 1539 Vidimus
277 1489 339 1553 post
349 1489 466 1539 mortem
479 1481 553 1556 regis
576 1481 706 1539 Richardi
729 1483 796 1554 (aa),
814 1483 903 1551 hujus,

108 1570 144 1626 de
158 1587 213 1643 quo
224 1570 371 1643 loquimur,
387 1569 435 1626 filii
449 1569 523 1642 regis
542 1577 568 1626 et
579 1570 756 1639 successoris,
786 1587 848 1626 eum
863 1587 906 1626 es·

109 1666 151 1715 set
173 1660 251 1730 llugo
265 1657 407 1714 infinibus
422 1658 585 1730 Aquitaniae,
601 1658 759 1714 innumeras
786 1658 905 1731 undique

109 1747 225 1804 diversae
257 1747 421 1805 conditionis
430 1753 457 1803 et
476 1747 616 1820 dignitatis
637 1754 742 1803 turmas
766 1748 802 1802 ad
815 1748 906 1819 ipsum

110 1850 284 1904 concurrere,
299 1851 351 1893 nec
375 1836 453 1893 aliter
475 1851 557 1909 quam
570 1851 587 1891 a
601 1836 676 1910 regis
704 1835 824 1893 defuncti
839 1853 906 1910 ger·

109 1940 201 1995 mano,
219 1940 302 1997 super
315 1932 387 1981 statu
403 1941 452 1981 suo
476 1925 565 1996 ipsum
584 1925 738 1982 consulere.
753 1925 907 1982 Contende-

111 2014 178 2068 bant
192 2012 336 2069 nobiscum
358 2013 460 2085 plures,
484 2013 560 2069 illum
576 2013 689 2069 fratrem
717 2012 792 2087 regis
804 2029 906 2070 nuncu-

110 2107 224 2174 pantes3
240 2117 291 2158 nea
305 2102 455 2158 credebant
478 2101 558 2158 nobis
584 2102 619 2157 de
645 2101 716 2158 illius
743 2102 906 2175 cognatione

109 2197 154 2245 aut
168 2189 311 2262 progenie,
328 2190 402 2262 quod
416 2206 510 2246 vemm
523 2205 697 2257 noveramus,
710 2191 904 2247 asserentibus.

112 2300 123 2330 ι
141 2279 209 2346 Nos,
226 2277 367 2350 inquiunt,
387 2278 451 2351 quid
468 2294 562 2336 verum
577 2279 720 2347 habeatur,
737 2279 771 2334 de
785 2278 828 2335 his
846 2295 907 2335 me-

109 2366 162 2422 lius
170 2366 281 2435 scimus,
293 2374 319 2423 et
327 2366 489 2440 agnovimus
505 2367 666 2424 evidentius.
678 2367 810 2423 Dominus
824 2384 907 2440 quon·

110 2456 175 2511 dam
190 2472 236 2513 rex
251 2463 344 2512 noster
358 2456 492 2513 Henrieus
506 2472 646 2531 nunquam
661 2464 802 2514 externum
816 2457 907 2512 homi·

109 2560 184 2611 nem,
196 2552 225 2600 ut
238 2544 321 2600 istum
331 2544 449 2615 amabat,
463 2553 491 2600 ut
501 2546 584 2600 istum
598 2544 761 2612 honorabat,
777 2545 812 2601 de
821 2544 905 2613 nullo,

956 434 1001 473 ras
1024 427 1114 474 tamen
1129 427 1301 476 terrenorum
1316 420 1344 475 in
1358 421 1432 477 nullo
1447 436 1509 476 eum
1532 421 1578 476 illo
1612 422 1754 487 tractabat,

957 507 1020 578 quia
1034 507 1093 563 sola
1108 508 1166 579 ipse
1181 509 1301 565 caelestia
1316 510 1438 577 curabat,
1464 509 1532 578 sola,
1548 509 1756 582 quibuscunque

955 604 1049 667 posset
1062 593 1159 665 modis,
1175 598 1302 661 amanda,
1320 599 1467 670 quaerenda
1483 606 1510 653 et
1533 598 1681 655 obtinenda
1709 599 1754 653 in-

956 684 1089 740 culcabat.
1119 684 1206 754 Quam
1234 685 1324 740 multis
1353 694 1443 742 tamen
1471 687 1543 743 bona
1565 702 1675 760 quoqne
1698 694 1755 743 ter·

956 787 1024 828 rena
1039 772 1162 846 Hugouis
1175 774 1285 829 hortatu
1299 773 1345 830 ille
1359 775 1512 843 contulerit,
1535 776 1643 847 quoties
1657 775 1712 831 iras
1726 775 1754 831 in

956 861 1128 917 clementiam
1136 878 1186 934 per
1196 863 1338 936 Hugonem
1350 864 1513 931 mutaverit;
1530 871 1557 921 et
1567 864 1639 920 bisa
1654 863 1753 936 quibus

956 948 1076 1005 offensus
1091 959 1172 1016 esset,
1185 951 1292 1007 veniam
1302 952 1471 1008 concesserit
1483 971 1490 1020 ;
1507 961 1572 1024 quot
1586 951 1718 1009 eeclesias
1726 960 1754 1008 et

956 1036 1016 1094 loca
1031 1037 1158 1109 religiosa
1172 1039 1295 1112 Hugonis
1310 1040 1421 1096 obtentu
1435 1040 1592 1112 protexerit,
1616 1039 1753 1112 rebusque

956 1127 1118 1182 necessariis
1132 1125 1313 1197 ampliaverit,
1330 1128 1491 1200 perlongum
1516 1136 1589 1184 esset
1611 1127 1753 1200 sigillatim

957 1229 1113 1270 recensere.
1130 1214 1257 1270 Manebat
1270 1215 1342 1271 huno
1353 1217 1431 1289 Hugo
1442 1216 1561 1284 assidue,
1573 1232 1628 1272 non
1643 1216 1672 1271 in
1681 1230 1753 1272 vane

956 1291 1090 1374 ventoque
1103 1301 1237 1380 fugaciori
1250 1303 1344 1357 mundi
1360 1305 1541 1376 prosperitate
1564 1312 1646 1376 atque
1659 1311 1753 1377 poten·

957 1390 993 1445 tia
1004 1389 1153 1460 confidere,
1165 1406 1219 1447 non
1234 1391 1262 1446 in
1275 1391 1381 1447 incerto
1396 1393 1550 1449 divitiarum
1565 1408 1685 1464 sperare,
1701 1393 1751 1451 scd

956 1478 984 1534 in
999 1479 1057 1535 Deo
1071 1478 1142 1548 vive,
1157 1479 1204 1551 qui
1219 1494 1285 1536 rara
1299 1488 1341 1534 est
1364 1479 1501 1547 fortitudo,
1519 1488 1546 1537 et
1570 1481 1617 1554 qui
1631 1488 1708 1538 certa
1721 1488 1749 1538 et
1779 1492 1781 1499 ’

957 1574 1057 1624 eterna
1072 1575 1114 1622 est
1128 1567 1267 1623 beatitudo
1282 1568 1454 1638 sperantibus
1468 1577 1495 1625 et
1518 1568 1709 1625 confitentibus
1723 1569 1752 1624 in

919 1672 997 1745 Bse.
1013 1655 1150 1713 Suadebat
1165 1656 1190 1712 ei
1204 1655 1282 1712 facile
1296 1656 1427 1727 tribuere,
1438 1657 1564 1729 perituris
1574 1669 1754 1730 permansura

956 1759 1125 1817 comparare,
1142 1744 1334 1819 indigentibus
1341 1746 1543 1804 communicare
1552 1745 1623 1803 bona
1632 1760 1752 1802 momen·

955 1838 1045 1900 mnes,
1061 1848 1123 1889 cum
1138 1833 1237 1904 quibus
1266 1834 1405 1891 sortiretur
1418 1844 1534 1892 aetema.

992 1921 1081 1992 Super
1094 1921 1178 1978 variis
1200 1923 1359 1979 excessibus
1373 1924 1473 1994 saepius
1487 1923 1620 1996 arguebat
1634 1937 1708 1990 eum,
1724 1927 1750 1976 et

956 2009 991 2064 ad
1004 2011 1199 2066 correctionem
1220 2011 1315 2067 sedulo
1342 2011 1482 2068 invitabat.
1499 2011 1668 2084 Corripicbat
1689 2025 1752 2067 eum

955 2098 1195 2155 vehementissime
1209 2099 1393 2171 proecclesiis
1402 2101 1607 2157 cathedralibus
1617 2108 1644 2156 et
1655 2113 1749 2156 coeno·

955 2185 1008 2241 biis
1022 2187 1189 2255 vacantibus,
1207 2204 1267 2260 quae
1281 2188 1309 2243 in
1325 2185 1410 2244 manu
1421 2205 1468 2244 sua
1497 2189 1588 2245 illicite
1602 2188 1701 2260 saepius
1718 2201 1752 2244 ac

956 2275 1002 2330 diu
1022 2275 1168 2343 detinebat,
1185 2284 1211 2331 et
1225 2293 1276 2348 per
1289 2292 1387 2333 manus
1400 2293 1511 2334 suorum
1521 2278 1640 2351 pessime
1653 2283 1752 2332 tracta-

957 2364 1019 2431 bat,
1035 2364 1063 2420 in
1078 2362 1260 2435 praeficiendis
1274 2365 1383 2422 tandem
1399 2367 1535 2438 episeopis
1557 2375 1584 2423 et
1609 2364 1753 2422 abbatibus

957 2467 1018 2508 eum
1047 2452 1121 2508 abuti
1145 2461 1275 2524 usurpata
1289 2470 1305 2509 a
1319 2454 1570 2526 praedecessoribus
1596 2455 1653 2511 suis
1674 2465 1754 2529 pote·

957 2548 1026 2596 state
1037 2541 1226 2598 convincebat.
1244 2542 1400 2598 insinuabat
1421 2544 1541 2600 omnium
1567 2560 1637 2615 pene
1664 2546 1753 2604 malo-

108 2639 138 2688 ut
163 2633 198 2689 de
226 2632 288 2702 isto,
317 2632 471 2689 confidebat
498 2633 611 2704 nemini,
640 2642 670 2690 ut
692 2633 746 2701 isti,
788 2634 907 2705 seipsum
957 2645 1018 2683 rum
1031 2645 1140 2685 causam
1155 2637 1182 2686 et
1196 2631 1340 2687 materiam
1355 2632 1383 2687 in
1397 2631 1499 2704 populo
1514 2633 1564 2688 Dei
1592 2649 1642 2704 per
1660 2635 1753 2708 indig-

109 2720 249 2777 credebat.
265 2721 324 2777 Nisi
339 2722 389 2778 iste
403 2729 476 2778 esset
490 2721 562 2777 filius
576 2723 635 2791 ejus
649 2722 733 2794 (quod
748 2721 828 2777 etiam
842 2738 908 2778 cor·
956 2732 1007 2774 nos
1020 2717 1154 2789 pullulare
1176 2719 1313 2791 praelatos,
1328 2736 1378 2791 per
1406 2735 1454 2776 eos
1482 2719 1579 2788 foveri,
1608 2737 1658 2792 per
1676 2722 1754 2795 ipsos

109 2810 184 2880 poris
193 2808 282 2865 forma
302 2809 451 2866 consimilis
465 2809 543 2866 fateri
565 2811 708 2883 probatur)
723 2827 862 2883 nunquam
878 2827 908 2866 se
957 2806 1062 2879 augeri,
1079 2823 1130 2878 per
1150 2823 1197 2864 eos
1212 2816 1237 2863 et
1253 2808 1356 2880 vigere.
1382 2808 1435 2863 Pro
1450 2808 1493 2863 his
1508 2809 1634 2865 omnibus
1649 2826 1715 2867 vero
1726 2812 1755 2867 in

109 2905 136 2952 et
160 2913 209 2952 sua
222 2906 277 2954 tam
292 2899 449 2970 specialiter
463 2898 502 2954 illi
513 2908 678 2972 exponeret,
694 2915 746 2956 nec
760 2899 789 2955 in
803 2907 908 2955 tantum
957 2894 1019 2949 illos
1033 2896 1169 2967 praecipue
1183 2911 1280 2967 poeuas
1294 2896 1387 2953 divino
1397 2897 1538 2952 asserebat
1548 2897 1652 2967 judicio
1666 2907 1755 2957 retor-

111 2985 224 3040 honoris
252 2987 355 3042 cidtum
382 2987 521 3043 hominem
548 2987 729 3060 alienigenam
749 2996 822 3043 tanta
845 3003 908 3044 cum
957 2983 1090 3054 quendas,
1102 2984 1149 3056 qui
1161 2984 1260 3039 talibus
1273 2984 1301 3039 in
1323 3000 1418 3041 eorum
1440 2986 1611 3056 promotione
1629 2996 1757 3045 auctores

114 3072 239 3128 instantia
254 3083 437 3145 promoveret.
456 3096 468 3128 r
485 3077 519 3131 Et
531 3076 591 3132 haec
604 3077 713 3148 quidem
728 3075 765 3130 illi
782 3093 788 3131 :
959 3088 989 3127 se
1004 3079 1050 3127 aut
1062 3071 1185 3128 fautores
1200 3089 1256 3128 non
1272 3072 1426 3130 timuissent
1449 3073 1579 3130 exhibere
1594 3092 1602 3129 :
1620 3098 1632 3125 a
1650 3078 1756 3149 etquid

147 3183 158 3214 a
178 3163 277 3218 Verum
291 3179 342 3218 nos
369 3163 443 3236 quod
470 3164 612 3220 verissime
634 3164 735 3221 scimus
751 3165 907 3222 firmissime
957 3175 1073 3216 necesse
1087 3169 1138 3227 est,
1154 3160 1254 3228 aiebat,
1266 3178 1283 3215 o
1297 3160 1427 3233 princeps
1438 3162 1648 3234 sapientissime,
1660 3173 1690 3221 ut
1704 3181 1754 3236 pro

109 3250 267 3318 asserimus,
285 3252 349 3322 quia
362 3251 511 3307 nonistam
534 3253 559 3309 ei
578 3269 663 3330 penes
679 3269 773 3326 regem
788 3254 908 3326 gratiam
957 3264 1029 3306 vano
1058 3249 1242 3322 cujuscunque
1269 3248 1364 3305 favore
1391 3266 1518 3322 persone
1545 3259 1585 3308 tot
1612 3252 1756 3310 animabus

109 3339 300 3396 conciliaverat
310 3355 374 3396 caro
389 3347 416 3395 et
430 3341 554 3415 sanguis,
564 3341 613 3398 sed
620 3342 749 3399 revelatio
764 3342 851 3397 Patris
861 3343 908 3414 qui
957 3344 1072 3394 mortem
1086 3337 1185 3393 inferas
1195 3337 1402 3409 perniciosam?
1416 3347 1455 3394 tot
1467 3340 1502 3395 de
1517 3341 1671 3412 perditione
1684 3343 1756 3398 mul·

107 3427 187 3485 estin
201 3428 288 3484 coelis.
317 3428 388 3484 Nam
409 3429 536 3485 conscius
563 3429 649 3501 ipsius
677 3430 764 3502 quiin
790 3430 906 3487 excelsis
956 3435 1056 3492 torum,
1072 3426 1173 3482 Christi
1196 3434 1283 3483 morte
1297 3427 1508 3498 redemptomm,
1531 3429 1673 3502 dispendia
1695 3432 1755 3489 Deo

107 3525 176 3588 erat,
193 3516 336 3573 manifeste
358 3525 470 3575 noverat
493 3533 576 3589 quam
605 3518 722 3585 sincero,
741 3534 824 3590 quam
838 3535 906 3589 per·
956 3514 1073 3588 irroges,
1091 3514 1193 3587 tibique
1210 3515 1326 3587 proinde
1349 3522 1390 3571 tot
1417 3517 1612 3589 suppliciorum
1630 3518 1756 3577 cumulos

107 3604 179 3661 fecto
214 3604 314 3662 affectu
343 3606 445 3672 cordis,
474 3606 563 3677 ipsum
591 3606 692 3663 relictis
720 3607 847 3662 omnibus
860 3607 906 3663 ille
956 3603 985 3658 in
998 3602 1116 3659 futurum
1131 3604 1475 3675 reponas‘lquantosatius
1488 3606 1588 3662 liberas
1602 3608 1756 3681 quibusque

107 3702 280 3765 sequeretur,
296 3694 351 3766 qui,
382 3695 434 3749 nisi
461 3702 573 3766 propter
595 3695 694 3766 ipsum,
723 3695 789 3751 nihil
813 3712 906 3752 amare
957 3692 1105 3748 electiones
1117 3693 1193 3761 juxta
1207 3708 1342 3749 canonum
1357 3693 1425 3749 scita
1443 3693 1609 3766 relinquens,
1638 3696 1756 3767 teipsum

107 3781 221 3839 sciebat.
236 3802 247 3832 ι
264 3781 322 3839 Rex
338 3798 447 3855 quoque
461 3790 539 3839 acute
554 3782 583 3839 id
593 3772 689 3855 ¹ipsum
712 3783 856 3855 pervidens
880 3793 906 3841 et
956 3787 995 3836 tot
1018 3781 1152 3837 malorum
1172 3781 1328 3851 labyrintho
1356 3782 1523 3854 explicares,
1540 3791 1567 3840 et
1578 3793 1638 3840 tuas
1652 3786 1688 3841 ad
1702 3787 1755 3843 hoc

107 3871 291 3942 perpendens,
308 3870 377 3926 sicut
400 3871 470 3927 hanc
486 3872 574 3927 aDao
586 3873 702 3942 gratiam
715 3871 836 3929 noscitur
844 3888 906 3943 per·
955 3877 1059 3925 tantum
1073 3878 1164 3941 partes
1179 3869 1368 3941 interponeres
1384 3878 1421 3939 ut,
1446 3872 1492 3942 qui
1519 3872 1577 3928 Deo
1601 3883 1752 3945 acceptum,

108 3958 225 4029 cepisse,
253 3966 282 4014 ut
309 3958 383 4015 viros
406 3958 485 4015 bonae
515 3959 730 4015 conversationis
750 3960 906 4017 testimonio
956 3967 983 4015 et
997 3959 1024 4013 in
1038 3958 1081 4013 his
1095 3975 1156 4031 quaa
1170 3959 1220 4014 Dei
1231 3966 1303 4030 sunt,
1314 3960 1415 4031 populo
1429 3959 1478 4014 tibi
1493 3961 1596 4017 credito
1607 3963 1752 4019 atsubdito

107 4047 240 4118 probatos
255 4046 358 4102 arctius
368 4046 504 4118 diligeret,
515 4055 590 4103 tanto
605 4064 666 4103 eum
678 4065 733 4121 prae
744 4049 849 4105 caeteris
859 4064 906 4105 co·
955 4046 1128 4118 profuturum
1138 4046 1284 4120 eligerent,
1300 4049 1488 4119 praevalerent,
1505 4057 1531 4106 et
1545 4049 1573 4104 in
1588 4052 1752 4108 contrarium

106 4132 153 4189 luit
170 4134 341 4201 eminentius,
355 4142 455 4207 quanto
469 4144 593 4191 senserat
603 4136 679 4191 illum
698 4137 782 4192 divini
805 4137 905 4193 amoris
955 4135 1072 4191 nitentes
1086 4136 1114 4190 in
1128 4135 1185 4191 suis
1199 4136 1384 4192 molitionibus
1400 4136 1460 4192 elisi
1478 4136 1649 4195 delicerent?
1666 4164 1678 4188 a
1695 4141 1753 4197 Hac

107 4220 213 4278 facibus
227 4224 345 4295 flagrare
360 4224 545 4280 excellentius.
561 4225 619 4281 Nec
639 4224 712 4279 enirn
726 4226 755 4279 in
779 4241 905 4281 sermone
956 4223 1029 4278 enim
1044 4224 1159 4289 ratione,
1176 4224 1292 4295 provida
1308 4232 1463 4280 sanctorum
1479 4226 1589 4281 Petrum
1603 4226 1750 4299 dispensa-

106 4311 307 4378 assentationis,
337 4311 438 4367 nedum
477 4312 649 4378 adulationis,
677 4311 726 4367 fuit
757 4313 905 4385 aliquando
956 4311 992 4367 tio
1007 4311 1034 4365 in
1048 4311 1230 4382 praeficiendis
1246 4311 1423 4370 ecclesiarum
1442 4313 1603 4382 rectoribus,
1618 4315 1752 4373 Christia-

105 4399 177 4469 apud
193 4416 265 4454 eum.
293 4399 454 4467 Enimvero,
485 4400 593 4471 qualem
622 4408 735 4457 noverat
762 4401 902 4472 expedire,
915 4398 941 4459 D
954 4398 1076 4454 nissimis
1090 4398 1154 4453 olim
1170 4398 1339 4469 principibus
1352 4399 1444 4456 locum
1459 4402 1578 4458 noscitur
1593 4418 1753 4461 accommo-

105 4487 157 4542 sibi
172 4487 270 4559 primo,
287 4487 386 4544 deinde
401 4489 474 4556 suis,
499 4497 638 4560 postremo
654 4490 800 4556 universis,
827 4489 902 4545 illum
952 4487 1034 4543 desse
1048 4502 1103 4542 non
1118 4494 1279 4556 extremum,
1296 4504 1351 4558 quo
1364 4504 1415 4560 per
1429 4504 1522 4545 eorum
1538 4490 1752 4549 sincerissimam

105 4575 217 4647 cupiens
231 4576 363 4644 exhiberi,
380 4576 496 4632 instabat
511 4584 663 4649 opportune
682 4578 836 4650 importune
853 4593 903 4649 pro
953 4575 1124 4647 diligentiam
1138 4575 1354 4644 ambitiosorum,
1370 4577 1394 4632 si
1407 4594 1468 4649 quar
1483 4580 1651 4649 emersisset,
1668 4589 1753 4640 teme·

106 4679 189 4720 causa
203 4673 229 4720 et
238 4665 359 4737 negotio,
375 4680 426 4737 pro
442 4673 565 4737 tempore
580 4675 607 4722 et
620 4666 690 4734 loco,
707 4661 837 4738 arguens,
854 4666 903 4721 ob·
953 4663 1019 4719 ritas
1033 4663 1139 4720 facilius
1159 4672 1338 4735 premeretur,
1361 4665 1554 4740 religiosorum
1570 4685 1637 4726 vero
1651 4671 1750 4726 unani-

106 4767 219 4807 seemns
234 4759 260 4807 et
275 4751 419 4823 increpans
433 4768 496 4808 eum
512 4753 539 4808 in
554 4753 628 4808 omni
641 4754 774 4825 patientia
788 4763 814 4810 et
827 4754 904 4810 suavi
954 4752 1035 4808 mitas
1048 4752 1077 4807 in
1088 4753 1184 4808 studiis
1198 4752 1255 4809 suis
1269 4754 1361 4823 robur,
1379 4762 1405 4810 et
1420 4755 1448 4810 in
1467 4756 1536 4814 votis
1560 4755 1686 4814 effectum
1700 4774 1750 4815 ex·

105 4840 229 4896 doctriua
241 4841 373 4908 miscens,
390 4842 467 4909 Juxta
478 4841 507 4897 S.
525 4842 662 4898 benedieti
678 4842 820 4916 egregiam
837 4859 903 4898 seu·
953 4841 1071 4912 peditius
1086 4850 1308 4913 consequeretur.

106 4927 228 4995 tentiam,
261 4929 429 5001 temporibus
459 4933 596 5002 temporo,
621 4933 776 4987 terroribus
790 4931 902 4987 blondi·
989 4930 1099 4985 Talibus
1115 4930 1194 5002 Hugo
1208 4930 1350 4986 insistebat
1365 4931 1496 5005 eloquiis,
1513 4939 1540 4987 et
1563 4932 1752 5004 hujuscemodi

104 5021 213 5073 menta.
953 5034 1020 5090 erga
1034 5017 1186 5089 prinoipem
1201 5020 1315 5076 vacabat
1330 5021 1455 5091 monitis,
1475 5021 1582 5092 quoties
1608 5024 1751 5082 occasione

142 5105 181 5160 De
197 5105 270 5161 illius
283 5106 374 5178 itaque
388 5107 472 5162 rebus
486 5108 617 5163 duntaxat
638 5124 686 5164 seu
701 5107 820 5181 negotiis
834 5124 902 5166 eon·
952 5106 1132 5180 qualicunque
1142 5109 1200 5179 ejus
1210 5109 1336 5165 utebatur
1347 5108 1473 5164 familiari
1488 5124 1610 5181 accessu,
1623 5121 1671 5169 aut
1686 5130 1749 5187 quo

109 5192 251 5249 siliabatur
259 5194 310 5250 iste
325 5212 386 5250 cum
401 5196 457 5262 illo,
476 5212 536 5268 quae
558 5196 703 5263 Christum,
729 5213 790 5268 quae
803 5197 902 5253 Ecole·
953 5196 1003 5251 tias
1020 5196 1164 5252 secretiori
1186 5196 1258 5254 illius
1280 5197 1435 5268 potiebatur
1462 5196 1553 5256 affatu.
1582 5202 1618 5256 Et
1638 5202 1750 5274 qrn'dem

105 5282 184 5352 siam,
199 5299 259 5355 quae
277 5284 354 5357 regni
369 5283 600 5357 tranquillitatem,
616 5301 677 5358 quae
688 5285 780 5357 populi
794 5300 901 5356 pacem,
952 5284 1057 5341 ratione
1071 5284 1212 5357 multiplici
1236 5287 1326 5359 ipsum
1351 5285 1444 5342 adibat
1470 5286 1650 5359 frequentius,
1677 5306 1751 5348 nunc

141 5459 196 5527 (62)
216 5460 283 5513 Obiit
303 5473 368 5514 anno
391 5461 466 5527 1199,
488 5461 527 5516 dia
546 5463 672 5527 caprilis,
690 5461 825 5515 menardus
836 5473 894 5528 rex,
907 5460 977 5527 cuius
988 5463 1096 5528 exequiis
1108 5464 1135 5516 S.
1157 5463 1234 5529 Hugo,
1247 5463 1283 5516 uti
1301 5463 1416 5527 refertur,
1437 5466 1508 5532 tibv,
1524 5477 1547 5521 e.
1569 5468 1609 5532 ra,
1631 5468 1750 5524 interibit.
1831 5429 1839 5449 .-
