3742 5986
167 257 222 312 'tlt
579 246 750 306 GUlGONlS
772 246 782 299 l
804 237 1008 299 CARTHUSIAE
1031 233 1178 291 ursolus
1203 231 1340 289 entonis
1364 230 1397 286 V.
1768 224 1816 280 ttt

203 385 230 438 2.
246 377 380 434 iubentur
393 374 473 430 etiam
486 372 630 427 aduersum
646 387 675 425 se
688 367 850 424 habentibus
874 361 976 435 aliquid
990 356 1171 421 reconciliari,
1186 363 1212 411 et
1228 356 1255 410 in
1272 361 1374 427 quanta
1387 350 1472 424 priori
1495 348 1637 421 placuerit,
1653 361 1713 402 non
1727 345 1814 401 minus

168 483 260 532 tamen
275 488 355 546 quam
371 485 469 535 annua,
485 468 663 523 admittuntur
677 464 846 538 probatione,
857 468 883 516 et
898 460 932 515 ad
946 473 1040 515 eorum
1054 457 1124 510 iuter
1138 467 1206 525 quos
1218 451 1371 508 conversati
1381 456 1454 515 sunt,
1464 447 1592 502 laicomm
1606 444 1724 510 scilicet,
1738 443 1816 498 susci·

167 573 280 646 piuntur
294 568 488 627 testimonium,
505 565 574 621 sicut
589 563 681 619 clerici
695 563 732 618 ad
746 558 938 623 testimonium,
954 555 1158 611 monachorum.
1809 639 1814 649 ι

204 672 231 722 3.
246 667 286 722 Ea
300 672 389 721 autem
404 663 448 718 die
464 677 516 734 qua
531 676 622 716 eorum
637 656 833 730 professionem
849 653 971 710 facturus
985 658 1026 708 est
1041 649 1148 720 aliquis,
1164 648 1199 703 ad
1213 645 1360 718 capitulum
1374 643 1532 716 perducitur
1546 641 1759 709 monachorum,
1773 639 1817 694 ubr

169 764 204 821 de
219 761 360 819 stabilitate
376 767 403 815 et
416 757 571 813 obedientia
586 755 748 826 caeterisque
763 751 926 809 necessariis
940 748 1070 814 audiens,
1087 761 1148 801 oum
1176 744 1323 800 immobilis
1347 741 1600 814 imperterritusque
1625 736 1815 812 permanserit,

169 867 248 933 rogat
262 858 380 929 aliquem
395 870 442 911 oro
457 853 577 925 proprio,
594 861 622 906 nt
637 867 712 907 suam
728 849 780 905 sibi
796 848 895 905 scribat
910 845 1119 918 professionem,
1136 845 1164 900 in
1178 844 1254 914 cujus
1270 841 1323 898 fine
1344 841 1467 913 ipsemet'
1481 855 1564 894 manu
1580 837 1697 909 propria
1712 835 1817 906 signum

169 956 259 1015 crucis
273 953 405 1026 depingit.
422 950 509 1020 Qaram
523 949 603 1004 ctiam
618 962 698 1003 mauu
713 954 835 1019 gestans,
852 950 913 1015 post
927 942 1097 1017 evangelium
1113 951 1139 998 et
1154 941 1320 998 offerendam
1332 940 1366 996 ad
1377 956 1463 997 comu
1477 938 1603 994 dextrum
1617 934 1820 1008 appropinquat

170 1052 274 1120 altaris,
292 1065 416 1122 eamque,
433 1047 502 1103 sicut
515 1053 558 1102 est
572 1044 599 1099 in
614 1043 671 1113 eius
685 1042 805 1108 dextera,
823 1040 963 1105 diaconus,
977 1039 1082 1095 cunctis
1096 1039 1279 1106 audientibus,
1295 1037 1362 1111 legit
1375 1037 1413 1093 ita
1427 1035 1533 1094 diceus.

829 1164 1027 1221 CAPITULUll
1054 1162 1175 1218 Lxxlv.

894 1262 1034 1332 Professio
1058 1260 1134 1317 laici.

207 1367 233 1420 1.
249 1364 303 1437 Epo
317 1367 410 1436 frater
420 1363 475 1429 ille,
491 1365 625 1436 promitto
640 1361 827 1421 obedientium
842 1363 870 1416 ct
884 1358 1094 1417 conversionem
1109 1373 1220 1413 morum
1235 1371 1377 1422 meorum,
1393 1357 1422 1410 et
1435 1350 1681 1426 perseverantium
1697 1347 1823 1403 omatlas
1844 1360 1848 1367 ·

172 1461 269 1518 dietus
283 1461 348 1517 uitoe
362 1477 442 1529 mere,
457 1461 488 1515 in
504 1460 556 1516 bac
573 1476 675 1525 eremo,
690 1474 785 1516 corum
803 1457 857 1513 Deo
880 1460 907 1511 et
922 1456 1030 1512 sanctis
1045 1456 1105 1524 ejus
1116 1457 1144 1509 at
1158 1454 1287 1526 reliquiis
1305 1452 1390 1508 istius
1403 1451 1492 1506 eremi
1506 1463 1568 1520 quoe
1586 1447 1762 1502 constructo
1784 1445 1823 1497 est

173 1558 209 1614 ud
229 1558 362 1615 bonorem
376 1559 427 1614 Dei
441 1560 468 1612 ei
484 1557 572 1613 tectae
586 1572 696 1627 sempor
710 1554 828 1625 vir-pinis
845 1553 947 1618 Marisa,
964 1555 992 1607 et
1005 1551 1099 1607 suncti
1117 1550 1233 1606 loannis
1248 1549 1393 1620 Doptistae,
1403 1562 1460 1618 pro
1476 1546 1577 1600 timore
1591 1540 1713 1597 Domini
1737 1538 1825 1596 nostri

173 1656 240 1712 lesu
255 1653 360 1710 Christi
380 1658 408 1709 et
423 1654 543 1709 remedio
567 1657 671 1709 ouimae
685 1668 763 1717 trteoe,
781 1653 811 1706 in
833 1651 987 1719 praesentio
1010 1647 1127 1711 domini,
1145 1646 1232 1713 illius,
1247 1647 1361 1718 prioris.
1379 1643 1456 1712 Quod
1476 1645 1501 1698 si
1514 1643 1609 1714 aliquo
1626 1643 1759 1711 tempore
1773 1653 1825 1692 un·

173 1767 259 1825 quom
273 1751 340 1808 binc
354 1754 489 1823 aufugere
506 1752 548 1807 uel
563 1753 639 1807 ubire
657 1753 812 1814 tentavero,
830 1749 914 1803 liceat
930 1744 1018 1802 servis
1033 1744 1082 1798 Dei
1097 1744 1145 1815 qui
1156 1742 1201 1798 bic
1215 1744 1327 1813 furunt
1342 1757 1386 1797 me
1401 1738 1546 1812 planctui
1557 1739 1636 1809 juris
1651 1735 1826 1791 auctoritate

175 1849 329 1920 requirere,
344 1852 372 1904 et
386 1853 481 1904 coacte
496 1864 529 1903 uc
544 1848 681 1904 uiolenter
695 1848 725 1901 in
741 1861 824 1901 suum
847 1843 997 1899 seruitium
1016 1854 1157 1896 reuocare.

209 1949 237 2001 2.
253 1944 317 2000 Post
333 1946 391 2000 lraec
404 1946 474 2000 lianc
489 1945 573 2015 ipsam
590 1944 710 2000 chartam
724 1940 802 1997 offert
826 1955 908 2011 super
922 1939 1014 2006 altare,
1045 1945 1071 1993 et
1098 1933 1220 1991 osculato
1236 1930 1314 1987 altari
1336 1930 1493 1986 incurvatur
1512 1928 1546 1985 ad
1560 1927 1648 2000 pedes
1662 1924 1826 1991 sacerdotis,

175 2041 223 2097 tali
237 2041 426 2097 obsecratione
440 2040 646 2097 benedicendus
663 2057 669 2093 :
685 2039 798 2095 Saluum
813 2040 869 2109 soc,
883 2037 961 2092 Mitte
975 2037 1011 2104 ei,
1029 2037 1094 2090 Esto
1108 2033 1144 2098 ei,
1163 2030 1298 2089 Dominus
1313 2030 1463 2098 uobiscum,
1480 2023 1608 2093 oremus,
1625 2027 1750 2084 Domine
1765 2027 1827 2083 teta

177 2137 299 2208 Cbrt’ste,
315 2140 363 2210 qui
376 2154 407 2194 et
425 2139 481 2193 uia.
498 2136 617 2208 Requirc
638 2134 772 2206 superius.

835 2230 1033 2287 CAPITULUll
1069 2227 1180 2284 lxxlt.

622 2328 759 2398 Quomodo
774 2345 803 2384 sc
818 2327 920 2384 iubeat
932 2330 1026 2399 [rotor
1038 2331 1187 2400 postquam
1202 2327 1349 2396 susceptus
1363 2326 1416 2378 est.

214 2426 255 2481 ab
269 2426 321 2481 hoc
334 2433 454 2496 temporo
477 2425 582 2481 noverit
597 2425 646 2498 [ul.
659 2424 743 2497 novit]
759 2441 788 2481 se
804 2423 1005 2490 nihilomnino,
1022 2439 1112 2494 neque
1126 2423 1254 2479 baculum
1269 2420 1378 2494 quidem
1393 2435 1448 2492 quo
1460 2435 1510 2491 per
1523 2419 1596 2478 viam
1612 2420 1747 2494 gradiens
1760 2419 1829 2477 inni·

177 2522 251 2590 titur,
268 2524 326 2578 sine
340 2521 438 2594 prioris
456 2522 556 2578 habere
571 2522 698 2590 licentia;
714 2522 814 2594 quippe
828 2537 888 2578 cum
904 2535 955 2576 nec
969 2521 1085 2592 ipsemet
1099 2536 1164 2576 suns
1178 2520 1222 2576 sit.
1239 2520 1314 2592 Erga
1332 2533 1413 2590 quem
1428 2516 1546 2589 idipsum
1561 2517 1636 2590 qnod
1651 2519 1784 2591 superius
1796 2518 1829 2573 dc

178 2620 311 2676 monacho
325 2619 452 2687 diximus,
469 2619 630 2688 servabitur,
650 2627 679 2674 ut
694 2619 798 2675 scilicet
816 2633 865 2690 pro
879 2634 912 2674 eo
927 2618 993 2673 nihil
1007 2618 1097 2674 minus
1113 2617 1167 2685 ssat,
1185 2617 1208 2672 si
1222 2617 1292 2672 iutra
1308 2615 1513 2671 examinationis
1527 2623 1638 2688 tempus
1652 2615 1831 2689 acceptabili-

179 2723 221 2771 ter
235 2731 322 2789 agens
336 2725 459 2772 mortuus
474 2716 564 2781 fucrit,
582 2732 664 2788 quam
680 2717 703 2771 si
717 2715 860 2788 protessus
875 2724 958 2771 essct.

866 2839 1155 2897 COMMENTARIUS.

182 2933 217 2990 ad
232 2942 332 2990 statum
350 2934 547 2991 monachorum
562 2935 608 3007 qai
622 2936 656 2991 ad
676 2935 835 2992 clericatum
850 2951 905 2992 non
931 2953 978 2992 es·
988 2941 1016 2999 A
1029 2935 1209 2993 communiter
1218 2933 1357 3007 assignata
1371 2932 1406 2988 sit
1421 2930 1493 3003 apud
1519 2944 1570 2988 nos
1598 2930 1642 2988 his
1665 2933 1832 3008 temporibus

183 3030 225 3078 set
239 3022 363 3078 idoneus.
380 3023 446 3078 lude
458 3031 523 3078 nata
535 3031 662 3079 astratus
678 3024 723 3079 illa
734 3025 910 3097 interrogatio
922 3041 983 3096 quaa
1032 3033 1178 3096 antequam
1192 3022 1275 3078 trater
1289 3021 1376 3077 laicus
1390 3019 1425 3076 ad
1440 3028 1538 3075 statum
1567 3035 1772 3078 conversorum
1784 3021 1831 3078 ad·

182 3107 213 3164 lit
227 3110 328 3167 nouitio
344 3111 372 3166 in
395 3112 490 3166 ordine
505 3119 651 3183 antequam
665 3113 818 3167 admittatur
834 3130 841 3167 :
858 3112 902 3168 An
915 3129 982 3185 pos·
1032 3113 1164 3168 mittatur.

184 3199 222 3254 sta
254 3198 290 3254 od
314 3214 408 3256 sacros
436 3198 547 3255 ordines
562 3200 738 3257 oscendere?
761 3200 864 3256 Sensus
879 3208 931 3267 est,
948 3216 983 3256 au
1068 3200 1149 3256 Num.
1166 3203 1191 3254 3.
1215 3201 1302 3271 Roget
1328 3199 1452 3270 aliquem
1466 3213 1512 3254 ore
1534 3200 1660 3271 proprio,
1679 3206 1736 3256 etc.
1753 3198 1784 3254 ld
1801 3198 1832 3253 ita

185 3284 297 3356 aliquod
319 3286 540 3357 impedimentum
566 3288 623 3344 sire
652 3288 802 3360 corporale,
819 3289 876 3344 sivo
900 3289 983 3360 spiri·
1034 3288 1170 3354 statuitur,
1187 3287 1250 3359 quia
1263 3286 1381 3342 maxima
1394 3300 1460 3357 pars
1474 3301 1671 3342 conversorum
1687 3286 1833 3344 carthusia

186 3372 267 3440 tuala,
284 3374 395 3442 habeas,
413 3391 466 3447 quo
481 3392 496 3430 a
510 3375 594 3432 sacris
618 3376 757 3432 ordinibus
770 3377 901 3433 arcearis.
919 3376 984 3432 Om·
1034 3384 1090 3432 erat
1105 3392 1138 3431 ex
1153 3382 1223 3430 statu
1239 3374 1397 3430 mechanico
1411 3381 1457 3428 aut
1471 3375 1573 3430 rustico
1583 3374 1705 3431 oriunda
1722 3390 1833 3449 :quaru-

186 3477 236 3517 ues
255 3478 330 3536 ergo,
348 3462 380 3518 ll.
398 3464 483 3519 Patris
503 3464 635 3538 Guigonis
651 3473 784 3536 tempore,
809 3472 934 3537 poterant
949 3463 984 3519 ad
1035 3465 1076 3520 vis
1098 3472 1192 3535 postea
1217 3463 1267 3518 riri
1291 3462 1371 3518 valde
1394 3462 1499 3518 nobiles
1519 3451 1619 3517 statum
1644 3463 1727 3520 illum
1740 3480 1774 3521 ex
1791 3463 1835 3520 lu·

188 3550 369 3606 sacerdotium
383 3552 551 3623 promoveri.
569 3552 622 3608 Sed
640 3553 762 3625 quamvis
784 3552 878 3624 plures
892 3567 984 3608 sacer·
1035 3552 1147 3608 militate
1170 3560 1195 3607 et
1223 3551 1367 3606 devotione
1390 3550 1507 3622 amplexi
1535 3550 1606 3619 siut,
1637 3552 1688 3623 qui
1715 3551 1833 3609 ordinem

190 3638 269 3694 dotes
296 3646 389 3694 essent
412 3639 440 3693 in
463 3640 639 3707 monastario,
656 3648 761 3697 certum
777 3647 819 3696 est
842 3641 916 3713 quod
931 3656 985 3695 non
1035 3656 1137 3712 magno
1151 3640 1280 3696 virtutum
1295 3638 1440 3711 splendore
1455 3639 1665 3696 decoraverunt.

190 3740 286 3782 omnes
301 3734 363 3782 tune
378 3727 560 3794 celebrarent,
576 3744 609 3784 eo
624 3729 706 3785 modo
727 3736 754 3783 ct
772 3734 896 3799 tempore
910 3728 986 3784 cele·
1072 3730 1147 3784 ldem
1173 3727 1319 3799 capitulum
1331 3725 1448 3784 refertur
1475 3727 1503 3782 in
1531 3726 1651 3800 antiquis
1681 3727 1835 3798 antulium

191 3814 268 3869 brare
283 3815 411 3880 contenti,
427 3831 487 3886 quas
511 3816 539 3870 in
557 3816 651 3887 primis
670 3815 783 3871 istarum
811 3816 987 3873 consuctudi-
1037 3824 1125 3889 parte,
1142 3832 1204 3887 cap.
1219 3818 1263 3881 tt,
1280 3832 1308 3870 n.
1335 3820 1360 3871 1.

191 3917 255 3955 num
274 3901 400 3973 capitulis
424 3903 619 3972 exprimuntur.
1073 3906 1140 3962 Cla.
1157 3904 1279 3959 LXXIV.
1293 3933 1329 3944 -
1342 3903 1425 3959 Num.
1441 3907 1467 3959 l.
1484 3904 1519 3958 lit
1531 3907 1789 3976 perseverantium.
1808 3903 1834 3959 ld

228 3989 299 4044 lbid.
319 3991 392 4046 Nom
400 3991 534 4046 similiter
545 3991 616 4046 duro
633 3995 841 4063 proponuntur,
854 4000 906 4048 eto.
922 3993 988 4049 l‘ro·
1038 3991 1183 4064 aequiralet
1201 3992 1285 4048 uerbo
1299 3992 1475 4062 stabilitatis,
1492 3990 1565 4064 quod
1587 3991 1734 4064 proferunt
1746 4007 1836 4051 mont·

194 4077 267 4133 batio
296 4092 489 4133 conversorum
517 4093 572 4134 non
595 4080 684 4135 minus
706 4096 804 4136 severa
825 4080 906 4137 debet
928 4097 989 4137 esse
1039 4080 1083 4137 chi
1099 4081 1127 4135 in
1152 4096 1202 4135 sua
1230 4079 1411 4151 professione,
1428 4080 1483 4135 imo
1497 4079 1589 4152 aliquo
1604 4081 1691 4138 modo
1720 4089 1834 4155 superat,

194 4182 274 4238 quam
294 4165 500 4234 monachorum,
517 4167 580 4239 quia
606 4168 732 4224 conversi
747 4169 798 4224 nisi
819 4169 891 4225 boua
906 4185 988 4226 roca-
1040 4169 1130 4240 quoad
1143 4167 1351 4240 exprimendam
1370 4167 1543 4224 stabilitatem
1562 4168 1732 4226 mouendiin
1746 4170 1837 4226 eodem

194 4255 276 4320 tione,
293 4253 320 4308 id
335 4262 377 4310 est
391 4253 506 4324 cmlesti,
522 4264 567 4311 ant
577 4265 668 4327 putata
683 4257 739 4324 tali,
750 4257 784 4313 ad
795 4258 988 4313 monasterium
1003 4257 1110 4347 Bloco.

196 4342 296 4397 luerint
311 4342 430 4409 adducti,
447 4352 473 4398 et
495 4345 548 4400 nisi
570 4345 679 4402 intonso
693 4346 781 4401 studio
796 4362 852 4402 suae
866 4345 990 4402 vocatio·
1078 4345 1145 4401 lbid.
1162 4345 1238 4413 Quod
1253 4345 1278 4400 si
1291 4346 1385 4418 aliquo
1402 4349 1534 4413 tempore,
1549 4351 1602 4402 etc.
1618 4345 1676 4402 lsta
1686 4345 1837 4418 expressio·

196 4429 238 4485 nis
253 4428 347 4485 officiis
362 4432 546 4502 adimplendis
560 4441 670 4489 strenue
699 4440 805 4501 vacent,
822 4449 870 4504 per
884 4434 993 4490 exerci-
1043 4435 1086 4489 nis
1107 4434 1229 4489 extensio
1254 4432 1346 4502 fiebat,
1375 4440 1403 4487 ut
1419 4433 1613 4505 obligationem
1636 4431 1837 4490 stabilitatisab

197 4518 233 4572 tia
248 4525 358 4574 externa
379 4520 478 4592 quibus
503 4521 631 4577 destinati
660 4531 734 4589 sunt,
752 4521 858 4578 facilius
873 4522 900 4575 in
914 4521 993 4577 dissi·
1044 4522 1083 4577 eis
1105 4521 1246 4578 serrandus
1266 4520 1374 4591 plenius
1406 4521 1597 4594 intelligerent,
1616 4529 1642 4577 et
1657 4538 1693 4578 ex
1708 4538 1839 4580 consensu

197 4608 345 4677 petionem,
362 4609 460 4665 deinde
480 4609 507 4663 in
537 4609 733 4665 relaxationem
763 4608 939 4676 habitualem,
969 4617 995 4663 et
1044 4625 1175 4680 expresso
1189 4609 1217 4663 in
1231 4609 1305 4664 illam
1325 4609 1519 4674 conditionem,
1535 4624 1588 4681 qua
1602 4610 1712 4681 possint
1726 4627 1778 4683 per
1789 4610 1837 4667 rim

196 4696 370 4765 postmodum
387 4697 414 4751 in
429 4697 516 4752 varias
536 4697 669 4767 peccandi
692 4697 853 4752 occasiones
867 4696 994 4752 decidere
1044 4697 1078 4752 ad
1093 4698 1232 4754 servitium
1248 4697 1346 4754 domus
1360 4697 1463 4765 reduci,
1476 4697 1578 4754 scirent
1593 4714 1624 4754 se
1639 4697 1669 4754 in
1685 4699 1840 4757 servitutem

198 4791 322 4854 possunt,
339 4784 411 4856 quod
435 4785 576 4840 monachis
590 4785 617 4839 in
633 4784 753 4841 claustro
768 4800 878 4855 semper
888 4784 994 4858 degen-
1045 4787 1094 4840 Doi
1111 4794 1137 4841 et
1152 4787 1256 4841 ordinis
1271 4802 1321 4857 per
1335 4794 1427 4841 votum
1455 4802 1617 4858 expressum
1643 4787 1803 4855 devenisse,
1816 4794 1840 4842 et

198 4871 269 4927 tibus
284 4888 338 4928 non
363 4881 416 4927 tam
444 4873 523 4928 lacile
544 4873 651 4928 evenire
665 4879 763 4943 potest.
1045 4874 1228 4930 conditionem
1256 4889 1397 4930 servorum
1425 4890 1475 4946 pro
1493 4874 1543 4930 Dei
1567 4889 1663 4931 amore
1692 4875 1840 4932 voluntarie

234 4960 315 5015 Num.
336 4965 362 5016 2.
378 4962 412 5016 Et
427 4963 459 5017 in
473 4964 581 5033 quantu
595 4962 844 5033 prioriplocuerit,
856 4978 923 5031 non,
941 4970 993 5018 etc.
1045 4962 1240 5032 assumpsisse.
1260 4963 1374 5033 Exque
1396 4962 1551 5019 conditione
1570 4962 1680 5019 videtur
1703 4965 1780 5037 quod
1792 4978 1841 5020 non

200 5047 229 5101 ln
240 5048 338 5118 prioris
351 5065 419 5121 crgo
435 5056 497 5104 tunc
512 5056 571 5103 erat
585 5049 698 5105 arbitrio
713 5059 819 5120 tempus
829 5050 996 5120 probationis
1045 5048 1098 5103 sint
1127 5049 1318 5121 comprehensi
1346 5050 1397 5105 sub
1425 5050 1579 5106 conditione
1596 5050 1788 5123 fugitivorum,
1811 5051 1842 5106 dc

201 5135 270 5191 ultra
296 5153 398 5191 annum
420 5145 447 5192 et
472 5146 600 5209 quantum
629 5137 711 5193 vellet
725 5153 895 5211 prorogare;
920 5138 995 5195 etde
1045 5137 1143 5209 quibus
1157 5138 1281 5207 interius,
1293 5152 1355 5209 cap.
1371 5140 1416 5193 77.

199 5223 382 5279 testimonias
397 5223 472 5279 laicis
488 5231 587 5279 tanturn
605 5224 771 5295 recipiendo,
788 5240 843 5280 non
857 5223 996 5281 (111111111-
1080 5226 1154 5281 ldcm
1171 5225 1290 5282 refertur
1308 5242 1338 5281 uxr
1363 5234 1442 5298 parte
1470 5227 1643 5300 antiquorum
1672 5236 1840 5295 statutorum,

200 5311 246 5383 gio
262 5311 416 5367 necessario
428 5311 591 5382 requirendo
606 5320 670 5367 tunc
693 5312 833 5384 agebatur,
850 5311 885 5367 de
900 5329 952 5384 qua
968 5330 996 5369 re
1045 5330 1105 5386 cap.
1121 5316 1166 5381 tl,
1184 5331 1259 5370 num.
1282 5318 1308 5369 5.

196 5399 252 5468 jam
267 5399 391 5472 quaedam
405 5399 521 5453 diximus
537 5414 561 5455 c.
578 5401 621 5454 31.
639 5399 770 5456 ludenon
785 5408 826 5456 est
841 5400 996 5455 mirandum
1081 5403 1146 5457 Cur.
1164 5403 1273 5458 LXXV.
1290 5405 1377 5460 —Ne
1407 5405 1539 5463 taculum
1567 5405 1694 5479 quidem,
1709 5414 1766 5466 ate.
1783 5409 1843 5466 Sine

200 5487 222 5542 si
238 5487 317 5543 bonis
331 5486 464 5544 decausis
478 5494 506 5543 et
520 5503 554 5544 ex
564 5487 716 5544 rationibus
726 5487 994 5561 experimentalibus,
1044 5490 1256 5563 priortsbotere
1267 5491 1457 5561 lieentie,atc.
1468 5493 1589 5549 Insinuat
1601 5494 1845 5569 mviterprolestit

193 5574 325 5645 probatio
360 5575 480 5648 quinque
506 5590 639 5633 annorum
667 5576 695 5631 in
737 5584 808 5633 statu
834 5576 995 5634 donatorum
1045 5578 1078 5633 ll.
1093 5578 1174 5635 Pater
1194 5577 1285 5652 Guigo
1313 5578 1402 5653 qualis
1422 5580 1523 5638 debeat
1548 5580 1844 5658 samsmmsupmrru
