3750 5984
100 162 136 215 at
422 157 612 215 Expostulo
629 158 664 214 IN
683 152 872 213 EPISTOLAS
895 152 1007 214 Ptbtt.
1026 159 1110 213 -IN
1135 158 1244 214 EPIST.
1269 159 1316 214 AD
1339 156 1426 216 nont.
1709 160 1743 215 38

94 282 204 355 eloquia
218 283 336 355 amplius
350 297 405 338 nen
420 282 469 338 tuit
490 282 586 339 tadeo
611 298 690 355 quam
706 281 811 354 gentili,
832 281 932 353 quiaA
944 288 1056 353 peccata
1071 282 1229 350 hominum,
1245 291 1320 339 tanto
1334 281 1483 356 gloriosior
1506 289 1648 354 appareret
1661 283 1746 351 Dens,

93 387 151 426 non
166 371 281 427 credidit
296 371 411 444 eloquiis
425 370 489 428 Dei.
948 370 1085 426 dimittens
1100 372 1200 438 omnia,
1216 380 1348 445 quotquot
1366 379 1467 439 essent,
1493 371 1657 442 accipientes
1680 371 1744 428 inde

132 460 202 516 Vere
217 460 253 514 ait
269 459 387 515 Paulus:
403 458 519 530 amplius
534 476 585 531 per
599 459 703 516 credita
728 458 835 532 eloquia
849 457 898 515 tuit
948 460 1133 527 occasionem3
1150 461 1212 533 quia
1228 463 1276 518 abt
1290 462 1443 518 abundavit
1470 461 1615 529 delictam,
1646 477 1745 533 super-

94 547 211 615 Judae03
227 550 293 621 quia
306 549 332 604 si
346 548 750 620 quidamittornmludaeorum
765 564 822 604 aron
837 565 897 604 ere·
949 549 1103 605 abundauit
1116 551 1154 605 ibi
1168 551 1272 621 qratia,
1286 558 1313 606 et
1327 550 1434 605 similia.
1452 547 1532 617 Quod
1542 550 1586 606 hic
1601 549 1743 607 destruere

97 637 235 693 didernnt
251 636 368 708 eloquiis
383 636 443 702 Dei,
457 644 484 692 et
497 637 569 700 ,ideo
594 637 730 707 reprobati
747 644 817 703 sunt,
833 636 898 709 quid
948 636 1100 710 ingreditur
1115 638 1223 705 Paulus,
1238 647 1265 694 et
1280 639 1346 693 satis
1369 638 1438 694 bene
1453 638 1488 693 ad
1508 653 1577 692 rem.
1602 637 1652 694 Hic
1672 636 1745 694 enim

97 724 213 795 impedit
228 725 264 779 ad
283 725 338 781 hoc
361 732 390 780 ιιι
404 739 459 780 aon
474 724 508 779 sit
522 725 639 796 amplius
658 724 784 781 collatum
804 724 898 781 lndaeo
947 725 1074 795 probabit
1088 741 1196 782 omnem
1212 726 1328 782 salutem
1342 742 1444 782 esseex
1455 725 1545 799 gratia
1560 725 1620 793 Dei,
1637 733 1664 781 et
1677 725 1746 783 nibil

96 829 179 884 quam
194 812 314 884 gentili?
338 812 412 868 Nihil
427 812 521 886 utique
536 813 663 884 impedit;
680 812 752 884 quia,
768 819 898 884 quantum
948 829 981 868 ex
995 813 1092 869 merito
1105 814 1233 882 hominis,
1249 815 1343 872 diceus
1360 833 1366 869 :
1383 814 1452 884 Quia
1467 813 1554 870 omnis
1569 814 1651 870 homo
1665 830 1745 871 men-

95 899 125 955 ia
139 901 199 956 Deo
213 899 273 968 init,
290 901 451 973 praeparavit
465 917 513 958 eos
527 900 664 968 adsidam,
680 900 744 957 lieet
767 899 899 957 increduli
948 901 1001 956 dax
1016 917 1079 957 reus
1093 901 1218 958 inventus
1245 910 1301 970 est3
1325 903 1399 958 Deus
1423 910 1514 959 autem
1539 919 1648 959 omnem
1667 919 1744 959 reum

97 989 330 1061 permansissent.
348 990 419 1046 Vere
434 990 457 1045 si
472 990 583 1062 quidam
597 990 706 1046 illorum
729 1005 783 1044 non
806 988 898 1045 credi·
945 988 1097 1057 justificans
1111 1006 1144 1045 er
1155 990 1244 1062 gratia
1257 990 1285 1045 in
1297 990 1440 1062 promissis
1459 1008 1539 1047 verax
1551 999 1601 1047 est.
1617 993 1669 1047 Per
1692 993 1745 1049 boc

98 1079 208 1147 derunt,
223 1078 292 1133 nihil
306 1078 419 1149 impedit
435 1096 443 1146 ;
459 1078 523 1150 quia
535 1080 618 1146 Deus,
635 1078 708 1150 quod
725 1077 896 1149 promiserat,
948 1085 1059 1147 apparet
1074 1077 1147 1149 quod
1161 1079 1300 1151 iniquitas
1314 1083 1413 1134 nestra
1423 1080 1603 1136 commendat
1614 1080 1745 1150 justitiam

96 1175 213 1239 propter
226 1166 446 1223 incredulitatem
463 1182 568 1234 eorum,
584 1166 698 1238 implere
714 1182 768 1222 non
780 1165 894 1221 dimisit.
949 1165 1008 1232 Dei,
1025 1165 1110 1220 idest
1131 1166 1376 1223 commendabilem
1391 1166 1563 1234 iacitDeum,
1585 1184 1635 1240 per
1657 1169 1745 1224 solam

97 1255 234 1327 Nauquid
248 1255 321 1309 enim
335 1256 525 1311 incredulitas
535 1271 633 1312 earnm
641 1255 819 1328 quorumdam
832 1271 898 1310 eua-
948 1254 1064 1326 gratiam
1083 1253 1276 1325 justificantem
1298 1255 1422 1312 homines
1444 1272 1460 1311 a
1483 1257 1620 1327 peccatis;
1645 1262 1673 1312 et
1691 1257 1744 1314 boo

97 1346 197 1398 enauit
210 1343 313 1412 fidem,
330 1343 358 1398 id
373 1351 414 1399 est
423 1343 608 1414 impletionem
619 1344 816 1415 promissorum
826 1341 899 1398 Dei?
948 1342 1041 1415 utique
1056 1359 1152 1399 verum
1167 1352 1217 1410 est,
1234 1344 1297 1417 quia
1312 1352 1412 1417 quanto
1427 1344 1514 1416 gratia
1537 1345 1595 1414 ejus
1610 1344 1746 1416 copiosior

97 1431 174 1486 Nihil
188 1431 281 1504 utiquc
296 1447 392 1487 eorum
408 1448 468 1504 quae
488 1433 612 1503 promisit
636 1434 710 1488 Deus
733 1431 898 1502 inexpletum
949 1438 990 1486 est
1004 1431 1031 1485 in
1046 1432 1233 1488 remissionem
1249 1442 1433 1504 pcccatorum,
1451 1441 1522 1488 tanto
1541 1432 1637 1504 procul
1662 1433 1745 1490 dubio

98 1519 212 1586 dimisit,
229 1528 256 1574 et
269 1520 332 1575 ideo
347 1519 414 1574 nihil
424 1520 541 1592 amplius
557 1519 668 1591 impedit
696 1519 825 1574 babuisse
852 1520 900 1574 Ju·
949 1521 1192 1577 commendabilior
1205 1523 1337 1577 estDeus.
1353 1521 1407 1577 Sed
1426 1520 1489 1594 lieet
1503 1536 1746 1593 quaecnnquepec-
1815 1512 1824 1529 ¹

99 1608 200 1677 dacum,
216 1608 280 1664 licet
300 1608 410 1681 quidam
425 1607 452 1662 iu
478 1608 668 1665 incredulitate
691 1608 811 1663 damnati
834 1607 897 1663 sint.
949 1616 1009 1665 cata
1020 1610 1074 1664 sint
1088 1609 1213 1675 dimittat,
1230 1625 1285 1665 nou
1300 1614 1390 1666 tamen
1405 1609 1468 1665 inde
1483 1624 1593 1665 causam
1615 1609 1746 1682 peccandi

100 1696 203 1765 Quaero
215 1712 249 1752 an
263 1705 378 1768 propter
385 1697 541 1753 incredulos
550 1704 681 1754 evacuata
697 1697 731 1752 sit
745 1695 814 1753 fides
828 1696 899 1754 Dei?
948 1697 1004 1751 dat.
1021 1697 1151 1769 {niquitas
1166 1706 1258 1754 nostra
1273 1698 1446 1755 commendat
1461 1698 1559 1765 Deum,
1574 1698 1623 1754 sed
1648 1698 1671 1754 si
1693 1699 1747 1756 boo

100 1785 155 1841 Sed
170 1787 243 1842 absit
257 1787 318 1856 hoc,
334 1792 364 1841 ut
377 1783 445 1841 fides
467 1787 518 1842 Dei
539 1785 631 1858 aliquo
650 1786 732 1841 modo
747 1785 833 1857 possit
855 1784 900 1841 rel
950 1794 999 1852 est,
1017 1786 1090 1858 quod
1113 1803 1146 1842 ειι
1177 1787 1316 1860 iniquitate
1336 1796 1429 1843 nostra
1451 1787 1695 1844 commendabilior
1713 1787 1747 1844 sit

101 1873 231 1929 credatur
240 1873 384 1930 evacuari!
406 1875 478 1945 quia,
489 1874 555 1931 licet
577 1873 688 1946 quidam
711 1874 822 1930 illorum
845 1890 900 1929 uon
949 1875 1032 1940 Deus,
1050 1875 1161 1948 quidad
1176 1874 1233 1932 baec
1249 1876 1402 1932 dicemus?
1424 1874 1546 1931 Mirabile
1561 1875 1627 1948 quid
1642 1876 1747 1932 videtur

102 1962 281 2030 crediderint,
294 1970 386 2018 tamen
400 1966 473 2021 Deras
486 1967 530 2020 est
544 1979 641 2029 uerna,
658 1962 685 2017 id
710 1970 752 2018 est
774 1962 901 2034 impletor
950 1962 1013 2018 inde
1022 1963 1162 2035 consequi.
1175 1963 1240 2020 ideo
1250 1963 1314 2037 qnid
1325 1963 1524 2036 dicemus,quia
1534 1965 1663 2038 nunquid
1673 1966 1747 2022 Dens

101 2050 225 2105 omnium
240 2067 301 2123 quae
315 2052 449 2122 promisit.
465 2053 538 2107 Deus
552 2051 644 2123 ntique
667 2067 749 2107 ueras
771 2059 821 2117 est,
851 2049 900 2108 sed
950 2053 1065 2122 iniquus
1075 2056 1127 2116 est,
1137 2053 1203 2125 quia
1212 2054 1394 2125 intertisam,
1406 2051 1747 2124 idestultionem,propter

100 2139 290 2195 omnishomo
306 2139 694 2212 quicunquesit,seutudaeus
716 2155 764 2195 seu
778 2138 898 2212 gentilis,
950 2147 1100 2209 peccatum,
1126 2140 1198 2211 quod
1217 2139 1506 2196 commendabiliorem
1533 2140 1596 2196 iacit
1618 2141 1705 2197 Deum
1732 2142 1747 2199 i

100 2226 228 2283 mendac
242 2231 296 2297 est,
311 2227 339 2282 id
354 2236 396 2284 est
408 2235 543 2300 peccator.
559 2228 632 2283 Deus
647 2227 719 2282 enim
734 2227 767 2282 ad
788 2228 900 2283 salvan·
950 2227 1078 2299 AEqnitati
1092 2227 1201 2284 videtur
1223 2231 1276 2285 hoc
1300 2245 1362 2285 esse
1389 2229 1566 2286 contrarium.
1591 2229 1650 2286 Hoc
1674 2229 1747 2302 quod

98 2316 166 2370 dum
181 2315 303 2383 veniens,
320 2331 430 2372 omnem
444 2316 581 2372 bominem
596 2316 647 2371 sub
660 2324 772 2387 peccato
788 2315 898 2386 reperit,
950 2315 1012 2370 dico
1026 2332 1081 2372 non
1095 2316 1160 2370 satis
1184 2333 1245 2372 esse
1272 2333 1388 2390 aequum,
1420 2317 1483 2389 quia
1509 2317 1585 2389 punit
1605 2325 1748 2388 peccatum

99 2411 128 2459 et
143 2404 291 2460 secundum
306 2405 404 2460 merita
426 2405 512 2460 salute
535 2404 686 2477 indignum.
711 2404 789 2461 Unde
809 2403 900 2474 palam
951 2403 1024 2475 quod
1039 2405 1212 2460 commendat
1227 2421 1298 2473 eum,
1316 2405 1389 2477 quod
1403 2413 1487 2461 toturn
1506 2405 1567 2462 dico
1591 2407 1747 2463 secundum

100 2501 145 2547 est
160 2491 242 2548 tidem
256 2501 283 2548 et
304 2492 485 2549 salvationem
508 2492 558 2549 Dei
581 2492 681 2548 Judaeis
704 2501 731 2548 et
754 2484 900 2565 gentilibus
952 2492 1104 2559 donuinam,
1119 2493 1147 2548 id
1163 2493 1363 2549 estsccundum
1378 2493 1524 2550 carnaliter
1538 2492 1745 2567 intelligentem.

99 2596 179 2652 aeque
193 2581 336 2652 provenire
351 2598 384 2637 ex
398 2581 497 2655 gratia.
518 2581 688 2638 Mendacium
708 2581 807 2636 dicitur
820 2597 901 2637 omne
951 2579 1006 2634 Sed
1020 2596 1053 2635 ex
1069 2597 1112 2635 me
1126 2582 1179 2637 hoc
1193 2582 1254 2638 dieo
1271 2597 1277 2636 :
1293 2582 1366 2639 absit
1380 2582 1433 2638 hoe
1447 2589 1476 2636 ut
1493 2582 1566 2637 Deus
1580 2581 1688 2654 iniquus
1703 2582 1747 2650 sit,

99 2677 259 2739 peceatum:
275 2669 340 2740 quia
353 2670 441 2725 omnis
451 2676 588 2736 ereatura,
605 2685 666 2741 quae
680 2668 839 2724 naturaliter
853 2669 901 2725 ob·
951 2667 1014 2738 quia
1026 2677 1169 2739 peceatum
1184 2670 1259 2740 pnnit
1276 2669 1328 2724 lEt
1343 2669 1395 2726 hoe
1409 2669 1508 2741 probat
1526 2669 1560 2724 ab
1575 2669 1746 2742 impossibili,

101 2757 181 2829 sequi
195 2757 277 2813 debet
289 2757 410 2814 Creatori
432 2773 491 2825 suo,
517 2774 580 2814 cum
599 2756 798 2830 transgreditur
820 2772 901 2812 man-
951 2755 1045 2812 dicens
1063 2774 1070 2811 r
1088 2758 1155 2812 Vere
1170 2758 1244 2813 Dens
1260 2774 1314 2814 non
1329 2766 1371 2814 est
1385 2756 1504 2829 iniquus,
1520 2757 1642 2814 inserens
1655 2759 1723 2814 iram
1739 2778 1755 2828 3.

101 2846 196 2900 datum
209 2846 270 2912 Dei,
287 2846 444 2902 mendosam
459 2845 523 2902 facit
549 2853 673 2901 naturam
701 2862 787 2912 suam,
818 2845 901 2902 dese·
952 2844 1013 2916 quia
1027 2846 1162 2917 alioquin,
1175 2845 1263 2914 idest,
1281 2847 1303 2901 si
1317 2846 1507 2918 Deusiniquns
1518 2855 1598 2914 esset,
1615 2847 1748 2920 quemodo

101 2950 167 2989 rens
184 2933 328 3005 puritatem
351 2933 380 2988 in
404 2930 575 3006 qua'breata
603 2941 654 2990 est.
678 2931 747 3002 Quia
768 2933 843 2988 Deus
866 2933 902 2988 sit
946 2933 1087 3003 judicabit
1103 2934 1178 2991 bunc
1192 2935 1332 2991 mnndum
1348 2935 1750 2992 tNonestcredendumutille

103 3038 196 3089 verax,
211 3037 306 3078 assero
322 3022 403 3079 etiam
413 3039 462 3094 per
477 3022 624 3094 Scriptnrae
638 3021 833 3078 testimonium.
844 3001 936 3077 ΗοεΟ
951 3021 996 3092 qui
1015 3021 1174 3076 constitutus
1189 3028 1230 3077 est
1241 3022 1325 3092 judex
1340 3022 1422 3077 totius
1445 3023 1549 3090 mundi,
1572 3023 1680 3096 iniquus
1702 3023 1747 3095 sit,

99 3111 174 3166 enim
189 3110 250 3167 dico
265 3113 340 3168 sieut
353 3114 540 3184 scriptumest
552 3111 587 3167 de
598 3110 767 3167 veritateDci
783 3109 809 3165 in
823 3109 901 3181 psal-

101 3214 148 3254 mo
164 3217 171 3253 ε
188 3200 261 3254 Dens
274 3198 371 3271 procul
386 3199 468 3255 dubio
483 3215 565 3257 rerar
576 3207 627 3254 est.
643 3199 688 3254 Ait
706 3199 779 3254 enim
794 3198 899 3254 Dauid:

101 3287 272 3356 iustificeris
286 3288 318 3342 in
332 3288 508 3344 romanibus
523 3289 581 3344 tuis
595 3287 683 3357 (Paul.
701 3301 725 3352 u,
743 3286 781 3357 6),
798 3285 899 3359 idest:

99 3373 274 3444 justificando
289 3391 342 3442 me,
362 3391 442 3432 verus
460 3391 594 3446 appareas
623 3375 650 3429 in
676 3374 902 3446 promissionibus

103 3461 167 3517 tuis.
184 3462 254 3518 illud
269 3471 296 3518 ut
314 3464 349 3519 ad
372 3464 601 3520 continuationem
620 3462 718 3534 psalmi
741 3462 848 3536 legitur,
874 3461 902 3517 in

103 3568 159 3623 quo
172 3551 272 3624 agebat
286 3551 374 3608 David
388 3551 534 3608 multorum
555 3551 696 3609 criminum
720 3567 792 3616 reus,
817 3559 846 3606 ut
867 3549 902 3605 de

48 3640 52 3647 '
101 3639 256 3711 proditione
270 3639 374 3708 militis,
390 3641 425 3696 de
437 3649 524 3696 morte
537 3639 667 3712 proximi,
681 3641 715 3695 de
730 3639 823 3696 illicita
837 3654 902 3695 con·

103 3727 277 3799 cupiscentia
292 3736 319 3784 et
343 3728 480 3784 adulterio
501 3730 611 3802 agebat,
624 3729 759 3784 uthorum
781 3727 903 3783 omnium

104 3825 320 3888 consequeretur
338 3817 455 3884 veniam,
476 3817 510 3872 de
526 3832 581 3888 qua
594 3823 755 3874 certuserat
777 3832 827 3888 per
854 3831 902 3872 re·

102 3905 314 3975 promissionem
329 3904 381 3960 sibi
394 3905 430 3962 de
444 3905 551 3962 Christo
565 3904 673 3972 iactam,
699 3921 759 3978 quae
791 3904 827 3960 ad
854 3919 902 3960 eos

104 3992 194 4047 solnm
208 3993 280 4050 iacta
294 4001 336 4049 est
350 3993 396 4066 qni
416 4010 467 4066 per
493 3994 629 4049 Christum
654 3993 777 4050 salvandi
807 4000 901 4062 erant3

103 4081 176 4136 unde
187 4080 298 4137 confidit
311 4099 342 4138 se
357 4081 563 4138 emaculandum
578 4082 613 4138 ab
628 4083 680 4138 hoe
695 4082 818 4152 crimine,
832 4081 902 4138 alio·

951 3117 978 3163 ει
991 3111 1043 3165 hoc
1058 3109 1236 3181 impossibile.
1254 3111 1324 3165 Vere
1338 3110 1361 3164 si
1375 3110 1484 3182 iniquus
1499 3119 1541 3166 est
1562 3112 1647 3178 Deus,
1669 3129 1749 3168 mnn-

951 3197 1014 3252 dum
1029 3214 1083 3253 non
1094 3198 1236 3267 judicabit,
1254 3199 1317 3271 quia
1332 3214 1383 3255 uec
1399 3199 1556 3255 mesalum.
1587 3200 1629 3256 lie
1658 3209 1749 3257 autem

951 3286 1013 3341 ideo
1027 3302 1081 3342 non
1093 3286 1225 3355 judicabit
1239 3287 1273 3342 de
1286 3295 1409 3358 peccato,
1427 3287 1490 3359 quia
1506 3288 1546 3345 sic
1560 3288 1677 3362 gloriam
1691 3289 1749 3359 ejus

952 3390 1050 3448 augeo.
1061 3375 1090 3431 Si
1098 3376 1174 3431 enim
1183 3376 1215 3430 in
1225 3376 1447 3442 meamendaeio,
1456 3375 1530 3432 idest
1539 3385 1748 3448 proptermeum

951 3470 1093 3534 peccatum
1107 3479 1113 3517 :
1129 3464 1392 3520 abundauitveritos
1407 3465 1465 3529 Dei,
1473 3463 1500 3518 id
1510 3473 1551 3519 εει
1565 3464 1747 3520 abundantius

951 3550 1100 3606 ostenditur
1115 3551 1187 3606 Deus
1210 3568 1242 3606 ex
1259 3552 1373 3608 veritate
1401 3552 1591 3622 promissionis
1620 3568 1676 3608 suae
1704 3552 1748 3608 di-

951 3637 1060 3694 misisse
1071 3647 1194 3710 peccata.
1205 3638 1362 3695 abundavit
1371 3639 1433 3696 dieo
1440 3640 1472 3695 in
1482 3639 1572 3710 atarto
1580 3640 1669 3712 ipsius
1680 3639 1747 3696 Dei:

952 3727 1016 3798 quia
1029 3736 1130 3799 quanto
1143 3728 1223 3799 plura
1241 3728 1352 3797 dimisit,
1369 3736 1442 3784 tanto
1457 3726 1603 3801 gloriosior
1616 3727 1651 3783 de
1666 3728 1749 3785 mise·

952 3815 1071 3871 ricordia
1104 3816 1289 3889 cognoscitur.
1324 3817 1352 3873 si
1379 3817 1470 3888 utique
1491 3823 1635 3887 peecatum
1658 3832 1750 3872 meum

952 3919 1035 3960 causa
1049 3912 1091 3960 est
1105 3904 1275 3976 gloriaeejus,
1292 3906 1358 3978 quid
1368 3904 1469 3972 adbuc,
1480 3904 1507 3958 id
1516 3911 1557 3959 εει
1567 3919 1653 3975 quare
1667 3905 1750 3961 etiam

952 3993 979 4047 in
994 3994 1047 4050 hoe
1062 3994 1163 4050 mundo
1177 3998 1206 4050 et
1220 4011 1269 4065 ego
1285 3995 1325 4065 (ut
1338 3993 1405 4048 alios
1427 3992 1561 4064 omittam)
1573 3993 1696 4065 judicer,
1722 3993 1751 4049 id

953 4088 994 4136 est
1008 4091 1168 4138 contemnor
1181 4087 1317 4155 tanquam
1329 4084 1478 4155 peccator?
1493 4081 1630 4137 Deberem
1645 4081 1750 4154 depec-

103 4170 170 4242 quin
185 4169 258 4225 enim
272 4170 401 4244 indignus
416 4180 488 4228 esset
502 4171 590 4227 futura
600 4170 759 4228 salvatione.

141 4259 277 4314 Praeterea
290 4259 439 4315 notandum
453 4267 494 4315 est
508 4258 582 4332 quod
596 4275 658 4316 cum
673 4258 769 4327 Dauid,
799 4256 900 4313 nullum
952 4275 1007 4314 non
1022 4256 1135 4314 iacimus
1149 4258 1230 4326 mala,
1247 4266 1276 4314 ut
1285 4259 1354 4315 bona
1362 4257 1560 4315 misericordie
1574 4258 1624 4314 Dei
1638 4275 1689 4330 per
1698 4260 1751 4317 hoc

105 4348 279 4419 praetendens
301 4347 437 4418 meritum,
465 4364 497 4404 ειι
526 4347 586 4403 sola
612 4347 699 4419 gratia
726 4345 844 4404 confidat
872 4354 938 4415 sel)
952 4347 1060 4403 veniant
1074 4347 1101 4403 in
1116 4357 1302 4420 augmentum,
1317 4348 1392 4404 sicat
1413 4362 1463 4402 nos
1485 4346 1713 4420 blasphemamur
1735 4364 1751 4404 a

106 4436 276 4503 salvandum,
292 4451 377 4508 seque
390 4437 418 4492 iu
439 4435 561 4508 peccatis
584 4434 753 4503 confiteatur,
776 4450 830 4508 quo
853 4451 905 4491 ne·
955 4436 1119 4509 quibusdam
1133 4436 1268 4493 erederet
1282 4437 1361 4493 Sicut
1374 4434 1457 4490 etiam
1470 4451 1521 4491 nes
1534 4437 1619 4492 aiunt
1632 4435 1672 4491 illi
1687 4435 1750 4509 qui·

107 4539 153 4579 mo
169 4524 289 4580 sanctior
303 4524 369 4581 vixit
382 4525 410 4579 in
425 4524 498 4598 lege,
514 4525 651 4581 neminem
666 4541 700 4580 ειι
713 4523 809 4580 ιιιειίιο
823 4539 905 4596 ροεεε
954 4525 1017 4581 dem
1033 4541 1088 4580 non
1102 4524 1190 4580 solum
1205 4523 1328 4590 credere,
1345 4523 1394 4578 sed
1409 4523 1488 4579 etiam
1504 4524 1607 4589 dicere,
1631 4531 1657 4578 et
1677 4540 1751 4596 prae-

108 4612 219 4679 salvari,
235 4613 285 4668 sed
303 4629 353 4685 pet·
375 4613 463 4671 solam
485 4612 609 4687 gratiam.
633 4611 794 4669 iustificeris
814 4612 905 4686 utique
954 4613 1045 4668 dicare
1060 4614 1112 4669 hoc
1127 4612 1196 4678 aliis,
1208 4612 1442 4683 suciamusmala,
1456 4611 1484 4667 id
1499 4619 1541 4668 est
1555 4612 1676 4667 certatim
1687 4628 1752 4684 pec·

107 4700 134 4755 in
151 4700 323 4758 sermonibus
337 4702 400 4769 tuis,
416 4706 445 4759 et
459 4704 557 4759 vineas
565 4701 673 4774 impios,
689 4719 755 4759 eum
763 4701 905 4774 judicaris
955 4716 1058 4769 cemus,
1073 4701 1229 4757 utueniant
1243 4701 1324 4766 barra,
1333 4699 1361 4755 id
1376 4708 1418 4756 est
1432 4708 1461 4755 ut
1472 4702 1544 4756 Dens
1559 4700 1658 4757 habeat
1677 4702 1751 4774 quod

107 4789 142 4845 ab
157 4789 210 4844 illis
224 4805 281 4845 non
295 4806 356 4846 esse
384 4790 467 4846 Filius
494 4790 554 4861 Dei,
584 4806 645 4847 oum
673 4789 767 4846 vincas
794 4804 842 4845 eos
870 4786 905 4845 de
954 4788 1139 4860 multipliciter
1160 4787 1285 4844 remittat.
1315 4789 1467 4846 damnatio
1499 4805 1616 4862 querum
1639 4788 1677 4845 ita
1700 4805 1751 4847 nos

106 4878 160 4934 boe
180 4876 355 4947 justificando
369 4879 494 4936 homines
514 4878 740 4951 sicutpromisist.
762 4877 838 4935 21
856 4875 907 4933 Vel
955 4876 1198 4947 blasphemantium
1209 4879 1290 4949 justa
1304 4880 1358 4945 est,
1387 4877 1415 4932 id
1443 4886 1484 4934 est
1507 4878 1579 4947 juste
1604 4878 1752 4935 damnandi

106 4967 201 5023 vineas
228 4983 291 5023 cum
315 4967 457 5039 judicaris,
487 4968 515 5023 id
542 4976 584 5024 est
609 4967 783 5040 participaris
812 4964 903 5034 alicui,
954 4972 1016 5021 sunt
1030 4981 1080 5037 pro
1095 4966 1145 5021 hac
1173 4965 1349 5038 blasphemia.
1367 4965 1437 5035 Quia
1452 4965 1475 5021 si
1485 4982 1536 5037 pro
1550 4975 1661 5038 peccato
1688 4967 1750 5023 ble-

106 5063 135 5110 ut
149 5055 226 5112 mihi.
242 5054 324 5112 Aiunt
351 5056 424 5113 enim
451 5072 495 5112 me
523 5071 577 5112 non
608 5056 766 5112 salvandum
793 5061 906 5126 propter
954 5054 1084 5125 sphemiae
1095 5054 1364 5125 jndicohosdebere
1387 5054 1523 5125 damnari,
1548 5063 1654 5112 constat
1678 5055 1751 5130 quod

107 5152 260 5215 peccatum,
276 5144 337 5201 licet
351 5144 418 5199 mibi
432 5144 615 5215 repromissus
630 5144 677 5199 sis.
703 5144 753 5200 Hic
776 5143 905 5215 quiddam
954 5158 1008 5199 uon
1023 5142 1142 5214 praedico
1156 5143 1230 5214 quod
1243 5159 1357 5214 peccare
1372 5143 1475 5200 bonum
1490 5143 1534 5198 sit.
1551 5144 1584 5200 Hi
1599 5153 1690 5200 autem
1705 5143 1751 5217 qui

106 5231 261 5306 ingreditur
276 5231 383 5299 Paulus,
400 5232 472 5305 quod
487 5234 522 5288 ab
533 5232 762 5305 inceptoaliennm
778 5231 902 5298 videtum
954 5230 1160 5287 sic‘sentiebant
1174 5231 1208 5287 de
1222 5231 1421 5298 misericordia,
1437 5232 1464 5287 in
1479 5232 1668 5289 misericordia
1689 5248 1751 5289 esse

105 5320 299 5392 imponebatur
312 5321 385 5377 enim
399 5321 452 5393 ipsi
466 5328 492 5376 et
506 5320 566 5377 aliis
581 5321 719 5394 apostolis,
736 5320 810 5393 quod
825 5320 905 5377 doce·
953 5319 1069 5392 gratiam
1084 5319 1133 5375 Dei
1148 5319 1342 5392 praedicabant.
1368 5320 1439 5390 Quia
1462 5321 1586 5394 superius
1608 5319 1752 5392 probatum

105 5418 167 5466 rent
182 5409 285 5466 bonum
301 5424 503 5482 campanense,
520 5409 582 5481 quia
606 5417 706 5482 quanto
720 5409 798 5480 plura
812 5416 904 5466 essent
953 5416 995 5465 est
1016 5425 1124 5466 omnem
1148 5409 1285 5466 hominem
1308 5425 1371 5466 esse
1393 5410 1564 5480 mendacem,
1580 5417 1606 5464 et
1628 5408 1752 5466 Jndaeum

953 4180 1014 4227 cato
1028 4170 1081 4227 hoc
1091 4171 1215 4242 argui,iu
1224 4186 1278 4243 quo
1293 4185 1381 4242 augeo
1392 4168 1508 4242 gloriam
1519 4170 1570 4225 Dei
1580 4170 1595 4225 l
1605 4171 1657 4226 Cur
1671 4171 1751 4228 etiarn
1848 4158 1852 4166 ¹
