3742 5986
111 236 165 290 769
640 229 723 288 Vl‘l'A
742 227 771 286 S.
791 225 951 285 HUGONIS
969 224 1229 288 chamavovot..
1705 240 1759 296 770

110 351 273 426 contemptis
289 351 426 419 omuibus,
442 351 520 409 cnse
534 351 584 410 bai
603 351 661 424 (ll)
674 350 777 408 ordinis
797 349 942 411 Clunia-A
958 350 1046 408 Deum
1075 368 1132 409 suae
1159 351 1310 424 dignationi
1333 352 1517 412 habitaculum
1543 366 1757 436 construentem,

111 441 203 500 censis
217 440 303 498 factus
325 448 367 498 est
381 440 530 498 monachus
547 455 554 497 :
570 437 608 496 ibi
623 439 724 512 quippe
743 440 831 509 maius
845 447 910 495 ωηο
960 440 1054 496 stellas
1064 442 1144 497 etiarn
1155 449 1260 514 septem
1272 441 1398 498 ducatum
1409 443 1461 498 sibi
1472 453 1633 515 prestantes
1642 450 1756 511 itineris.

111 529 289 603 pauperitatis
312 537 339 586 et
363 528 522 584 humilitatis
546 527 666 584 studium
687 526 835 585 visebatur.
857 526 909 584 Ubi
959 530 1045 584 Erant
1058 545 1124 587 vero
1149 538 1175 587 et
1197 529 1226 585 hi
1247 537 1362 602 septem.
1389 530 1561 606 Quapropter
1573 551 1628 593 non
1642 539 1757 598 istorum

111 625 281 685 punctorum,
305 632 422 690 quorum
442 615 545 672 ibidem
569 614 663 672 aderat
686 615 774 687 copia,
790 615 910 671 virorum
960 624 1074 684 tantum,
1091 617 1139 674 sed
1154 625 1182 674 et
1195 618 1242 690 qui
1256 626 1446 675 successerunt
1456 621 1628 689 eis,consilia
1640 627 1759 688 libenter

110 721 260 763 succensus
269 704 411 776 exemplis,
421 719 523 777 eosque
534 704 601 771 suis,
614 719 768 777 quanquam
778 703 907 771 novitius,
958 705 1098 776 amplexus
1113 712 1164 771 est,
1186 714 1214 762 et
1227 723 1314 779 usque
1328 707 1363 762 ad
1378 716 1494 765 mortem
1510 710 1659 772 Caribusiae
1674 717 1755 775 habi-

110 810 165 851 non
180 793 268 849 minus
288 793 348 865 ipse
368 792 550 860 succendens,
564 808 665 848 annum
678 791 763 858 fecit;
779 807 841 848 cum
856 807 908 848 cae·
959 800 1060 850 totores
1074 793 1195 850 consiliis
1209 793 1276 850 fovit
1289 810 1400 867 semper
1413 805 1440 852 et
1454 797 1604 857 beneficiis.

110 882 178 939 teris
201 881 289 948 bouis,
317 889 374 937 tum
399 881 535 953 prreoipue
563 881 713 937 humilitate
742 881 830 950 (eujus
850 895 908 951 prae
995 885 1038 937 lh.
1054 881 1128 938 Licet
1148 897 1214 939 vero
1237 890 1265 938 et
1278 882 1355 954 prius
1371 884 1455 940 divini
1471 889 1573 944 amoris
1586 897 1658 948 totus
1672 894 1754 952 arde-

110 969 215 1028 cunctis
229 969 375 1026 virtutibus
385 976 502 1026 sectator
516 969 616 1026 exstitit
626 968 792 1038 indefessus)
803 967 908 1024 cunctis
957 976 1001 1025 ret
1014 969 1159 1041 incendiis,
1175 985 1230 1026 non
1245 971 1323 1027 aliter
1330 979 1421 1028 teman
1429 973 1464 1029 ad
1474 974 1626 1048 disciplina
1634 982 1755 1040 coelestis

110 1057 245 1114 amabilis.
264 1058 304 1113 lta
317 1073 434 1130 namque
449 1072 510 1114 sese
520 1058 636 1129 gerebat
645 1064 675 1113 ut
683 1063 841 1113 cunctorum
851 1055 908 1110 imi·
957 1056 1088 1114 exercitia
1110 1073 1205 1115 eorum
1229 1059 1361 1131 exemplis
1382 1068 1409 1116 at
1428 1061 1611 1124 familiaritate
1624 1067 1754 1129 inferbuit

108 1146 210 1203 tatione
224 1145 329 1218 pariter
343 1154 370 1203 et
383 1146 557 1203 veneratione
575 1145 675 1218 dignus
691 1144 827 1201 existeret.
843 1143 907 1201 Post
958 1159 1039 1218 quam
1054 1145 1077 1201 si
1091 1145 1241 1202 flammanti
1257 1147 1376 1219 quisfaci
1386 1149 1479 1220 plures
1489 1151 1674 1227 circumponat
1685 1158 1753 1217 alias
1801 1224 1807 1233 ,
1844 1206 1850 1215 ,

109 1234 162 1292 boc
177 1242 303 1309 cogente,
319 1233 364 1307 qui
380 1241 584 1302 reremaneret,
596 1232 907 1303 memoratosedisapo·
957 1233 1096 1290 ardentes.
1119 1235 1186 1291 Erat
1204 1251 1267 1291 cum
1290 1236 1340 1303 eis,
1363 1252 1418 1293 non
1437 1246 1467 1294 ut
1489 1239 1616 1299 dominus
1630 1253 1676 1301 aut
1690 1249 1752 1320 epi-

111 1321 217 1379 stolicae
238 1321 356 1395 praesuie
379 1322 515 1396 Gregorio
529 1320 655 1394 septimo,
670 1320 706 1377 ad
719 1321 906 1393 episcopatum
957 1335 1066 1392 scopus,
1093 1322 1142 1378 sad
1164 1332 1193 1379 ut
1217 1323 1307 1380 socius
1327 1331 1355 1380 et
1376 1325 1463 1382 frater
1484 1328 1660 1402 humillimus,
1675 1343 1703 1392 at
1717 1337 1753 1394 ad

109 1425 127 1467 a
141 1410 318 1478 monasterio,
334 1425 387 1483 quo
407 1410 515 1467 fervens
527 1408 685 1479 intraverat,
701 1407 851 1465 ferventior
865 1415 907 1464 est
957 1418 1126 1479 cunctorum,
1142 1419 1273 1483 qnantum
1288 1412 1315 1466 5¹¹
1329 1412 1390 1484 59⁸⁰
1405 1422 1475 1481 “ab
1490 1417 1621 1492 ⁰b⁵0f¹1³⁸
1635 1425 1753 1493 pmii*

108 1513 246 1565 reversus,
272 1513 305 1555 ex
320 1497 401 1554 unius
415 1499 479 1554 anui
495 1497 591 1554 studiis
605 1504 679 1553 tauta
692 1496 799 1554 virtutis
813 1496 906 1552 incre·
957 1499 1052 1565 simus,
1064 1498 1133 1555 adeo
1140 1506 1171 1555 ut
1178 1499 1221 1556 vir
1231 1500 1396 1556 venerabilis
1407 1501 1588 1575 Guilhelmus,
1601 1510 1677 1580 prior
1688 1521 1753 1572 tunc

108 1594 203 1644 menta
217 1593 371 1658 reportans,
388 1593 488 1659 quanta
503 1585 538 1642 de
548 1584 755 1642 diutumaavita
765 1583 906 1641 laboribus
956 1586 985 1642 S.
1002 1587 1147 1656 laurentii,
1163 1596 1257 1659 postea
1272 1589 1301 1644 S.
1317 1589 1464 1647 Theofredi
1478 1593 1536 1665 (20)
1549 1594 1644 1667 abbas,
1660 1601 1753 1675 magi·

106 1673 153 1733 rix
167 1673 288 1731 assolent
309 1672 406 1743 multi3'
419 1690 470 1747 pro
494 1673 615 1731 claustro
633 1673 942 1759 circumspectionemB
957 1682 1014 1730 stro
1029 1674 1148 1732 brunoni
1160 1675 1241 1731 etiam
1254 1675 1313 1747 ipse
1327 1676 1455 1749 religiosa
1469 1680 1614 1741 devotione
1628 1701 1683 1744 non
1692 1704 1750 1749 me·

106 1763 211 1820 habens
225 1762 401 1838 pervigilem,
418 1778 471 1835 qua
484 1777 540 1819 non
554 1770 657 1819 tantum
672 1761 713 1817 sui
728 1776 826 1817 sensus
840 1774 905 1818 cor·
956 1762 1086 1823 diocriter
1104 1763 1239 1837 alligatus,
1260 1766 1290 1819 B.
1312 1765 1436 1838 Hugonis
1459 1770 1663 1831 contubernalis
1683 1777 1753 1849 (bini

106 1850 193 1922 poris,
218 1850 268 1908 sed
291 1858 319 1907 et
333 1850 504 1925 cognitiones
519 1848 711 1923 comprimeret
729 1849 839 1915 cordia,
854 1864 905 1920 pro
956 1852 1057 1923 quippe
1076 1859 1141 1909 ωηο
1161 1867 1211 1924 per
1233 1852 1355 1926 singulas
1379 1854 1567 1914 inhabitabant
1580 1862 1665 1919 cellas
1678 1868 1751 1937 apud

110 1938 213 1996 abbate
231 1937 374 2009 justitiam,
399 1938 504 2008 acujus
527 1938 664 1994 mandatis
687 1951 740 1994 nec
765 1937 904 2009 prosperis
954 1941 1115 2013 magistrum
1140 1941 1315 2012 Brunonam),
1339 1957 1393 1998 nou
1416 1942 1513 2002 leviter
1536 1961 1752 2022 conquereretur

109 2042 232 2100 unquam
245 2027 332 2099 potuit
346 2041 398 2085 nec
412 2027 537 2085 adversis
552 2025 668 2094 abduoi;
683 2040 735 2096 pro
749 2040 905 2098 constetit·
955 2024 1029 2096 ‘1¹¹0‘l
1042 2041 1113 2097 pene
1127 2025 1226 2090 ⁰¹¹¹¹²i⁸2
1242 2026 1277 2081 ld
1292 2026 1471 2084 humilitatem
1492 2035 1654 2102 memmii,
1677 2039 1751 2098 iniri

106 2114 181 2173 riona
192 2122 282 2171 autem
292 2113 440 2189 rehgiosos
449 2114 569 2188 (quibus,
581 2120 694 2187 propter
702 2112 770 2169 illud
784 2129 791 2168 ε
809 2135 821 2161 α
837 2113 905 2169 Cum
954 2112 1052 2170 cellam
1060 2113 1112 2168 sibi
1119 2114 1280 2186 praeriperet
1287 2113 1425 2183 officis;et
1435 2117 1639 2191 episcopusnou
1645 2140 1749 2198 secum,

107 2210 204 2260 sancto
217 2211 327 2261 sanctus
342 2203 407 2273 eris,
423 2210 450 2260 et
464 2218 526 2260 cum
540 2203 601 2260 viro
615 2202 760 2259 innocente
773 2201 905 2257 innocens
954 2202 1050 2257 saltem
1063 2208 1093 2257 ut
1108 2200 1209 2268 socius,
1225 2201 1275 2258 sod
1289 2203 1379 2273 potius
1394 2216 1604 2267 conversaretur
1617 2220 1647 2268 ut
1660 2213 1751 2273 famu·

109 2291 166 2348 eris
187 2289 224 2365 [ῃ
245 2294 310 2364 1309,
332 2306 407 2360 xxrt,
428 2290 484 2364 261,
504 2305 626 2348 ‚carere
647 2305 787 2362 nunquam
810 2288 907 2359 voluit)
954 2289 1005 2356 lus,
1021 2305 1077 2347 non
1090 2289 1173 2347 licere
1187 2289 1750 2376 sibitristisasserensexservilibusope·

107 2379 209 2450 socios,
234 2380 289 2436 imo
314 2387 398 2437 totam
417 2378 610 2438 universaliter
633 2377 797 2445 Ecclesiam,
823 2392 905 2450 quam
954 2377 1031 2433 ribus
1046 2376 1194 2449 quidquam
1215 2379 1358 2452 attingere,
1381 2383 1529 2453 quaejuxta
1543 2401 1647 2444 morem
1662 2391 1750 2450 debe-

108 2472 165 2524 tam
184 2468 299 2526 sincerae
313 2467 468 2524 dilectionis
490 2467 722 2540 complectebatur
745 2465 853 2534 affectu,
876 2473 905 2521 ut
954 2465 1019 2521 bant
1032 2482 1083 2536 per
1096 2467 1170 2541 vices
1190 2465 1306 2536 edicere,
1327 2484 1360 2524 eo
1384 2468 1437 2525 sibi
1455 2480 1551 2529 cuncta
1564 2478 1749 2550 preripiente.

105 2556 167 2627 ejus
181 2571 233 2614 nep
255 2555 374 2614 adversa
398 2572 448 2613 naa
471 2571 606 2629 prospera
627 2555 798 2613 inconcussis
812 2561 905 2626 posset
954 2555 1101 2638 intantum
1116 2563 1205 2611 autem
1219 2571 1339 2612 eremum
1354 2557 1472 2615 devotus
1481 2559 1618 2620 incolebat
1628 2567 1748 2640 sedulm,

105 2644 227 2703 polemo
236 2644 395 2702 visceribus,
406 2645 478 2702 Nam
485 2646 563 2715 juxta
572 2644 639 2700 illud
649 2641 774 2715 apostoli
790 2660 797 2699 :
811 2663 823 2694 s
837 2641 905 2713 Quis
953 2650 983 2698 ut
997 2658 1059 2698 eurn
1074 2643 1207 2716 magister
1220 2644 1310 2700 liruno
1324 2658 1519 2719 nonnunquam
1534 2652 1610 2710 exire
1625 2657 1749 2729 compel-

106 2731 270 2801 infirmatur,
285 2740 312 2791 et
327 2749 381 2807 ego
394 2748 450 2789 non
460 2732 607 2789 infirmor?
622 2732 684 2806 quis
692 2731 902 2798 scandalizatur,
953 2729 1043 2788 leret:
1061 2753 1073 2780 a
1095 2731 1142 2797 lte,
1165 2730 1270 2799 dicens,
1294 2732 1332 2788 ite
1353 2733 1389 2789 ad
1412 2750 1479 2792 oves
1502 2747 1628 2810 vestras;
1643 2744 1747 2818 aisque,

105 2828 134 2877 et
147 2835 201 2895 ego
214 2836 270 2877 non
283 2820 391 2877 orori»
407 2821 445 2893 (ll
457 2820 519 2877 Cor.
531 2835 572 2887 xi,
584 2821 641 2892 29),
653 2835 765 2894 semper
773 2818 905 2877 Ecclesiae
951 2818 1025 2892 q1¹0d
1041 2818 1157 2886 debtfib
1173 2819 1314 2877 0¹³⁰lliie·
1333 2842 1345 2872 ³
1361 2822 1404 2878 ΕΟ
1418 2830 1550 2898 tenlimes
1562 2844 1669 2903 misni?
1679 2848 1748 2904 ΡΜ·

102 2917 129 2966 ct
144 2908 284 2966 laetabatur
296 2907 436 2982 prosperis
449 2916 478 2966 et
491 2909 669 2982 torquebatur
681 2908 816 2966 adversis.
953 2908 1064 2978 pertatis
1079 2916 1106 2966 et
1118 2907 1276 2965 humilitatis
1290 2908 1390 2966 ardore
1406 2928 1564 2984 succensus,
1581 2919 1665 2976 voluit
1675 2923 1750 2994 equi·

138 2999 182 3055 ff.
199 2997 229 3053 fn
244 2997 287 3055 his
302 2995 411 3071 agebat,
436 3005 464 3054 et
485 3010 551 3055 ecce
565 2997 652 3054 tribus
667 2995 784 3054 necdum
798 2996 827 3052 in
842 2995 903 3068 epi·
952 3002 1056 3052 mimas
1070 3012 1133 3052 suas
1147 3005 1258 3054 cuncus
1275 2997 1405 3068 vendere,
1431 3008 1467 3070 et,
1481 3003 1570 3061 diviso
1584 3010 1749 3080 pauperibus

105 3093 231 3158 scopatu,
247 3093 309 3161 post
331 3085 490 3143 monasterii
512 3086 639 3154 reditum,
654 3084 799 3157 completis
812 3085 900 3152 annis,
914 3055 939 3118 Ο
952 3084 1051 3155 pretio,
1067 3084 1187 3156 propriis
1201 3085 1317 3156 pedibus
1333 3086 1361 3142 in
1376 3088 1569 3159 predicatione
1581 3094 1747 3157 discurrere·

106 3173 185 3230 adest
198 3173 332 3248 magister
347 3176 441 3231 Bruuo
455 3175 522 3246 (fd),
538 3173 581 3231 vir
592 3173 726 3247 religione
736 3172 902 3245 scientiaque
953 3172 1008 3228 Sed
1021 3173 1104 3228 homo
1126 3172 1252 3244 profundi
1267 3174 1369 3242 cordis,
1385 3178 1516 3251 magister
1530 3182 1620 3240 amno
1634 3186 1747 3258 scilicet,

106 3260 239 3329 famosus,
263 3262 413 3319 honestatis
439 3270 465 3319 et
489 3261 632 3335 gmritatis
646 3276 679 3318 ac
692 3260 776 3318 totius
790 3261 902 3316 maturi-
952 3261 1030 3330 cujus
1043 3260 1167 3317 consiliis
1182 3277 1238 3317 non
1247 3260 1328 3318 aliter
1336 3280 1417 3337 quam
1425 3269 1570 3341 preceptis
1580 3271 1760 3347 obtempera.

104 3349 167 3406 tatis
190 3349 269 3423 quasi
293 3350 433 3424 quoddam
456 3350 640 3407 simulacrum.
662 3348 786 3405 ilabebat
810 3356 901 3405 autern
952 3348 998 3403 hat
1011 3349 1128 3415 obbatis,
1145 3365 1200 3405 non
1215 3351 1363 3419 consensit,
1380 3353 1480 3412 timens
1490 3373 1524 3413 ne
1532 3360 1605 3432 apud
1614 3377 1645 3418 se
1654 3362 1748 3422 forsan

103 3437 196 3495 socios
210 3437 373 3512 magistrum
384 3438 553 3495 landuinum
568 3438 627 3511 (qui
642 3445 704 3510 post
714 3453 776 3494 eum
788 3437 902 3493 carthu-
952 3437 1137 3506 extolleretur,
1161 3445 1207 3494 aui
1220 3452 1238 3494 a
1251 3440 1356 3496 caera
1374 3441 1410 3500 de
1429 3443 1618 3516 singularitate
1638 3452 1748 3522 judica-

69 3577 72 3581 ,
108 3525 157 3583 siae
174 3526 252 3599 prior
270 3527 394 3598 exstitit),
420 3527 489 3585 duos
510 3527 672 3599 Stephanos,
692 3527 862 3600 burgensem
876 3533 903 3582 et
952 3526 1185 3599 ratureviswvis·
1201 3528 1748 3613 ⁸¹¹¹(qu0ddub1um110sseffliiidipfflm

105 3612 235 3671 mensem
248 3613 288 3687 (hi
304 3615 333 3671 s.
349 3613 410 3673 Rufi
425 3617 482 3686 (te)
497 3615 621 3672 canonici
635 3613 751 3682 fuerant,
768 3614 818 3671 sed
831 3613 902 3670 desi·
950 3623 1062 3686 propter
1076 3615 1251 3687 asperitatem
1270 3624 1297 3671 et
1311 3616 1523 3690 inequalitatem
1536 3623 1662 3682 itinerum
1678 3642 1747 3687 con·

103 3701 180 3759 dario
194 3701 257 3759 vitae
282 3702 410 3760 solitaria
433 3703 468 3773 ei,
488 3703 588 3760 abbate
611 3703 729 3770 favente,
755 3718 817 3760 sese
836 3717 902 3758 con·
952 3717 1088 3760 summare
1102 3713 1273 3775 ⁰011P0⁵⁸0¹·
1419 3772 1424 3779 .

102 3789 273 3862 junxerant),
297 3791 441 3864 Hugonem
466 3792 559 3861 ctiam,
575 3807 657 3865 quem
671 3790 902 3866 cognominabant
988 3794 1032 3846 13.
1047 3791 1158 3848 Factum
1182 3800 1223 3849 est
1243 3800 1346 3863 autem,
1371 3804 1409 3862 ut,
1425 3797 1490 3854 dum
1505 3802 1668 3875 contemptis
1683 3819 1747 3862 car·

103 3877 291 3951 Capellanum,
307 3880 429 3953 eoquod
443 3879 519 3936 solus
533 3895 567 3937 ex
580 3880 621 3937 eis
634 3880 786 3938 sacerdotis
800 3879 900 3953 funge-
951 3878 1067 3947 adibus,
1085 3880 1235 3951 spiritualia
1257 3882 1316 3939 nelo
1331 3882 1496 3943 ferventiore
1510 3897 1672 3960 sectaretur,
1689 3911 1748 3967 pra

103 3973 180 4023 retur
192 3965 298 4035 officio;
315 3968 385 4023 duos
399 3967 492 4036 laicos,
509 3983 579 4041 quos
592 3968 762 4041 appellamus
777 3969 901 4026 Conver-
951 3967 1042 4024 nimiis
1056 3968 1168 4041 vigiliis,
1182 3969 1293 4039 jejuniis
1305 3979 1333 4028 et
1347 3970 1520 4044 lectionibus,
1537 3979 1708 4039 orationibus
1722 3991 1749 4041 et

102 4070 159 4123 sos,
171 4055 308 4112 andream
320 4055 794 4127 etGuarinnm.Quaerehautautam
812 4056 901 4113 locum
950 4056 1180 4127 meditationibus,
1200 4066 1228 4114 at
1248 4058 1361 4133 reliquis
1381 4063 1470 4119 sacris
1494 4068 1747 4143 exercitationibus,

99 4142 251 4201 'eremiticae
264 4143 327 4201 vitae
349 4159 511 4217 congruum,
536 4144 707 4218 necdumque
729 4152 899 4216 repererant.
951 4144 1049 4216 capitis
1062 4153 1090 4200 et
1105 4145 1238 4202 stomachi
1259 4148 1453 4220 gravissimam
1466 4152 1607 4212 decideret
1620 4157 1649 4212 in
1662 4160 1748 4232 argri-

102 4230 162 4287 llac
175 4247 243 4305 ergo
264 4248 324 4305 spe,
340 4233 422 4288 simul
437 4241 463 4289 et
478 4233 556 4290 suavi
571 4240 673 4291 sauctae
685 4232 902 4291 conversationis
951 4232 1081 4299 tudinem,
1103 4234 1180 4304 cujus
1204 4234 1338 4292 molestiis
1361 4245 1389 4294 et
1411 4239 1593 4310 cruciatibus,
1608 4244 1683 4302 omui
1694 4245 1749 4306 fide

102 4319 162 4388 aius
176 4319 262 4377 odore
284 4320 417 4388 trahente,
442 4320 479 4378 ad
502 4320 591 4378 virum
619 4329 741 4378 sanctum
756 4328 898 4378 venerunt.
951 4318 1182 4392 frequentioribus
1204 4329 1231 4377 et
1258 4323 1419 4392 acrioribus,
1443 4342 1494 4398 per
1515 4331 1694 4405 quadraginta
1712 4336 1749 4393 ad

101 4405 178 4476 Quos
191 4407 237 4464 ifle
253 4423 308 4466 non
323 4409 411 4466 solum
419 4417 561 4482 gramnter
572 4410 621 4466 sed
631 4417 659 4466 et
669 4417 829 4466 reverenter
838 4425 899 4465 sus·
912 4407 1040 4467 Dmiuus
1054 4424 1151 4477 annos,
1167 4411 1258 4483 quoad
1271 4410 1348 4481 vixit,
1363 4429 1537 4487 nequaquam
1551 4421 1648 4491 ceruit,
1665 4431 1749 4498 atqua

101 4495 184 4568 cepit,
201 4496 336 4564 tractavit,
353 4505 381 4555 et
394 4498 449 4555 voti
463 4506 603 4571 compotes
617 4498 690 4554 fecit.
706 4498 769 4570 Ipso
781 4513 900 4569 namque
950 4497 988 4553 ita
1001 4498 1037 4553 ad
1050 4496 1135 4567 illum,
1152 4498 1231 4568 eujus
1243 4514 1328 4571 sulm
1343 4502 1526 4575 meminimub
1543 4506 1651 4570 ⁵⁰²⁸ssae
1664 4527 1749 4586 ⁸⁰80·

100 4583 271 4653 consulente,
291 4586 412 4656 iuvante,
434 4587 590 4654 comitante,
607 4587 759 4644 Carthasim
772 4586 900 4643 solitudi·
949 4585 1016 4653 lum,
1032 4601 1087 4658 quo
1100 4586 1277 4659 multiplicius
1291 4588 1478 4662 colaphizatus
1496 4594 1587 4652 minus
1601 4598 1748 4658 extollere·

100 4687 166 4728 nem
179 4672 348 4731 intraverunt
370 4682 451 4748 atque
465 4682 666 4732 exstruxerunt.
682 4675 794 4731 Viderat
808 4681 900 4731 autem
950 4682 1004 4742 tur,
1019 4674 1089 4731 aiter
1104 4683 1147 4732 est
1170 4676 1287 4732 additus.
1314 4676 1451 4747 Quantum
1473 4690 1565 4741 autem
1585 4686 1629 4741 his
1643 4687 1749 4746 duabus

98 4757 172 4816 circa
187 4759 215 4816 id
238 4768 346 4843 tempus
369 4777 419 4835 per
442 4762 579 4820 somnium
599 4762 628 4818 in
642 4761 738 4818 eadem
754 4761 900 4818 solitudine
950 4761 1149 4833 afflictionibus,
1166 4765 1316 4825 ωηωῑίοηο
1328 4766 1495 4827 videlicetet
1503 4772 1675 4845 egritudine,
1689 4783 1748 4833 tan·

100 5006 118 5051 q
136 4934 189 5055 w)
202 4939 322 4991 casa-bei
343 4941 516 4993 monasterium
537 4941 562 4992 in
583 4940 714 5000 Arvernia,
736 4938 863 4991 fundatum
885 4952 900 4990 a
949 4940 1019 5003 Eupo
1031 4938 1098 4992 credi
1111 4939 1191 4992 maius
1202 4940 1228 4991 in
1241 4941 1332 4994 scholis
1344 4938 1422 4994 fuisso
1435 4944 1544 5006 marhtri
1557 4945 1685 5001 brunonis
1699 4970 1711 4995 .

162 5006 244 5057 oberto
256 5006 335 5070 primo
346 5006 436 5058 ibidem
449 5008 549 5070 abbata,
571 5010 666 5058 mortuo
685 5018 749 5058 anuo
773 5007 848 5069 ¹058,
860 5005 900 5057 dia
984 5033 1036 5097 (49)
1050 5035 1109 5087 pm
1121 5037 1172 5086 mm
1185 5036 1232 5087 Μ
1243 5037 1270 5087 s,
1283 5034 1338 5089 [ψῃ
1351 5039 1522 5091 mmmmm
1533 5040 1564 5092 ag
1577 5055 1659 5094 muro,
1679 5045 1748 5097 appr,

100 5072 633 5204 atratascastebach
650 5073 900 5206 artavadus
948 5101 1302 5222 aggravasse.
1315 5102 1346 5152 η
1364 5102 1677 5174 ηηηηηο
1690 5111 1747 5164 η
1831 5147 1834 5151 -

100 5205 287 5258 ⁶³³¹⁰⁸³⁰¹¹⁸⁰¹¹¹‘
982 5260 1035 5322 (ao)
1059 5263 1234 5316 nonasterium
1255 5265 1282 5316 s.
1305 5266 1452 5332 suessan,
1473 5282 1487 5320 a
1508 5269 1539 5322 s.
1556 5270 1746 5323 minutiones

135 5323 259 5389 (fdillac
281 5322 354 5375 iatius
379 5325 519 5376 refemntur
540 5325 565 5376 in
583 5324 639 5376 Vita
661 5326 687 5376 S.
709 5326 837 5387 Emensis,
867 5324 899 5376 ad
947 5331 1112 5381 arvernorum
1125 5333 1291 5393 exstructum,
1305 5345 1348 5384 san
1360 5333 1436 5385 leucis
1446 5335 1522 5389 distat
1533 5337 1626 5400 hodio,
1639 5337 1746 5400 insutus

100 5390 257 5452 doatobris,
279 5391 337 5442 hinc
359 5391 391 5443 ob
409 5392 576 5443 sinceritatem
596 5395 622 5443 et
641 5392 811 5457 antiquitatem
832 5391 899 5443 illus·
948 5394 1107 5446 astdioecesi.
1132 5397 1250 5450 coluntur
1273 5400 1301 5451 S·
1324 5397 1457 5453 Calmimus
1479 5403 1510 5455 tt
1527 5404 1645 5468 Augusti,
1667 5407 1693 5455 et
1716 5404 1746 5456 S.

96 5457 199 5510 armos.
220 5457 298 5510 bibi
318 5458 417 5522 speculi
437 5457 591 5524 conbusta,
612 5469 667 5522 cap.
680 5459 713 5521 c,
733 5457 847 5511 delur·
869 5459 896 5511 S.
948 5460 1101 5514 theotrocus
1112 5463 1145 5514 ts
1155 5465 1218 5528 aug.
