3742 5986
101 175 154 232 323
369 173 397 229 S.
414 171 592 230 BRUNONIS
610 166 935 230 caarflustaaloltuu
961 167 1203 229 INSTITUTORIS
1229 170 1305 228 OPP.
1335 170 1424 228 PARS
1438 169 1476 227 11.
1695 169 1750 226 226

103 297 182 367 recti,
202 297 376 353 adhaerebant
398 296 640 371 pseudomagistris
659 312 665 350 ε
682 311 840 352 memorans
854 292 899 348 hic
912 294 941 353 A
950 292 1063 364 sionem,
1076 299 1105 352 ει
1119 295 1191 352 volui
1200 312 1302 368 paruos
1317 295 1442 351 transire
1452 295 1484 350 in
1494 293 1686 350 Macedonium
1701 295 1749 348 :ei

105 401 188 458 quam
202 385 285 459 digne
310 394 487 441 conversatus
510 386 544 440 sit
557 386 629 456 apud
651 401 708 442 eos:
725 393 750 441 et
766 383 903 457 quomodo
951 384 1298 448 nlluccdoninrevertens,
1315 382 1504 439 iterumvolui
1522 384 1618 438 vcnirc
1633 381 1669 436 ud
1680 396 1747 437 uos:

102 473 130 528 in
145 474 220 530 nullo
233 474 327 546 gravis
352 473 434 528 luerit
450 473 489 529 eis
505 490 520 528 a
537 475 634 546 quibus
648 490 699 531 nec
714 473 840 530 victualia
854 489 902 528 re·
952 475 1008 527 ctu
1021 474 1094 529 coiis
1110 473 1183 528 volui
1197 473 1298 529 deduci
1311 474 1343 529 in
1359 473 1495 528 Judaeum.
1507 471 1541 525 Et
1553 469 1615 541 quia
1628 468 1749 540 sicprius

104 562 176 633 cepit
190 562 284 618 dicens
299 583 308 618 :
325 563 435 634 dignum
458 561 551 634 utique
573 571 623 629 est,
643 571 673 617 ιιι
696 564 800 636 gratias
814 561 902 634 agatis
952 559 1025 615 volui
1042 579 1048 615 ε
1064 562 1360 633 erpocnmvoluissem
1371 561 1431 627 lior,
1443 559 1471 615 id
1482 565 1524 616 est
1539 558 1631 614 venire
1644 557 1747 623 advos,

103 666 152 722 pro
167 651 246 705 uobis
263 669 269 705 ε
286 666 350 705 nam
364 666 415 705 nos
430 651 590 707 conversali
604 667 701 706 sumus
716 651 792 723 opud
806 667 851 706 nos
871 651 903 705 in
952 649 1156 721 nunquidnam
1171 665 1233 705 snm
1244 650 1367 715 leuitate,
1378 648 1442 720 quia
1452 646 1578 703 nonveni
1588 646 1658 703 sicut
1674 645 1751 716 prius

102 739 288 810 simplicitate
303 740 512 795 etsinceritute.
525 739 578 793 Sed
589 739 748 811 priusquam
758 738 901 805 hoedioat,
954 736 1025 791 volui
1043 738 1194 810 thutqnia
1205 752 1260 792 uon
1274 737 1346 803 veni,
1364 754 1402 792 nn
1417 750 1451 791 ea
1466 751 1527 809 ιεε
1545 735 1633 807 cogito
1653 749 1751 790 sccun-

104 827 242 898 praemittit
264 826 447 893 testimonium
471 827 550 895 hujus
568 827 618 893 rei,
639 827 733 884 dicens
750 843 756 882 ε
772 829 807 881 Et
816 827 840 881 si
853 842 903 882 vos
953 826 1020 881 dum
1031 843 1157 892 curnem,
1171 826 1199 880 id
1214 834 1256 881 εει
1277 824 1387 881 carnale
1402 823 1576 881 commodum
1591 823 1694 894 cogito,
1720 828 1750 876 ut

105 915 211 986 negetis
226 932 275 970 uos
297 916 367 971 bene
391 923 566 971 conservatos
588 932 649 971 esse
673 916 745 987 apud
764 933 823 982 vos,
849 931 904 971 uon
953 912 1016 969 ideo
1026 914 1120 971 venire
1129 913 1288 977 dimiserim,
1303 913 1365 985 quia
1375 912 1440 967 nihil
1449 911 1750 982 meavobissperarem

106 1018 182 1059 curo.
199 1005 270 1061 Num
284 1006 374 1074 pluria
385 1008 484 1061 nostru
496 1005 553 1060 ιεε
569 1009 620 1071 eat,
632 1003 658 1059 id
671 1012 712 1059 est
726 1005 752 1058 in
767 1006 820 1060 hoe
831 1004 903 1059 mul·
954 1003 1150 1073 recepturum?
1164 1018 1208 1067 an,
1224 1003 1349 1074 iuquam,
1367 1001 1517 1057 secundum
1531 1015 1643 1056 carnem
1658 998 1751 1071 cogito

106 1099 163 1146 tum
176 1092 211 1146 de
225 1092 344 1162 puritate
358 1108 426 1147 mese
442 1092 656 1148 conversationis
670 1092 784 1164 glorior,
800 1093 904 1149 habeus
954 1095 987 1145 ut
1001 1098 1147 1162 propterea
1161 1093 1200 1146 sit
1215 1091 1291 1163 npnd
1305 1107 1359 1155 me,
1378 1092 1440 1155 est,
1454 1092 1482 1145 ct
1498 1104 1566 1152 non,
1577 1087 1604 1142 id
1615 1095 1656 1143 est
1672 1085 1750 1141 affir-

107 1182 302 1237 teatimoninm
321 1181 501 1237 conscientie
515 1185 629 1236 nostru.
646 1181 816 1236 Conscientia
831 1182 903 1237 enim
953 1181 1036 1234 matio
1051 1187 1078 1233 et
1093 1179 1202 1252 negatio
1217 1179 1251 1234 de
1270 1177 1388 1235 160
1403 1176 1610 1245 eodemiQuud
1620 1173 1693 1247 apud
1707 1189 1752 1230 me

103 1268 170 1323 mihi
184 1269 261 1324 testis
274 1276 315 1324 est
330 1269 403 1340 quod
417 1267 446 1322 in
461 1268 631 1339 simplicitate
644 1285 700 1324 nou
713 1276 742 1323 ut
756 1269 903 1326 defrauda-
954 1284 1009 1324 non
1024 1268 1066 1334 sit,
1080 1273 1122 1324 εει
1132 1272 1232 1337 cinon,
1244 1275 1356 1338 apparet
1366 1267 1393 1321 in
1402 1266 1448 1322 ilio
1460 1281 1587 1322 sermone
1597 1266 1647 1339 qui
1655 1267 1755 1320 norim·

106 1373 163 1412 rem
179 1357 257 1413 vobis
272 1374 316 1412 res
330 1365 437 1413 vestras
458 1365 486 1411 ut
499 1356 613 1427 pseudo,
630 1357 718 1412 sedin
734 1357 903 1430 simplicitate
954 1372 1044 1412 sermo
1057 1357 1102 1428 tui
1116 1356 1192 1428 opud
1208 1372 1254 1411 vor
1270 1356 1335 1410 dum
1347 1370 1470 1426 praesens
1484 1370 1573 1410 essem
1591 1353 1728 1410 intervos
1745 1366 1753 1406 :

105 1443 200 1499 nibila
216 1445 294 1500 vobis
310 1445 447 1516 accipiens
464 1461 470 1499 ε
487 1453 513 1500 ει
527 1446 736 1502 insinceritate
746 1448 804 1512 ilci,
821 1447 848 1501 id
863 1456 904 1503 est
954 1444 1017 1516 quia
1031 1444 1060 1498 in
1074 1443 1120 1498 illo
1136 1459 1262 1499 sermone
1273 1451 1335 1499 tunc
1345 1442 1435 1499 habito
1446 1458 1504 1498 non
1518 1443 1577 1514 suit
1591 1445 1670 1498 estet
1682 1456 1752 1505 non,

107 1531 134 1586 in
149 1532 267 1603 puritate
281 1531 345 1588 fidei
362 1551 368 1587 :
385 1549 440 1588 non
456 1534 610 1589 admiscens
620 1534 718 1605 (atilli)
733 1533 800 1589 falsa
810 1535 901 1590 veris:
954 1533 982 1587 id
997 1540 1038 1587 εει
1049 1531 1225 1586 affirmatioet
1235 1532 1344 1603 negatio
1360 1531 1394 1587 de
1408 1530 1505 1587 eodem
1517 1545 1522 1584 :
1532 1538 1559 1585 et
1573 1529 1646 1602 quod
1656 1529 1693 1583 ita
1701 1528 1752 1583 sit:

106 1626 133 1674 et
147 1636 205 1676 non
219 1621 250 1675 in
265 1622 407 1692 snpientia
420 1624 533 1678 cernuli
548 1641 557 1677 .·
572 1622 712 1676 nonenim
729 1622 830 1679 adhaesi
845 1640 901 1679 oar-
910 1644 937 1704 B
953 1627 1025 1677 Deus
1040 1623 1088 1693 qui
1108 1621 1199 1690 fidelis
1215 1624 1258 1676 εει
1272 1628 1298 1675 ει
1311 1634 1392 1675 εειει
1409 1619 1459 1676 hoo
1481 1620 1570 1675 novit.
1585 1616 1635 1673 Vel
1649 1616 1729 1672 aliter
1745 1634 1752 1671 :

107 1707 215 1762 nulibus
229 1708 399 1765 documentis
414 1709 494 1763 atilli
512 1727 519 1764 ε
536 1709 626 1765 sedin
641 1710 730 1783 gratia
745 1711 805 1778 Dei,
822 1712 849 1766 id
864 1723 908 1771 εει
958 1711 1029 1765 Vere
1044 1709 1116 1780 apud
1130 1724 1173 1764 me
1189 1707 1301 1763 nonfuit
1315 1712 1358 1763 est
1369 1711 1462 1764 elnon
1479 1705 1750 1778 :quiaDnuafidclis,

105 1794 133 1850 in
149 1795 350 1867 magnificando
375 1797 491 1870 gratiam
507 1797 557 1853 Dei
574 1812 580 1852 :
597 1814 628 1853 ex
644 1814 696 1869 qua
710 1815 790 1855 omne
804 1800 906 1859 bonum
956 1798 1036 1854 idest
1050 1813 1134 1853 verax
1150 1805 1201 1852 est.
1218 1796 1285 1852 Cum
1299 1804 1387 1851 autem
1399 1797 1473 1851 Deus
1489 1795 1617 1850 doctores
1632 1791 1752 1848 veritatis

106 1890 132 1938 et
146 1883 213 1938 nihil
227 1900 262 1939 ex
274 1884 377 1940 carnali
393 1885 524 1956 sapientia
542 1904 548 1940 z
564 1887 708 1958 ingratia,
725 1887 845 1959 iuquam,
857 1893 907 1948 Dei
955 1886 1127 1941 sedatorum
1156 1884 1309 1956 promiserit
1326 1899 1332 1938 :
1349 1884 1372 1938 si
1395 1900 1439 1938 me
1467 1883 1608 1939 doctorem
1628 1881 1752 1936 falsitatis

105 1973 267 2027 conserenti
276 1989 373 2028 snmus
384 1974 416 2028 in
426 1975 587 2030 hocmnndo
602 1975 907 2034 :abnndantiustamen
956 1973 1079 2041 instituit,
1092 1972 1216 2044 proiecto
1237 1972 1372 2028 mendacii
1386 1989 1449 2028 reus
1464 1979 1514 2027 est.
1532 1972 1566 2026 Et
1590 1968 1664 2042 quod
1679 1971 1753 2025 Deus

107 2059 261 2115 conversati
280 2077 374 2114 sumus
397 2061 432 2115 ad
456 2077 504 2116 vos
529 2063 605 2133 upnd
623 2079 689 2134 quos
704 2064 806 2133 majora
821 2066 906 2122 susti·
957 2062 991 2116 sit
1028 2061 1116 2118 tidelis
1145 2061 1304 2133 promittens
1332 2061 1459 2117 doctores
1493 2058 1615 2115 veritatis
1640 2065 1754 2128 apparet

107 2147 163 2211 nui,
180 2163 241 2204 cum
256 2147 322 2202 nihil
337 2164 354 2203 a
368 2148 446 2204 vobis
470 2149 632 2220 reciperem,
649 2167 683 2206 ne
699 2154 833 2224 arguendi
857 2172 906 2212 vos
956 2150 982 2205 in
1000 2166 1032 2206 εο
1049 2167 1056 2206 :
1077 2150 1140 2222 quia
1156 2165 1246 2205 sermo
1261 2156 1353 2205 noster
1366 2149 1411 2221 qui
1427 2147 1476 2203 fuit
1500 2147 1573 2218 apud
1586 2162 1646 2212 vos,
1663 2145 1690 2199 iu
1705 2145 1751 2201 illo

107 2235 293 2291 auctoritatem
316 2236 478 2292 amitterem.
504 2237 632 2293 Dicerem
655 2238 786 2294 Corinthii
813 2258 819 2297 :
838 2243 905 2300 ideo
956 2253 1084 2294 sermone
1098 2254 1153 2294 non
1168 2237 1217 2293 fuit
1234 2252 1240 2291 :
1256 2244 1297 2293 est
1312 2245 1408 2293 elnon.
1424 2238 1494 2292 Vere
1509 2238 1583 2290 Deus
1597 2233 1751 2290 fidelisest:

107 2322 205 2378 Paulus
218 2322 263 2378 hic
283 2324 499 2381 conversationis
524 2342 580 2380 sua
600 2327 762 2383 memoriam
777 2328 861 2395 facit;
877 2338 906 2386 nt
957 2342 1019 2381 narn
1033 2326 1060 2380 iu
1075 2326 1183 2381 Christo
1198 2327 1263 2380 lesu
1287 2325 1332 2398 qui
1350 2325 1480 2381 Christus
1496 2325 1576 2380 lesus
1594 2323 1684 2379 Filius
1703 2322 1753 2378 Dei

107 2412 181 2482 quod
194 2411 259 2468 olim
281 2429 337 2467 uon
360 2414 475 2483 accepit,
498 2414 580 2469 modo
601 2415 806 2486 multiplicatum
835 2420 905 2474 reci·
956 2421 1006 2480 εει,
1024 2414 1162 2486 quietiam
1176 2414 1300 2469 Christus
1313 2413 1484 2485 predicatur
1497 2416 1539 2468 εει
1554 2412 1585 2466 in
1606 2410 1682 2466 nodis
1704 2427 1754 2483 per

107 2499 173 2570 piat.
191 2500 289 2555 Contra
307 2501 358 2556 hoc
374 2501 472 2556 Paulus
490 2517 496 2556 :
513 2502 554 2558 Nc
569 2503 668 2573 putetis
692 2503 840 2562 intentione
856 2523 906 2564 aa·
956 2520 1007 2560 noa
1025 2502 1150 2558 :scilieet
1164 2519 1268 2574 pernae
1283 2506 1312 2557 ει
1325 2502 1472 2558 Siluanum
1483 2504 1511 2555 ct
1526 2498 1712 2555 Timotheum.
1724 2499 1752 2553 ln

106 2587 225 2659 cipiendi
239 2604 255 2643 a
269 2589 347 2644 vobis
362 2591 597 2647 conversationem
607 2607 697 2647 meam
707 2594 777 2664 apud
788 2611 837 2650 vos
851 2612 906 2652 rne-
956 2591 1002 2646 illo
1019 2591 1125 2647 Christo
1141 2608 1199 2647 non
1213 2591 1271 2661 fuit
1285 2594 1327 2646 est
1341 2594 1369 2645 et
1391 2588 1498 2655 numid
1513 2594 1555 2643 εει
1569 2585 1713 2643 elinantio
1728 2593 1754 2643 ει

109 2691 225 2731 morare.
241 2677 300 2734 Non
312 2679 389 2734 cuim
400 2678 458 2733 alin
472 2678 500 2732 io
513 2680 562 2735 hac
572 2680 693 2751 Epistola
704 2680 853 2740 scribimus
864 2701 907 2740 uo·
956 2679 1066 2751 negatio
1081 2680 1116 2735 de
1131 2679 1227 2734 eodem
1244 2679 1310 2734 :scd
1320 2694 1430 2749 semper
1438 2677 1536 2749 suitin
1545 2676 1659 2740 illecti,
1671 2675 1698 2730 id
1713 2682 1753 2731 est

111 2765 161 2831 bia,
172 2781 256 2836 quum
264 2781 325 2838 qne
335 2765 361 2820 in
371 2765 455 2836 priori
467 2767 581 2837 epistola
593 2769 700 2838 legistis
716 2790 725 2826 .·
740 2770 831 2843 inqua
842 2772 906 2828 scri·
956 2768 1056 2823 veritas
1065 2784 1113 2823 seu
1124 2767 1261 2840 negando,
1274 2783 1323 2822 seu
1334 2764 1507 2822 affirmando.
1520 2764 1591 2819 Vere
1606 2763 1634 2818 iu
1644 2763 1692 2818 illo
1700 2780 1753 2819 non

111 2851 154 2923 psi
167 2868 212 2908 me
236 2853 302 2907 nibil
325 2861 497 2924 accepturum
521 2871 537 2910 a
560 2856 647 2911 vobis.
674 2858 730 2913 Nec
754 2859 808 2914 alia
822 2861 904 2916 modo
956 2855 1004 2911 fuit
1019 2862 1061 2910 est
1071 2863 1097 2910 ει
1111 2871 1166 2910 non
1183 2870 1189 2909 ε
1206 2871 1264 2911 non
1273 2857 1408 2927 quotquot
1417 2853 1695 2926 auntpromiasiones
1705 2852 1753 2907 Dei

106 2939 251 2995 scribimus
265 2957 345 3013 quam
368 2958 417 2998 vos
433 2945 602 3015 cognovistis
617 2944 651 2999 de
665 2945 745 3000 nobis
763 2963 768 3001 :
784 2948 904 3018 quandiu
919 2995 941 3039 ρ
959 2944 1054 3001 Putria
1065 2946 1097 3000 in
1111 2945 1162 3000 illo
1177 2948 1244 2999 sunt
1255 2947 1307 3012 est,
1323 2943 1352 2998 id
1362 2950 1484 2998 estverae
1495 2949 1522 2996 et
1535 2940 1696 3012 completae,
1712 2938 1753 2996 vel

107 3028 180 3098 apud
195 3043 245 3084 ros
258 3028 368 3097 luimus,
394 3030 460 3085 nihil
476 3046 492 3085 a
507 3032 585 3088 vobis
606 3032 767 3105 accipiendo
784 3050 790 3089 :
807 3035 855 3091 sed
871 3036 905 3091 de
924 3027 942 3056 ⁴
955 3031 1037 3087 etiarn
1052 3030 1186 3086 similiter.
1217 3032 1252 3085 Et
1280 3030 1342 3103 quia
1368 3046 1418 3101 per
1448 3029 1585 3083 Christum
1611 3027 1752 3099 completae

107 3114 202 3172 labore
216 3131 345 3172 manuum
361 3118 487 3174 vivendo.
503 3121 537 3174 Et
551 3120 619 3175 sicut
634 3130 697 3177 tuuc
712 3123 879 3194 cognovistis
896 3141 903 3178 ε
955 3127 1018 3174 suut
1032 3118 1229 3189 promissiones
1243 3118 1294 3174 Dei
1309 3119 1395 3190 patris
1410 3119 1437 3172 in
1452 3117 1499 3171 illo
1514 3125 1578 3171 suut
1591 3124 1643 3182 est,
1669 3116 1752 3171 idest

109 3203 148 3259 sio
163 3203 243 3259 etiam
257 3222 338 3278 spero
348 3207 419 3278 qma
429 3224 515 3280 usque
526 3209 556 3263 in
566 3209 653 3278 finem
664 3214 844 3281 cognoscetis,
861 3228 905 3267 me
955 3224 1028 3263 verae
1039 3215 1066 3263 et
1090 3207 1232 3278 completa
1248 3216 1310 3263 sunt
1332 3206 1529 3278 promissiones
1551 3205 1601 3261 Dei
1620 3204 1698 3261 :ideo
1724 3206 1752 3259 ει

107 3291 174 3346 nihil
190 3293 314 3364 accipere
329 3295 433 3350 avobis
450 3313 457 3350 :
475 3296 550 3352 sient
558 3297 621 3368 jum
632 3300 720 3354 etium
735 3301 904 3369 cognovistis
954 3298 1113 3368 peripsum
1129 3295 1263 3351 Christum
1284 3296 1405 3351 dicimus
1429 3311 1523 3361 umen,
1538 3293 1565 3349 id
1584 3300 1626 3348 est
1639 3293 1676 3346 ita
1690 3307 1751 3347 esse

108 3395 159 3435 nos
173 3389 314 3437 manentes
329 3382 400 3454 apud
416 3399 474 3439 vos.
492 3385 665 3457 Cognovistis
679 3386 740 3442 dico
755 3404 792 3442 en
812 3392 904 3460 purte,
956 3385 1119 3456 completum
1136 3384 1205 3439 siout
1223 3383 1388 3455 promissum
1403 3391 1453 3450 εει,
1470 3392 1495 3439 ει
1518 3384 1570 3439 hoc
1586 3389 1672 3438 totum
1687 3382 1750 3447 Dec,

108 3467 137 3523 id
152 3476 193 3523 εει
207 3471 356 3527 secuudum
380 3487 448 3542 opus
463 3474 536 3545 quod
552 3474 671 3529 exterius
685 3475 817 3531 ridebatis
835 3495 841 3531 ε
857 3476 905 3532 sed
956 3473 983 3528 id
998 3481 1040 3528 est
1055 3474 1089 3527 ad
1105 3472 1219 3544 gloriam
1241 3471 1302 3537 Dei,
1318 3479 1343 3527 et
1358 3471 1393 3526 ad
1410 3471 1526 3544 gloriam
1542 3478 1672 3538 nostram,
1690 3468 1754 3541 quia

109 3555 192 3612 aliam
205 3566 320 3629 partem,
336 3559 364 3615 id
379 3568 421 3615 est
439 3561 615 3631 voluntatem,
637 3562 803 3634 ignorabatis
821 3581 827 3619 :
844 3564 905 3620 ideo
956 3579 1004 3632 per
1018 3561 1156 3617 veritatem
1171 3561 1222 3615 Dei
1237 3560 1428 3630 comprobatur
1448 3559 1546 3615 veritas
1560 3565 1663 3614 nostra.
1680 3558 1754 3613 Licet

108 3644 190 3700 talem
207 3662 249 3701 me
263 3647 335 3703 volui
350 3649 490 3718 cognosci,
502 3648 605 3704 scilicet
623 3650 906 3721 nihilaccipieutema
956 3650 1045 3705 dicam
1060 3650 1094 3704 ad
1118 3648 1235 3721 gloriam
1259 3656 1381 3703 nostram
1407 3655 1497 3704 tamen
1520 3663 1575 3704 nou
1589 3646 1680 3714 nobis,
1704 3645 1752 3701 sed

108 3733 186 3787 vobis
202 3751 208 3788 :
225 3735 288 3807 quia
298 3750 348 3790 uos
358 3752 456 3792 sumus
465 3737 557 3806 gloria
567 3741 670 3802 vestro,
682 3740 758 3794 aierit
767 3743 796 3794 ει
805 3757 850 3796 nos
860 3756 906 3795 no·
956 3738 1014 3792 Deo
1025 3737 1231 3808 debetnrgimia
1245 3752 1250 3791 :
1263 3739 1310 3810 qui
1320 3735 1753 3806 Deusconfimnatnoavoiiscum

107 3823 179 3885 stra,
196 3820 223 3874 id
237 3829 287 3887 εει,
304 3822 368 3893 quia
381 3822 453 3878 volui
468 3839 512 3878 me
522 3823 636 3895 gloriari
649 3825 676 3879 in
692 3826 847 3882 obedientia
860 3844 906 3883 ve·
957 3834 986 3881 ut
1001 3826 1135 3881 veritasin
1145 3825 1222 3881 vobis
1233 3825 1281 3879 sit:
1298 3833 1324 3880 et
1336 3826 1388 3880 hoc
1408 3825 1440 3880 in
1457 3824 1576 3881 Christo.
1595 3823 1648 3890 Qut
1670 3821 1752 3877 etiam

110 3914 167 3962 stra
184 3923 190 3962 :
207 3916 233 3963 ει
250 3924 297 3964 ιεε
311 3909 422 3980 gloriari
436 3910 463 3965 in
479 3911 601 3967 doctriua
611 3920 723 3969 nostra:
740 3931 801 3986 quae
814 3916 907 3988 utique
957 3917 1031 3969 Dens
1045 3916 1133 3970 unxit
1147 3930 1199 3970 nos
1221 3913 1281 3969 oleo
1305 3912 1524 3969 sanctificationis
1539 3912 1568 3967 in
1581 3911 1750 3982 baptismate,

109 3995 195 4065 gloria
210 4011 265 4050 non
281 4004 362 4062 esset,
378 3998 401 4052 si
416 4013 562 4070 gravarem
576 4015 635 4068 vos,
651 4003 812 4072 temporalia
826 4019 842 4058 a
856 4019 905 4059 vo·
958 4002 1010 4071 Qui
1028 4003 1109 4059 etiam
1124 4003 1246 4075 signauit
1256 4018 1317 4068 nos,
1333 4002 1362 4057 id
1372 4010 1413 4057 cst
1423 4002 1532 4073 signum
1542 3998 1754 4056 discretionisab

109 4082 152 4137 bis
167 4084 336 4155 accipiendo.
365 4085 480 4142 Malletis
503 4087 573 4142 euim
595 4089 729 4160 repellere
751 4093 907 4162 Ductorem,
957 4092 1018 4148 aliis
1034 4090 1149 4159 (scilicet
1159 4091 1283 4160 virtutes)
1296 4090 1371 4145 dedit
1383 4090 1472 4144 uobis.
1487 4089 1535 4161 qni
1546 4091 1635 4145 etium
1650 4088 1753 4160 pignus

109 4188 192 4243 quam
205 4188 267 4228 eum
282 4181 432 4230 sustentare
450 4191 456 4229 :
472 4192 532 4248 quae
547 4177 635 4250 gloria
657 4178 722 4233 mihi
741 4179 775 4234 de
790 4181 866 4236 vobis
882 4189 908 4236 ει
957 4179 1172 4254 spinturnicem,
1188 4179 1216 4234 id
1231 4187 1272 4234 est
1286 4178 1416 4248 Spiritum
1430 4185 1552 4233 sanctum
1567 4184 1595 4231 ut
1619 4177 1653 4231 sit
1673 4175 1754 4230 uobis

109 4261 187 4315 vobis
195 4261 229 4317 de
237 4278 281 4317 me
289 4263 430 4334 apparebit
440 4267 471 4319 in
479 4266 524 4320 die
532 4266 645 4322 Domini
654 4270 747 4325 nestri
755 4271 821 4325 lesu
833 4271 909 4326 Cirri-
957 4269 1036 4323 arrha
1052 4267 1252 4340 futnrregloriae
1270 4282 1276 4320 :
1293 4283 1374 4338 quem
1389 4266 1512 4337 spiritum
1525 4265 1600 4320 dedit
1614 4267 1645 4320 in
1660 4263 1754 4320 cordi-

49 4381 51 4386 ·
110 4350 149 4404 ali
164 4368 173 4404 :
188 4351 297 4420 quando
312 4368 360 4407 vos
376 4352 409 4407 de
424 4353 580 4409 ohedientia
594 4354 720 4424 exhibita,
736 4372 789 4430 ego
803 4359 838 4413 de
857 4348 942 4414 (ιο-Ι)
958 4359 1007 4414 bns
1021 4358 1127 4413 nostris
1137 4357 1316 4411 habitatorem
1332 4354 1499 4410 continuum.
1519 4355 1554 4410 Et
1567 4369 1628 4409 cum
1637 4351 1754 4423 Spiritus

110 4435 198 4492 ctrina
222 4440 468 4495 remunerabimur.
502 4442 610 4497 Transit
632 4444 730 4499 iterum
755 4447 791 4500 ad
810 4446 882 4501 aliud
900 4462 907 4501 :
959 4454 1069 4500 sanatus
1084 4445 1117 4498 sit
1132 4444 1258 4509 innubis,
1275 4459 1330 4499 nou
1344 4452 1385 4499 est
1398 4443 1576 4510 credendum,
1601 4441 1675 4514 quod
1687 4440 1754 4496 levi·

111 4524 152 4579 illi
167 4525 239 4580 enim
253 4528 417 4583 accusabant
434 4546 496 4584 eum
519 4530 553 4585 de
568 4530 686 4598 levitate,
709 4534 771 4604 quia
786 4534 812 4587 iu
824 4533 909 4605 priori
959 4541 999 4588 tas
1016 4533 1058 4589 vel
1074 4532 1246 4588 menducium
1262 4531 1388 4587 fueritin
1399 4531 1488 4587 nobis.

110 4613 230 4684 Epistola
245 4615 349 4671 dixerat
364 4633 394 4672 se
417 4625 558 4673 venturum
582 4620 616 4673 ad
632 4635 689 4686 eos,
706 4629 732 4676 et
747 4637 801 4675 non
823 4637 909 4676 vene·
994 4624 1138 4693 Postquam
1148 4636 1178 4675 sc
1188 4620 1415 4692 excusavit,qnod
1424 4634 1474 4674 uec
1482 4618 1755 4690 quoleritate,neque

110 4709 160 4756 rat.
177 4703 216 4758 De
231 4704 372 4760 mendacio
386 4716 476 4761 autem
492 4722 547 4761 nou
562 4715 686 4778 poterant
705 4724 767 4763 eum
783 4723 907 4780 arguere.
959 4711 1109 4767 secundnm
1124 4724 1234 4764 carnem
1249 4709 1372 4780 cogitans
1387 4708 1422 4764 ad
1438 4723 1486 4763 cos
1500 4707 1595 4763 venire
1610 4705 1753 4773 dimiserit,

109 4789 218 4846 Dixerat
234 4793 305 4848 enim
322 4811 329 4846 :
348 4794 459 4848 Veniam
475 4795 497 4848 si
513 4794 645 4850 Dominus
667 4796 833 4866 permiserit.
851 4798 908 4851 Lit-
959 4798 1048 4855 subdit
1062 4813 1174 4854 causam
1193 4813 1279 4869 quare
1298 4812 1352 4852 non
1376 4797 1488 4862 venerit,
1511 4796 1606 4851 dicens
1622 4813 1628 4848 :
1645 4794 1697 4848 Pro
1711 4793 1755 4848 le·

109 4883 166 4931 tera
180 4879 219 4934 sio
231 4881 355 4953 jungitur
371 4897 377 4935 :
394 4884 428 4937 ut
445 4882 496 4938 bac
511 4883 693 4953 confidentia,
711 4884 754 4939 vel
769 4884 833 4957 quia
848 4887 910 4940 sim·
958 4887 1050 4955 vitate,
1065 4887 1109 4942 vei
1120 4886 1183 4957 quia
1197 4884 1343 4941 carnaliter
1357 4885 1505 4958 cogitarem
1527 4882 1622 4939 venire
1640 4897 1696 4938 uon
1710 4882 1755 4936 di·

110 4964 217 5035 pliciter
231 4976 257 5023 et
279 4969 386 5024 sincere
410 4978 589 5026 conversatus
611 4987 673 5026 sum
687 4973 758 5043 apud
782 4989 850 5040 vos;
866 4974 909 5029 vel
960 4974 1044 5030 misi:
1062 4974 1110 5030 sed
1129 4975 1191 5029 ideo
1206 4982 1234 5028 ut
1244 4988 1388 5044 parcerem
1403 4973 1482 5028 vobis
1504 4971 1649 5027 hunveri.
1669 4971 1703 5025 Et
1726 4976 1756 5024 ut

109 5051 171 5123 quia
186 5069 234 5109 vos
249 5056 314 5110 estis
329 5057 418 5128 gloria
433 5075 502 5124 meu,
519 5075 571 5129 ego
593 5068 685 5115 vestra
701 5079 707 5114 :
722 5063 784 5129 hac,
799 5062 909 5133 inquam
959 5062 1086 5127 eredatis,
1101 5069 1130 5116 ut
1144 5061 1221 5116 vobis
1235 5077 1377 5132 parcerem
1389 5076 1432 5115 me
1447 5076 1501 5114 non
1512 5059 1630 5124 venisse,
1642 5074 1695 5130 ego
1709 5059 1755 5114 in·

110 5139 153 5195 vel
163 5141 215 5197 hac
225 5143 389 5199 confidentia
398 5147 474 5201 uolui
482 5150 577 5202 uenire
587 5147 623 5202 ud
634 5164 678 5204 vos
694 5169 703 5204 .·
712 5152 793 5223 prius
801 5150 910 5222 quidem
960 5166 1024 5206 voco
1039 5153 1126 5206 Deum
1142 5154 1241 5206 testem
1252 5150 1330 5219 hujus
1344 5151 1395 5204 rei.
1413 5148 1476 5203 biali
1484 5147 1593 5220 quidem
1608 5146 1753 5218 negligen-

110 5227 192 5294 volui,
210 5230 259 5285 sed
275 5232 355 5287 modo
369 5234 443 5289 uolo.
459 5234 540 5289 Volui
555 5236 736 5308 aliquemne,
753 5241 786 5293 nt
797 5255 847 5308 per
860 5238 909 5294 ad·
960 5248 1000 5294 tes
1015 5238 1154 5295 offendere
1173 5240 1271 5303 Deum,
1294 5245 1390 5294 testem
1415 5236 1540 5291 falsitatis
1556 5250 1610 5291 non
1642 5235 1755 5289 mullum

109 5326 221 5373 ventum
236 5336 327 5375 meum
352 5320 491 5378 haberetis
507 5326 661 5381 secundum
677 5327 812 5397 prolium,
828 5326 854 5380 id
870 5334 910 5382 est
960 5336 1085 5384 curarent
1099 5328 1235 5383 advocare
1260 5329 1364 5383 Deum:
1378 5325 1427 5381 sed
1442 5325 1542 5380 Paulus
1557 5323 1604 5396 qui
1619 5339 1649 5378 se
1671 5330 1755 5378 totum

111 5405 175 5477 quia
190 5417 251 5480 post
266 5408 430 5480 baptismum
451 5412 585 5485 peccastis
604 5413 632 5468 in
648 5416 795 5470 secundam
810 5414 910 5470 remis·
961 5416 987 5473 iu
999 5418 1056 5473 Deo
1067 5423 1206 5488 posuerat,
1217 5432 1271 5472 nou
1278 5422 1452 5487 presumeret
1464 5415 1551 5471 Deum
1563 5411 1755 5468 iaceretestem
