3742 5986
45 140 100 196 'tlt
516 148 524 159 ⁸
712 141 1016 200 CONSUETUDINES.
1645 135 1699 197 'lit

80 265 108 318 2.
126 262 268 336 Primaque
282 262 336 330 die,
362 281 396 319 ne
411 264 476 337 quid
490 265 600 321 adversi
615 281 648 322 ex
661 266 818 323 minutionis
832 264 977 322 occasione
993 263 1144 338 contingat,
1160 264 1196 321 ad
1211 262 1377 337 colloquium
1391 263 1486 320 relecti
1501 262 1694 331 convenimus,

46 367 109 431 post
124 359 266 431 prandium
282 361 364 417 etiam
378 362 471 419 vinum
487 362 596 419 bibendi
610 363 749 420 licentiam
764 364 909 429 habemus,
925 377 980 417 non
996 361 1127 418 tamenin
1142 361 1252 416 alterius
1267 360 1346 417 cella.

84 460 111 511 3.
127 456 200 511 Nibil
215 457 286 512 enim
302 474 421 530 unquam
436 459 625 516 alimentorum
642 461 669 515 in
694 461 784 517 aliena
799 461 901 516 licitum
915 460 1049 514 babemus
1072 475 1180 514 sumere
1204 458 1284 514 cella.

85 552 112 606 t.
140 555 189 608 Per
211 555 262 609 bos
277 562 334 610 tres
357 554 416 611 dies
431 572 511 612 mane
527 557 648 612 redimus
671 558 705 614 ad
720 557 826 629 lectos,
843 557 996 614 necessaria
1010 557 1126 613 dicimus
1145 556 1319 629 coquinario,
1335 571 1350 611 a
1365 572 1418 628 quo
1431 556 1537 611 duobus
1558 554 1697 627 prioribus

48 649 148 706 diebus
162 651 243 707 etiam
257 650 306 706 tria
321 651 355 706 ad
368 652 531 708 coenandum
546 669 598 711 ova
626 652 801 726 suscipimus.

690 819 955 877 ctPITttlull
981 820 1057 876 XL.

748 935 787 990 De
806 936 993 991 ornamentis.

88 1063 115 1115 t.
133 1058 300 1116 Ornamenta
313 1075 395 1117 aurea
409 1060 452 1117 vel
467 1068 609 1133 argentea,
625 1065 726 1132 praeter
741 1057 854 1114 calicem
868 1065 896 1114 et
909 1057 1057 1127 calamum,
1075 1075 1128 1130 quo
1144 1058 1256 1132 sanguis
1270 1056 1378 1114 Domini
1403 1057 1527 1126 sumitur,
1540 1057 1569 1113 in
1584 1057 1699 1116 ccclesia

51 1170 107 1211 non
131 1154 271 1226 habemus,
287 1156 368 1229 pallia
381 1157 533 1229 tapetiaque
551 1155 722 1228 reliquimus.

744 1303 1030 1365 COMMENTARIUS.

53 1431 120 1488 satis
134 1430 256 1488 incidunt
267 1429 444 1487 mutationem
457 1445 507 1501 par
519 1429 646 1497 labores,
667 1445 717 1501 per
731 1428 849 1502 vigilias,
861 1429 888 1490 Α
902 1430 1018 1501 explicat
1040 1429 1165 1487 licentias
1179 1438 1207 1487 et
1230 1432 1430 1504 recreationes,
1450 1450 1510 1506 quae
1524 1442 1588 1491 tunc
1603 1435 1699 1492 diebus

53 1521 223 1592 perjeJunia,
240 1520 339 1592 quibus
354 1519 444 1574 statim
457 1518 485 1574 in
499 1518 594 1574 ordine
609 1517 786 1585 addicuntur,
803 1532 854 1588 per
902 1517 1082 1574 minutionem
1096 1519 1237 1575 dabantur.

54 1607 165 1665 vivendi
187 1608 314 1674 modum,
339 1623 390 1679 per
413 1607 495 1662 animi
522 1606 747 1678 applicationem,
776 1605 854 1674 ouJus
938 1605 1008 1662 lbid.
1023 1607 1085 1664 Noa
1097 1611 1194 1663 tamem
1203 1609 1235 1663 io
1245 1609 1367 1665 alteriue
1376 1612 1459 1666 cetto.
1475 1610 1544 1667 llinc
1559 1611 1700 1669 evidenter

55 1694 134 1752 labor
148 1711 233 1767 opera
246 1694 398 1766 corporalia
412 1695 493 1766 longe
507 1701 630 1765 superat,
654 1693 751 1765 quibus
766 1692 854 1748 omni·
903 1701 1016 1765 apparet
1037 1694 1108 1765 quod
1135 1694 1242 1751 licentia
1257 1696 1338 1752 etiam
1353 1697 1463 1754 daretur
1476 1714 1493 1754 a
1508 1699 1600 1770 priore
1615 1717 1645 1756 sc
1660 1701 1701 1755 in-

56 1784 119 1855 bus,
132 1784 155 1839 si
163 1783 215 1856 ipsi
225 1783 392 1840 robustiores
401 1782 497 1839 rustici
507 1782 720 1854 applicarentur,
732 1779 855 1837 nonnulli
898 1782 991 1855 ,vicem
1006 1781 1133 1839 visitandi
1147 1783 1175 1837 in
1185 1783 1265 1852 cella,
1277 1785 1326 1840 sed
1335 1802 1474 1858 nunquam
1489 1787 1526 1842 ibi
1540 1787 1702 1844 comedendi

57 1872 149 1928 statim
168 1871 326 1929 deficerent.
349 1871 408 1941 Qua
431 1870 466 1927 de
490 1885 573 1926 causa
596 1870 761 1926 discretione
785 1884 855 1939 opus
904 1879 949 1926 aut
962 1869 1084 1937 bibendi,
1100 1877 1182 1942 prout
1197 1871 1277 1926 etiarn
1293 1889 1364 1929 nunc
1378 1874 1472 1931 stricte
1486 1883 1627 1945 servatur,
1638 1892 1701 1932 nam

56 1976 120 2018 esse
132 1959 307 2033 perspicuum
322 1968 373 2027 est,
389 1976 424 2017 ne
439 1959 542 2029 ajusto
557 1958 648 2014 medio
663 1957 807 2026 tolerabili,
830 1964 856 2013 et
904 1959 1007 2015 lmrslra
1024 1959 1191 2014 mentionem
1215 1959 1319 2017 laceret
1341 1961 1377 2018 ll.
1405 1963 1435 2018 P.
1461 1963 1551 2036 Guigo
1575 1963 1610 2018 de
1637 1964 1702 2022 vino

57 2049 162 2122 absque
183 2047 332 2105 mutatione
352 2056 400 2104 aut
420 2045 600 2117 relaxatione,
626 2045 754 2118 portabili
774 2053 855 2116 atque
904 2063 1043 2119 nunquam
1058 2045 1290 2104 inalteriuscella
1305 2048 1431 2116 bibendo,
1445 2049 1469 2104 si
1483 2050 1593 2106 alterins
1605 2051 1701 2108 cellam

58 2136 190 2204 durabili,
205 2137 358 2192 aberretur.
904 2135 1013 2207 ingredi
1028 2150 1090 2190 cum
1105 2134 1214 2190 licentia
1228 2151 1283 2190 non
1296 2136 1427 2192 licuisset.

95 2226 199 2283 Omnes
221 2223 279 2281 iare
294 2223 328 2280 ad
348 2224 474 2281 ordinem
488 2222 612 2281 venimus
626 2223 655 2279 in
672 2220 856 2279 adolescentia
942 2225 1026 2280 Porro
1039 2230 1125 2278 totum
1139 2224 1191 2279 hoc
1207 2223 1353 2295 capitulum
1367 2224 1483 2281 relatum
1501 2226 1587 2283 habes
1608 2228 1636 2284 iu
1650 2245 1702 2286 an·

59 2315 135 2372 ciroa
149 2312 308 2371 vicesimum
319 2327 430 2380 annum,
449 2311 515 2368 dum
529 2320 596 2368 aetas
605 2312 679 2384 viget
693 2319 719 2367 et
729 2311 857 2367 alimento
907 2311 987 2384 tiquis
1003 2309 1108 2365 statutis
1132 2319 1207 2381 parte
1223 2327 1278 2367 sec.
1290 2352 1297 2381 ,
1311 2327 1372 2383 cap.
1390 2316 1437 2380 15,
1454 2330 1501 2369 nn.
1518 2318 1548 2381 3,
1564 2320 1580 2372 ti
1595 2324 1622 2373 et
1636 2319 1675 2374 7.

59 2400 511 2474 convenientiindiget,quodideo
526 2399 621 2456 saltem
637 2399 857 2471 exaliquaparte
943 2399 1009 2455 Car.
1025 2398 1083 2454 XL.
1098 2428 1133 2439 -
1147 2399 1228 2455 Num.
1252 2403 1277 2454 t.
1302 2402 1410 2457 Praeter
1432 2403 1550 2459 calicem
1574 2409 1604 2461 et
1626 2408 1705 2463 coto-

60 2490 150 2565 possit
164 2506 227 2548 cum
240 2489 358 2545 naturali
374 2505 424 2543 usu
437 2488 466 2543 in
476 2489 574 2544 sacrdo
590 2494 730 2558 assumpto
744 2502 858 2543 concor-
907 2504 996 2555 mum,
1013 2496 1066 2545 etc.
1091 2490 1131 2544 De
1145 2487 1198 2543 isto
1212 2487 1327 2555 calamo,
1344 2503 1398 2560 quo
1413 2490 1525 2561 sanguis
1540 2492 1640 2549 Christi
1655 2511 1704 2550 su-

61 2580 142 2646 dare,
166 2578 292 2650 quodque
316 2576 340 2631 si
353 2576 471 2632 discrete
485 2592 541 2632 non
554 2574 753 2631 ministraretur
763 2575 792 2630 in
805 2589 858 2629 no·
908 2576 1050 2638 mebatur.
1074 2576 1147 2631 nulla
1171 2574 1200 2630 fit
1213 2575 1315 2631 mentio
1340 2576 1368 2631 in
1391 2577 1510 2650 antiquis
1525 2581 1640 2649 statutis,
1656 2583 1706 2638 sed

63 2675 121 2724 stro
135 2674 206 2723 statu
216 2664 484 2732 solitario,maxima
494 2679 560 2735 pars
569 2671 723 2719 nostrorum
730 2662 860 2732 juvenum
909 2671 1012 2720 tantum
1035 2665 1070 2720 de
1093 2664 1178 2721 calice
1195 2678 1201 2718 :
1217 2664 1289 2718 unde
1313 2663 1449 2736 colligitur
1471 2666 1560 2724 adbuc
1583 2676 1707 2741 tempore

60 2755 190 2812 inhabilis
203 2761 276 2811 esset
289 2753 324 2809 ad
338 2751 432 2825 plures
446 2751 634 2808 observantias
657 2750 797 2824 regulares
811 2765 896 2839 ειη-Β
910 2750 943 2809 R.
968 2754 1001 2808 P.
1030 2752 1164 2825 Guigonis
1187 2750 1309 2822 viguisse
1333 2754 1556 2810 consuetudinem
1578 2772 1708 2813 nonnun-

61 2851 175 2917 tequam
189 2842 361 2916 trigesimum
384 2856 485 2897 annum
509 2839 664 2912 attingeret.
687 2838 758 2908 Quid
771 2846 862 2894 autem
910 2856 993 2913 quam
1017 2839 1235 2897 communicandi
1251 2840 1301 2895 sub
1316 2849 1430 2913 utraque
1446 2843 1552 2914 specie,
1578 2845 1651 2916 quod
1665 2853 1708 2900 ta-

62 2932 129 2990 inde
142 2930 273 2998 eveniret,
290 2937 317 2987 et
331 2944 385 3002 quo
399 2927 540 2986 deveniret
553 2931 644 2984 nostra
667 2926 862 2984 observantia?
910 2945 974 2985 men
988 2929 1039 2984 soli
1052 2929 1168 2985 diacono
1184 2943 1346 2984 concessum
1355 2928 1440 2984 luisse
1455 2931 1602 2986 eredimus.
1620 2933 1709 3002 Quam

63 3036 146 3076 nemo
160 3035 216 3075 non
231 3018 313 3074 videt.
912 3017 1137 3073 consuetudinem
1161 3015 1233 3088 apud
1254 3032 1304 3072 nos
1325 3017 1381 3085 jam
1404 3016 1547 3074 extinctam
1562 3018 1647 3076 tuisse
1661 3037 1709 3076 ar-

102 3108 157 3166 Sed
179 3107 297 3165 maxime
321 3104 356 3162 ad
380 3104 551 3177 prudentiam
574 3102 687 3174 regimis
714 3102 863 3159 solitariam
912 3092 1045 3160 bitramur
1060 3104 1228 3176 temporibus
1242 3105 1275 3159 ll.
1291 3103 1379 3159 Patris
1393 3103 1514 3175 llifferii,
1540 3106 1585 3178 qui
1600 3116 1708 3164 centum

64 3198 147 3257 vitam
168 3194 353 3268 profitentium
373 3193 401 3249 in
416 3208 531 3266 genere,
556 3199 584 3248 et
605 3191 749 3247 discretam
764 3189 864 3262 agendi
913 3200 940 3249 et
968 3191 1064 3265 viginti
1088 3192 1196 3248 circiter
1220 3191 1299 3246 annis
1324 3199 1386 3262 post
1410 3193 1655 3252 Consuetudinesa
1675 3197 1708 3254 R.

65 3285 185 3343 lormam
207 3283 376 3355 singulorum
399 3281 428 3337 in
442 3279 534 3352 specie
549 3279 679 3351 pertinet,
704 3285 733 3333 ut
754 3294 797 3333 res
811 3293 864 3333 no·
913 3281 946 3336 P.
966 3279 1092 3352 Guigone
1107 3279 1243 3350 scriptas,
1273 3286 1372 3334 statuta
1394 3279 1441 3335 illa
1462 3281 1545 3337 edidit
1564 3300 1624 3356 quae
1638 3285 1710 3340 anti-

67 3381 133 3429 strae
147 3371 334 3439 Cartbusianre
349 3368 377 3425 in
387 3383 421 3426 eo
435 3383 543 3439 semper
553 3367 644 3422 medio
659 3366 863 3430 constituantur,
915 3384 969 3440 qua
983 3383 1131 3434 vocamus,
1158 3367 1219 3438 quia
1244 3367 1278 3423 de
1299 3366 1345 3423 illo
1361 3367 1465 3424 calamo
1479 3369 1579 3425 nullam
1593 3371 1711 3444 amplius

67 3461 104 3517 ad
129 3459 203 3532 quod
225 3456 315 3513 minus
338 3455 442 3514 robusti
463 3455 570 3527 possint
583 3454 737 3527 pertingere
752 3453 821 3508 sicut
838 3460 866 3508 ct
914 3455 1080 3512 mentionem
1095 3454 1166 3511 tacit.

68 3547 255 3615 robustiores,
271 3553 301 3601 ut
314 3561 352 3601 ex
365 3545 437 3600 inira
451 3543 575 3600 dicendis
589 3558 649 3615 cap.
666 3544 701 3598 at
715 3540 866 3598 evidentius
950 3543 1000 3599 llio
1014 3548 1126 3614 apparet
1140 3541 1299 3614 simplicitas
1313 3557 1395 3614 quam
1409 3541 1489 3599 etiam
1504 3544 1531 3600 in
1551 3545 1712 3616 supellectili

68 3636 190 3711 patebit,
216 3643 243 3691 et
261 3633 301 3690 sio
320 3633 348 3688 in
363 3632 489 3690 eamdem
504 3646 660 3688 mensuram
679 3629 866 3686 conveniendo
916 3631 1098 3689 ecclesiastica
1114 3646 1225 3686 servare
1242 3630 1368 3687 volebant
1382 3631 1463 3702 primi
1478 3633 1582 3689 Patres.
1600 3634 1654 3690 Sed
1668 3651 1715 3692 no·

69 3741 168 3784 omnes
188 3721 295 3796 possint
308 3723 366 3779 Deo
381 3719 509 3777 alacriter
523 3719 637 3785 servire,
657 3719 685 3774 in
707 3717 779 3774 bona
789 3716 867 3773 vale·
916 3719 1028 3775 tandum
1042 3725 1084 3775 est
1099 3718 1171 3790 quod
1187 3718 1241 3773 illis
1256 3719 1435 3790 temporibus,
1461 3721 1569 3791 quando
1592 3723 1714 3779 nondum

68 3812 165 3870 tudine
186 3825 379 3884 perseuerare,
404 3809 432 3864 in
451 3807 548 3865 eadem
571 3822 681 3878 semper
694 3805 869 3863 observantia
917 3808 1031 3864 detectae
1041 3814 1118 3862 erant
1132 3822 1149 3862 a
1163 3806 1264 3862 nostris
1274 3806 1358 3862 tndiae
1374 3807 1527 3864 Orientales
1542 3817 1569 3865 et
1583 3809 1716 3869 Occiden-

70 3914 250 3975 permaaere,
283 3896 510 3970 frequentioribus
538 3892 787 3967 dispensationibus
814 3909 869 3949 non
917 3897 999 3967 tales,
1015 3910 1111 3951 aurum
1126 3903 1152 3950 et
1174 3902 1317 3967 argentum
1330 3903 1412 3968 atque
1427 3897 1507 3952 etiam
1521 3898 1714 3971 bombycinum

71 3989 213 4063 indigere,
236 3987 271 4043 ad
286 3986 383 4042 solatia
396 4001 458 4058 quae
471 3984 500 4040 in
514 3983 610 4041 ordine
624 3991 719 4039 nostro
734 3981 869 4053 prohibita
918 3985 975 4041 sive
996 3984 1130 4051 sericum,
1147 3983 1227 4040 valde
1242 3998 1305 4039 rara
1319 3992 1397 4040 erant
1410 3984 1438 4040 in
1453 3985 1512 4040 istis
1526 3987 1662 4058 partibus,
1677 3989 1717 4046 ita

72 4086 136 4135 sunt
158 4076 198 4148 (ut
218 4081 260 4131 est
282 4074 355 4131 exire
370 4089 386 4130 c
400 4072 578 4143 monasterio)
601 4087 656 4127 non
678 4071 819 4143 aspirare,
836 4075 869 4125 et
918 4080 977 4128 uta
1000 4072 1067 4128 solis
1081 4072 1193 4144 regibus
1208 4079 1236 4127 et
1254 4072 1421 4143 principibus
1441 4074 1600 4130 vestimenta
1616 4075 1714 4144 serica,

72 4166 177 4239 absque
200 4161 386 4236 singularitate
404 4160 548 4219 unanimes
571 4159 600 4215 in
614 4160 695 4215 domo
708 4157 760 4214 Dei
774 4157 870 4214 ambu-
920 4161 963 4216 vel
978 4175 1045 4217 auro
1059 4159 1211 4225 intertexta,
1223 4168 1417 4231 usurparentur
1429 4179 1436 4226 ;
1452 4161 1525 4216 unde
1541 4178 1584 4217 res
1598 4163 1665 4219 satis
1679 4164 1718 4220 in·

72 4256 140 4313 lgm,
921 4247 999 4305 solita
1013 4247 1118 4314 luisset,
1135 4247 1158 4301 si
1173 4263 1190 4303 a
1203 4247 1299 4318 primis
1313 4245 1440 4303 Patribus
1453 4247 1481 4302 id
1495 4264 1583 4320 genus
1599 4252 1717 4310 vestium

110 4344 165 4398 lste
177 4357 286 4412 semper
300 4339 348 4396 luit
362 4353 462 4411 scopus
485 4335 589 4393 ordinis
611 4335 641 4391 in
663 4334 746 4391 rebus
769 4332 871 4389 nostris
922 4336 1072 4394 sericarum
1105 4334 1256 4390 admissum
1279 4334 1392 4405 luisset,
1418 4352 1533 4408 quorum
1561 4339 1663 4398 divitiae
1688 4342 1717 4398 in

74 4421 872 4503 disponendisquiscopusatt.P.Guigonefuitjandudum
921 4431 1080 4497 paupertate
1103 4430 1130 4479 et
1151 4422 1322 4495 simplicitate
1339 4423 1478 4492 jacebant.
1503 4427 1554 4482 Per
1575 4429 1671 4486 Pattte
1689 4434 1719 4487 et

75 4519 156 4576 nobis
185 4517 352 4590 assignatus,
378 4531 395 4571 a
421 4512 548 4585 capitulis
566 4511 742 4585 generalibus
765 4525 873 4582 semper
923 4513 1034 4585 tapetia
1046 4511 1161 4567 forsitan
1182 4510 1307 4584 intelligit
1320 4511 1362 4568 vir
1374 4521 1482 4568 sanctus
1496 4515 1601 4583 aulaea,
1626 4526 1653 4574 et
1676 4518 1719 4574 bis

75 4606 207 4677 deinceps
221 4605 349 4671 intentus,
362 4603 391 4659 in
403 4601 512 4658 statutis
526 4616 687 4672 expressus,
708 4615 741 4655 ac
754 4598 873 4670 denique
923 4600 1040 4667 similia,
1064 4600 1163 4672 quibus
1186 4599 1281 4655 nullibi
1304 4599 1331 4654 in
1354 4600 1479 4657 domibus
1493 4604 1593 4659 nostris
1607 4605 1717 4674 utimur,

76 4711 95 4752 a
108 4693 226 4767 posteris
240 4693 341 4749 nostris
356 4707 465 4762 semper
478 4688 633 4756 intuendus,
649 4697 678 4744 ut
687 4687 809 4760 vestigiis
822 4688 873 4741 Pa·
925 4688 1049 4762 quamvis
1063 4688 1090 4743 in
1105 4688 1280 4759 quibusdam,
1296 4688 1464 4745 solemnibus
1479 4698 1569 4748 tamen
1590 4693 1721 4750 duntaxat

77 4792 150 4840 trum
173 4790 226 4837 tam
247 4787 370 4838 vetorum
392 4794 472 4851 quarn
500 4776 682 4833 recentiorum
706 4777 734 4831 in
749 4775 874 4832 omnibus
925 4778 1032 4843 diebus,
1047 4784 1135 4848 tapete
1149 4775 1286 4848 operiatur
1303 4778 1416 4848 gradus,
1433 4778 1490 4835 sive
1504 4780 1670 4850 pedistitium
1685 4781 1722 4838 al·

77 4870 252 4937 inboerentes,
264 4863 875 4941 nequidmieniaautminus,ordineminsua
926 4865 999 4921 taris.
1016 4864 1070 4920 Cur
1093 4872 1184 4919 autem
1208 4863 1394 4933 candelabra,
1411 4866 1553 4937 lampades
1574 4876 1602 4924 et
1624 4869 1721 4926 similis

78 4957 235 5031 integritate
258 4963 429 5013 conservent.
927 4952 1048 5024 supellex
1063 4959 1194 5025 argentea
1210 4951 1236 5006 in
1245 4951 1380 5024 plerisque
1394 4953 1520 5010 domibus
1530 4955 1634 5011 ordinis
1650 4973 1723 5016 nuno

116 5045 235 5101 Tertiam
251 5043 361 5100 tandem
372 5043 503 5100 rationem
518 5041 699 5099 enervationis
709 5040 806 5097 virium
816 5055 877 5096 cor·
927 5040 1082 5097 habeatur?
1095 5040 1126 5094 ld
1140 5040 1228 5111 primo
1242 5039 1411 5111 processisse
1431 5057 1446 5095 a
1466 5041 1656 5102 fundatoribus
1670 5047 1723 5104 do·

81 5133 216 5207 paralium
248 5148 281 5188 ex
313 5131 410 5201 maiori
432 5131 605 5206 ingeniorum
633 5129 776 5186 vivacitate
804 5128 879 5199 ipsas
928 5144 1034 5185 morum
1048 5127 1288 5199 credendumcst,
1314 5128 1360 5199 qui
1375 5129 1437 5184 talia
1452 5129 1584 5188 dederunt
1602 5133 1630 5189 in
1645 5152 1724 5193 nsum

81 5221 156 5279 vires
175 5221 299 5291 corporis
318 5219 495 5276 exhauriente
523 5218 674 5290 procedere
700 5217 791 5273 credo.
815 5217 880 5272 llaeo
928 5216 1079 5282 Ecclesiae,
1104 5215 1202 5271 deinde
1225 5216 1288 5288 quia
1312 5215 1405 5287 plures
1428 5218 1552 5276 ecclesiae
1574 5222 1678 5277 ordinis
1697 5223 1726 5278 in

83 5317 174 5366 autem
189 5308 270 5380 paulo
290 5306 376 5363 fusius
389 5307 558 5373 notavimus,
581 5314 610 5363 ut
631 5305 788 5362 indiscretis
809 5318 880 5377 quo·
930 5303 1030 5360 vicinio
1045 5318 1202 5375 magnarum
1218 5303 1324 5358 urbium
1340 5312 1502 5363 constructa
1517 5314 1596 5377 sunt,
1610 5311 1727 5380 adquae

83 5397 199 5456 rundam
213 5395 380 5471 argumentis
393 5411 579 5454 occurramus.
931 5391 1055 5464 plerique
1069 5391 1212 5448 saeculares
1227 5390 1372 5448 veniebant
1385 5408 1418 5448 ex
1432 5392 1578 5452 devotione
1591 5403 1620 5451 ut
1642 5398 1729 5454 sacris

121 5486 205 5543 Num
228 5489 256 5544 2.
272 5484 476 5558 Peimcqcedtc
492 5499 530 5542 ne
548 5481 747 5558 qutdedveret,
763 5487 816 5538 etc.
832 5472 918 5538 llicD
933 5479 1113 5551 interessent,
1129 5495 1279 5552 congruum
1292 5479 1383 5537 visum
1395 5488 1436 5537 est
1449 5483 1486 5540 ad
1499 5481 1601 5542 cultum
1615 5483 1732 5546 Deida-
