3742 5986
105 181 157 235 ¹8¹

418 176 608 237 EXPOSITIO
627 179 665 236 IN
682 178 872 237 EPISTOLAS
891 179 1004 237 PAULI.
1018 209 1053 224 ·-
1067 179 1105 236 IN
1122 179 1233 238 EPIST.
1253 181 1265 238 l
1284 180 1331 236 to
1350 180 1434 239 COR.

1705 185 1759 241 tta

101 304 178 377 qnod
205 302 298 377 utique
320 303 404 360 babet
427 319 476 375 pro
503 304 714 373 inconvenienti,
739 305 803 377 quia
832 305 944 368 scie-A
992 306 1056 362 Haec
1070 305 1213 377 premissa
1227 305 1357 380 leguntur
1372 307 1423 362 sub
1433 305 1567 380 allegoria
1582 306 1697 363 sic:Vir
1711 306 1760 380 qui

103 394 150 448 bat
165 393 225 448 illas
240 393 314 449 nullo
328 394 411 449 modo
425 394 495 449 velle
510 394 630 450 tonderi.
651 396 721 450 Vere
743 410 797 450 non
813 395 906 451 velare

103 489 187 552 caput
211 490 253 538 est
275 482 411 538 decalvari
429 500 436 537 :
452 484 555 538 namsi
573 499 631 539 non
656 485 769 540 uelatur
790 485 904 554 mulier,

103 572 258 628 tondeatur
274 592 283 628 :
299 572 372 645 quod
388 573 451 645 quia
475 572 550 627 nullo
573 573 654 629 modo
678 571 769 642 faciet,
787 573 908 645 sequitur

102 669 133 716 ut
147 675 203 715 non
217 661 307 717 velato
322 662 410 732 capite
435 661 602 717 decalvetur.
619 663 658 717 Ex
673 677 728 717 non
754 661 842 717 velato
858 677 907 717 ca-

101 750 169 822 pite,
186 749 309 823 sequitur
322 751 480 806 necessario
493 751 537 806 vel
552 751 699 818 decalvari,
717 751 760 807 vel
777 751 905 818 tonderi3

101 840 152 895 aad
166 839 193 895 si
209 843 290 912 turpe
305 844 348 895 est
360 841 486 906 mulieri,
498 841 572 911 qood
587 841 679 912 utique
688 840 836 896 dedeceret
847 846 907 895 ton·

102 927 172 993 deri,
184 928 229 984 vel
238 928 391 992 maclam,
408 931 481 984 velet
496 934 583 1002 capot
593 947 687 996 saum,
700 930 772 1001 quod
784 929 905 985 deceret.

103 1016 203 1072 blulier
217 1016 289 1072 velet
303 1025 393 1088 caput,
411 1017 461 1072 sed
474 1017 518 1073 vir
532 1034 590 1073 oon
605 1018 685 1074 debet
702 1019 794 1074 celare
808 1021 905 1090 caput,

105 1109 244 1178 quonium
254 1106 296 1161 vir
309 1110 351 1162 est
370 1109 461 1178 imago
478 1108 537 1173 Dei,
550 1123 565 1162 a
576 1122 630 1178 quo
646 1106 762 1162 sormam
784 1115 810 1162 ct
831 1107 907 1178 prin-

103 1195 209 1267 cipium
223 1195 314 1266 babet,
331 1202 357 1251 et
380 1199 422 1252 est
445 1198 488 1252 vir·
509 1197 601 1268 gloria
622 1197 682 1251 Dei.
707 1196 735 1252 Si
751 1195 822 1252 enim
838 1196 908 1251 bene

103 1285 205 1358 egerit,
217 1284 435 1358 gloriaturlleus
449 1284 476 1339 iu
494 1301 537 1341 eo.
553 1284 653 1341 Virest
669 1287 761 1357 imago
776 1288 804 1341 et
817 1284 908 1356 glorio

103 1376 164 1430 Dei.
179 1374 235 1429 Sed
245 1375 350 1430 mulier
360 1378 404 1430 est
416 1375 507 1444 glorio
517 1375 592 1441 viri,·
605 1373 781 1445 quiadebeta
791 1373 908 1446 virogu-

102 1462 234 1529 berneri,
250 1471 275 1518 ct
290 1462 312 1518 si
329 1462 399 1519 bene
415 1462 566 1534 gubernata
590 1460 681 1530 luerit,
698 1462 812 1535 gloriam
828 1462 908 1517 babet

103 1551 324 1623 superbisque
347 1551 444 1607 mulier
465 1551 534 1607 bene
559 1551 654 1624 gessit.
680 1552 750 1607 Vere
765 1553 809 1608 vir
824 1550 908 1606 solius

957 396 985 451 in
1009 394 1096 466 prima
1118 396 1256 452 creatione
1279 395 1367 451 lactus
1388 395 1436 450 luit
1449 413 1465 450 a
1480 397 1548 462 Deo,
1563 396 1591 451 in
1605 396 1689 451 multa
1710 412 1759 452 ra-

957 484 1116 539 tionalitatis
1130 483 1287 540 tortitudine
1303 484 1439 558 signiticat
1454 485 1596 552 rationem,
1612 502 1673 557 quae
1687 501 1760 542 sem·

958 590 1008 644 per
1024 589 1120 646 regere
1136 573 1217 628 debet
1236 573 1455 641 sensualitatem,
1471 574 1569 630 mulier
1584 581 1674 630 autem
1697 591 1759 646 quae

957 677 1013 717 nou
1033 663 1102 717 adeo
1126 661 1203 717 fortis
1227 661 1286 730 tuit,
1304 663 1372 718 sicut
1395 662 1447 730 vir,
1463 663 1598 734 significat
1621 663 1759 719 sensuali-

958 759 1040 806 tatem
1056 768 1126 823 quae,
1143 752 1212 807 bene
1234 752 1394 824 gubernata,
1410 752 1523 808 obedire
1547 753 1629 808 debet
1649 752 1757 808 rationi.

959 838 1038 909 Quod
1062 840 1154 911 utique
1176 839 1301 896 diabolus
1325 841 1461 896 subtiliter
1484 840 1593 897 intuens
1616 841 1705 897 virum
1728 856 1758 898 sc

958 945 1011 985 non
1027 944 1109 1000 posse
1129 938 1295 1000 pervertere,
1313 945 1374 985 cum
1397 930 1485 1003 magis
1508 930 1614 986 ratione
1640 930 1756 1002 vigeret,

958 1032 1039 1088 quam
1055 1018 1229 1073 sensualitate
1237 1018 1426 1085 mollesceret;
1442 1028 1648 1092 aggressusest
1663 1019 1759 1076 mulie·

958 1121 1025 1173 rem,
1040 1122 1120 1177 quam
1142 1107 1227 1162 sensit
1249 1107 1338 1180 magis
1358 1107 1533 1163 sensualitate
1557 1109 1654 1178 premi,
1675 1124 1757 1180 quam

957 1193 1062 1249 ratione
1084 1194 1162 1268 erigi.
1179 1196 1214 1249 Et
1236 1196 1387 1252 secundum
1411 1196 1473 1262 hoc,
1489 1196 1529 1252 sic
1552 1196 1669 1253 dicimus
1688 1197 1759 1254 :vir

957 1299 1012 1339 non
1027 1283 1107 1339 debet
1123 1284 1213 1340 velare
1229 1291 1319 1356 caput,
1332 1283 1462 1356 quoniam
1476 1286 1521 1340 uir
1533 1289 1577 1341 est
1590 1286 1683 1357 imago
1696 1287 1756 1355 Dei,

956 1373 983 1428 id
999 1381 1041 1428 est
1054 1373 1171 1444 pervim
1185 1373 1298 1429 rationis
1313 1373 1477 1446 imaginatur
1491 1375 1589 1440 Deum,
1605 1383 1632 1429 et
1646 1391 1695 1446 per
1709 1391 1755 1432 ra·

958 1462 1060 1517 tionem
1070 1462 1178 1534 agendo
1189 1462 1274 1534 gloria
1289 1470 1331 1517 est
1342 1461 1402 1517 Dei.
1420 1460 1592 1518 Gloriiicatur
1600 1464 1672 1518 enim
1683 1465 1757 1520 Deus

957 1552 985 1607 in
1001 1552 1071 1607 bene
1086 1551 1230 1624 agentibus
1245 1551 1350 1618 servis,
1365 1551 1464 1606 mulier
1487 1559 1586 1620 autem,
1602 1551 1629 1606 id
1645 1561 1686 1607 est
1699 1552 1757 1624 ipsa

101 1643 153 1697 ttet
167 1642 261 1712 gloria
275 1644 327 1705 cst,
344 1649 372 1697 et
385 1642 491 1697 molier
513 1642 605 1712 glorio
619 1641 683 1696 uiri.
699 1641 770 1696 Nom
792 1643 836 1697 vir·
850 1657 945 1729 rsonB
959 1640 1132 1707 sensualitas,
1146 1640 1237 1711 gloria
1252 1646 1294 1695 est
1308 1640 1357 1695 viri
1370 1655 1421 1710 per
1436 1640 1568 1695 rationem
1584 1642 1671 1696 Deum
1686 1641 1756 1697 ima-

102 1734 148 1787 ιιι
163 1746 204 1787 er
217 1730 349 1796 muliare,
367 1729 393 1784 id
417 1737 458 1784 est
473 1729 501 1784 in
515 1729 604 1801 prima
628 1729 783 1786 conditione
799 1729 839 1785 vir
853 1744 908 1784 non
959 1728 1078 1802 ginantis
1096 1743 1101 1782 :
1118 1727 1280 1784 sensualitas
1296 1729 1366 1783 enim
1383 1729 1453 1784 bene
1477 1730 1617 1800 operando
1638 1745 1758 1786 consen·

103 1819 201 1874 habuit
229 1819 363 1888 originem
389 1835 421 1873 ex
444 1818 566 1885 muliere,
592 1834 653 1889 quae
689 1817 803 1873 necdum
826 1825 906 1886 erat;
958 1817 1028 1872 tiens
1055 1817 1161 1886 rationi,
1187 1817 1274 1890 gloria
1297 1817 1357 1885 ejus
1384 1825 1434 1872 est.
1459 1819 1492 1871 Et
1515 1816 1578 1874 licet
1601 1834 1650 1889 per
1671 1819 1758 1875 virum

103 1908 153 1963 sed
167 1909 277 1963 mulier
290 1907 453 1978 principium
463 1906 557 1962 habuit
572 1924 610 1963 ex
625 1908 694 1974 viro,
706 1906 769 1977 quia
783 1906 817 1962 de
832 1914 909 1963 costa
958 1907 1100 1972 rationem,
1118 1922 1167 1977 per
1191 1905 1333 1961 mulierem
1349 1905 1516 1977 accipiamus
1540 1907 1755 1976 sensualitatem,

105 1997 175 2053 Adae
191 1995 325 2052 aedificata
339 2004 380 2052 est
395 1997 462 2052 Eva.
484 1998 585 2052 lterum
608 2012 672 2052 vere
687 1997 730 2052 vir
754 2004 796 2051 est
817 1997 908 2068 gloria
958 2003 1118 2052 nontamen
1142 2011 1275 2067 negamus
1290 1995 1355 2066 quin
1380 2002 1522 2066 utrumque
1535 1995 1569 2050 sit
1582 1995 1609 2050 in
1628 2003 1755 2068 utroque,

104 2094 211 2141 tantum
233 2088 291 2152 Dei,
315 2094 342 2142 et
361 2088 466 2142 molier
488 2087 552 2141 viri.
582 2086 694 2141 Etenim
716 2087 762 2141 vir
783 2101 841 2142 cort
864 2088 907 2140 ert
958 2093 983 2141 et
1007 2083 1076 2140 ratio
1099 2083 1127 2137 iu
1150 2083 1264 2138 muliere
1288 2082 1330 2137 vir
1352 2083 1471 2149 dicitur,
1494 2092 1522 2137 et
1545 2083 1705 2139 sensualitas
1729 2086 1757 2140 in

105 2179 225 2233 creatus
239 2179 355 2248 propter
370 2177 530 2243 mulierem,
547 2183 575 2229 ut
590 2174 706 2230 serviret
720 2174 754 2243 ei,
772 2174 836 2246 quia
850 2173 908 2229 Deo
958 2173 1017 2228 viro
1041 2172 1140 2226 mulier
1161 2170 1325 2242 appellatur.
1341 2172 1399 2226 Nec
1422 2171 1461 2226 sic
1475 2171 1509 2227 de
1530 2173 1634 2228 ratione
1650 2181 1677 2228 et
1690 2189 1757 2229 sen-

104 2265 178 2332 soli3
194 2265 243 2321 ted
257 2266 468 2321 muliercrectc
483 2268 526 2321 est
546 2265 774 2337 propteroiram,
792 2271 820 2318 ut
835 2262 909 2318 omui
958 2261 1082 2316 sualitate
1095 2260 1139 2316 hic
1162 2260 1278 2332 agimus,
1296 2259 1362 2331 quin
1387 2275 1496 2330 semper
1514 2261 1548 2315 ad
1563 2261 1637 2332 ipsas
1658 2277 1757 2332 perso-

106 2354 240 2410 servitute
259 2362 382 2409 maneret
397 2353 424 2408 in
438 2354 574 2424 adjutorio
597 2353 658 2408 viri.
675 2353 710 2407 Et
724 2351 787 2424 quia
810 2351 909 2407 mulier
958 2366 1009 2405 nas
1024 2348 1209 2420 respiciamus.
1227 2349 1274 2402 Vir
1288 2348 1370 2403 debet
1377 2364 1439 2403 esse
1449 2348 1539 2421 gloria
1549 2349 1608 2418 Dei,
1622 2358 1649 2405 et
1659 2350 1758 2406 mulier

106 2444 141 2498 ad
158 2443 277 2517 gloriam
291 2442 343 2498 viri
359 2442 429 2498 lacta
443 2450 494 2509 est,
511 2450 537 2497 et
552 2449 582 2496 ιιι
602 2457 711 2512 semper
726 2441 785 2497 viro
808 2441 908 2496 subes-
958 2439 1019 2494 viri.
1035 2438 1103 2493 Nam
1117 2438 1158 2493 vir
1171 2452 1225 2492 non
1242 2444 1284 2492 est
1299 2453 1332 2492 ex
1347 2436 1471 2504 muliere,
1496 2437 1525 2492 id
1550 2445 1592 2493 est
1614 2438 1756 2494 rationali-

105 2539 156 2598 set,
169 2533 232 2588 ideo
247 2533 351 2588 mulier
362 2531 439 2589 debet
454 2548 565 2604 semper
576 2532 676 2586 holere
689 2533 869 2602 potestatem,
881 2529 908 2584 id
958 2535 1000 2582 tas
1011 2542 1066 2582 non
1085 2526 1167 2581 debet
1187 2525 1309 2597 pendere
1331 2542 1364 2580 ex
1386 2525 1569 2594 sensualitate,
1586 2527 1635 2582 sed
1659 2527 1758 2584 mulier

105 2629 147 2678 est
163 2622 274 2695 signum
299 2621 372 2693 quod
388 2620 422 2674 sit
435 2620 531 2675 alienae
554 2619 703 2691 potestatis,
720 2633 804 2690 supra
818 2625 907 2689 caput,
956 2606 992 2670 'ex
1011 2614 1079 2681 viro,
1104 2614 1131 2669 id
1153 2622 1193 2668 est
1217 2613 1379 2668 sensualitas
1403 2613 1570 2670 erratione.
1595 2615 1644 2671 Vir
1663 2616 1757 2688 utique

106 2711 183 2784 quod
197 2710 288 2765 velare
298 2710 380 2764 debet
387 2709 415 2763 in
425 2709 534 2781 signum
543 2708 739 2777 subjectionis3
756 2716 783 2762 et
795 2712 909 2779 propter
959 2719 1013 2758 nou
1029 2711 1070 2759 est
1081 2720 1114 2759 ex
1130 2703 1251 2758 muliere.
1268 2703 1376 2758 Etenim
1391 2702 1432 2758 vir
1453 2718 1509 2758 non
1532 2712 1574 2759 est
1597 2714 1714 2774 creatus,
1729 2705 1757 2760 id

105 2801 235 2871 angelos,
250 2799 277 2853 id
292 2806 333 2853 est
343 2805 455 2869 propter
471 2798 598 2854 doctores
608 2797 750 2863 Ecclesiae,
760 2796 806 2868 qui
817 2795 908 2868 angeli
960 2801 1001 2848 est
1015 2793 1082 2847 ratio
1096 2807 1150 2847 non
1165 2791 1198 2846 ad
1213 2793 1264 2848 hoc
1277 2791 1339 2846 data
1354 2799 1397 2847 est
1412 2792 1514 2847 homini
1533 2800 1646 2864 propter
1661 2795 1758 2851 mulie·

105 2889 248 2954 dicuntur,
265 2887 327 2959 quia
342 2887 392 2941 Dei
407 2887 493 2942 nuntii
507 2894 579 2952 sunt,
595 2902 629 2941 ne
644 2885 703 2942 visa
727 2885 839 2940 lascivia
855 2885 908 2939 im·
960 2898 1028 2948 rem,
1042 2881 1070 2937 id
1094 2890 1135 2936 est
1150 2889 1179 2936 ut
1201 2889 1332 2952 sequatur
1356 2881 1569 2951 sensualitatem,
1587 2883 1636 2938 sed
1658 2884 1758 2940 mulier

106 2977 270 3050 pudicarum
297 2976 454 3042 mulierum,
477 2975 569 3031 illicite
592 2983 753 3031 moveantur
784 2974 819 3029 ad
850 2990 907 3029 eas.
959 2979 1072 3043 propter
1095 2970 1194 3036 virum,
1211 2969 1240 3026 id
1262 2977 1304 3025 est
1325 2970 1487 3025 sensualitas
1511 2979 1604 3027 creata
1625 2981 1666 3027 est
1689 2988 1758 3044 pro-

106 3067 158 3122 Vel
173 3070 271 3139 proter
285 3066 398 3137 angelos
413 3064 473 3133 Dei,
490 3065 535 3136 qui
551 3072 702 3136 praesentes
727 3063 831 3118 suntin
846 3078 908 3118 om·
921 3031 944 3091 0
959 3068 1020 3131 pter
1035 3059 1216 3116 obediendum
1232 3058 1338 3114 rationi.
1352 3060 1386 3113 Et
1399 3059 1462 3131 quia
1481 3059 1577 3115 mulier
1588 3070 1699 3133 propter
1713 3062 1758 3118 vi·

106 3155 190 3210 nibus
219 3154 349 3211 Ecclesia}
378 3153 573 3219 sacramentis,
603 3169 637 3208 ne
664 3151 837 3208 offendantur
864 3151 908 3206 in·
959 3166 1018 3205 rum
1033 3157 1125 3205 creata
1141 3156 1192 3215 est,
1207 3148 1269 3203 ideo
1284 3148 1396 3203 deberet
1419 3149 1520 3204 habere
1543 3148 1652 3222 signum
1676 3158 1758 3222 pote-

105 3243 290 3316 temperautia
304 3251 386 3299 tanta
401 3243 530 3297 libidinis.
548 3242 597 3298 Vel
611 3246 727 3315 propter
741 3242 864 3312 angelos,
881 3240 909 3296 id
959 3237 1036 3293 statis
1052 3254 1132 3309 supra
1147 3244 1237 3308 caput,
1254 3245 1281 3293 et
1293 3243 1409 3311 propter
1432 3239 1557 3308 angelos,
1574 3239 1643 3295 sicut
1656 3240 1759 3296 dictum

107 3342 150 3390 est
172 3340 287 3405 propter
308 3333 480 3404 patriarchas
495 3340 521 3387 et
535 3331 642 3402 priores
665 3338 785 3397 sanctos,
806 3329 852 3401 qui
875 3346 909 3386 ne
959 3336 1010 3383 est.
1028 3327 1082 3383 Sed
1096 3327 1160 3383 licet
1173 3327 1259 3382 virum
1276 3333 1349 3380 tanta
1364 3325 1494 3399 dignitate
1514 3328 1680 3398 praetulerim
1695 3347 1758 3385 mu-

107 3423 162 3479 boc
171 3420 467 3493 lieretprobibuerunt.
480 3419 551 3489 Quia
561 3420 643 3476 modo
653 3420 722 3475 adeo
732 3419 908 3490 depresserat
957 3416 1030 3482 lieri,
1054 3424 1145 3471 tamen
1169 3431 1259 3487 neque
1282 3415 1323 3470 vir
1346 3415 1405 3470 sine
1433 3416 1557 3482 muliere,
1587 3433 1639 3473 nec
1662 3417 1760 3475 mulier

108 3511 272 3567 muliebrem
286 3526 390 3576 sexum,
406 3509 446 3565 sic
460 3525 508 3580 per
522 3509 614 3564 omnia
632 3506 750 3565 128
766 3507 825 3564 viro
841 3506 911 3562 indi·
960 3504 1019 3561 sine
1048 3504 1115 3571 viro,
1140 3503 1168 3558 id
1197 3511 1237 3558 est
1261 3503 1329 3558 alter
1354 3518 1407 3558 uon
1431 3505 1569 3574 praecedet
1596 3505 1711 3561 alterum
1731 3507 1759 3561 in

108 3601 237 3674 gniorem
259 3598 371 3655 lactum.
392 3600 471 3654 Nunc
494 3598 596 3654 relevat
611 3605 638 3652 et
656 3596 812 3653 consolatur
837 3612 909 3662 eum,
961 3593 1086 3659 Domino,
1117 3592 1208 3647 idest
1234 3592 1262 3646 in
1283 3592 1461 3661 beatitudine,
1491 3593 1663 3650 solummodo
1688 3595 1760 3653 bene

108 3689 207 3746 dicens
223 3703 230 3742 :
246 3689 319 3744 Licet
329 3688 357 3742 in
372 3687 462 3759 prima
476 3687 614 3743 creatione
630 3686 671 3741 vir
685 3685 826 3742 mulierem
837 3701 910 3756 prae-
961 3690 1107 3754 operentur
1124 3697 1129 3736 :
1145 3681 1210 3737 licet
1232 3680 1260 3735 in
1283 3680 1369 3752 prima
1390 3681 1528 3736 creatione
1551 3681 1592 3736 vir
1616 3682 1760 3740 mulierem

108 3777 237 3843 cesserit,
254 3777 386 3832 tamenin
407 3777 532 3848 sequenti
555 3775 729 3832 successione
750 3774 910 3848 generandi,
960 3770 1147 3844 praecesserit,
1178 3786 1242 3826 vera
1268 3769 1337 3825 alter
1360 3785 1415 3825 non
1436 3772 1571 3840 praecedet
1594 3771 1710 3829 alterum
1733 3773 1761 3829 in

108 3868 153 3922 vir
163 3866 451 3938 etmulierparessunt
463 3885 469 3932 ,
482 3866 646 3938 quintaeque
658 3867 769 3921 circino
780 3865 909 3928 annitere,
962 3861 1130 3926 salvatione,
1145 3874 1209 3914 nam
1234 3858 1299 3913 illud
1316 3859 1388 3931 quod
1412 3875 1497 3930 supra
1516 3859 1617 3915 dictum
1632 3869 1683 3931 est,
1698 3878 1763 3919 ma·

106 3973 200 4029 neque
215 3957 319 4012 molier
333 3958 395 4012 siae
410 3959 468 4011 uiro
478 3970 610 4027 generare
620 3960 732 4025 queunt,
745 3952 793 4008 sed
802 3951 912 4023 partici·
963 3950 1064 4007 lierda
1079 3950 1148 4018 uiro,
1165 3950 1209 4004 atr
1220 3965 1279 4004 ooo
1294 3947 1328 4002 de
1343 3949 1473 4014 malim,
1486 3947 1553 4002 nihil
1569 3949 1687 4016 nocebit,
1699 3966 1762 4006 cum

104 4045 218 4116 palione
231 4043 341 4099 alterius
362 4043 504 4115 aqualiter
518 4049 630 4114 generat
657 4048 781 4113 uterque.
797 4041 855 4096 Nec
868 4048 912 4095 ta-
962 4039 991 4094 in
1004 4038 1179 4096 successione
1202 4036 1386 4111 generationis
1409 4037 1452 4092 vir
1473 4036 1510 4091 ita
1525 4037 1559 4091 sit
1580 4037 1615 4093 de
1637 4038 1761 4111 muliere,

107 4150 174 4190 men
195 4133 270 4205 quod
292 4148 325 4187 ex
349 4149 378 4188 se
400 4132 538 4204 procreari
557 4131 671 4202 possint,
698 4131 747 4185 scd
772 4137 855 4185 totum
881 4130 913 4184 in
964 4129 1032 4184 sicut
1054 4127 1153 4181 mulier
1166 4126 1201 4181 de
1215 4125 1285 4191 viro,
1301 4124 1365 4180 licet
1384 4124 1412 4178 in
1434 4124 1520 4195 prima
1545 4126 1682 4182 creatione
1696 4144 1762 4184 mst-

108 4223 231 4280 Domino
246 4242 255 4277 :
271 4221 402 4277 Dominus
417 4221 490 4276 euim
506 4237 555 4292 per
566 4219 785 4289 conjunctionem
800 4217 914 4274 masculi
964 4219 1019 4274 tier
1030 4217 1062 4272 dc
1078 4218 1136 4271 viro
1149 4214 1207 4269 solo
1218 4221 1349 4287 generata
1359 4213 1403 4279 sit,
1420 4215 1516 4269 omnio
1531 4218 1628 4270 uatem
1644 4232 1681 4272 ca
1696 4218 1761 4286 Deo,

107 4322 136 4369 et
153 4311 263 4367 femina.
277 4319 353 4367 creat
366 4310 514 4366 hominem.
534 4310 603 4365 Vere
628 4325 680 4365 nec
702 4309 747 4363 vir
770 4310 833 4365 sinc
847 4323 914 4362 mc·
965 4307 1034 4362 sicut
1048 4305 1151 4359 dictum
1165 4310 1215 4357 est.

109 4402 192 4466 ltere,
210 4416 260 4457 nec
274 4402 378 4456 molier
392 4401 454 4455 sinc
469 4401 528 4456 viro
545 4415 552 4454 t
569 4416 637 4454 acro
652 4401 727 4454 sicat
741 4399 846 4453 mutter
860 4388 949 4469 ge-D
1000 4391 1125 4448 Probavit
1140 4390 1288 4446 secundum
1303 4390 1425 4446 ordinem
1450 4390 1596 4447 creationis
1615 4394 1764 4450 secundum

108 4499 225 4546 neratur
235 4489 269 4546 cr
284 4492 362 4558 viro,·
378 4492 421 4545 ito
435 4493 464 4544 et
479 4489 521 4543 air
531 4495 680 4560 generatur
688 4503 739 4560 per
754 4488 913 4542 mulierem.

146 4579 198 4634 llic
212 4578 323 4651 quidam
338 4577 500 4632 insidiantur
522 4577 614 4632 verbis
635 4575 721 4642 Pauli,
737 4592 820 4647 quare
837 4575 916 4630 dixe-

108 4669 144 4724 rit
165 4667 268 4722 mulier
290 4666 325 4722 de
349 4666 417 4732 viro,
442 4665 485 4720 vir
508 4681 563 4720 non
587 4665 622 4720 de
644 4665 768 4734 mul'aere,
795 4665 844 4719 sed
869 4679 918 4734 per

112 4757 268 4822 mulierem,
296 4756 418 4811 dicentes
440 4754 475 4810 de
499 4755 584 4809 solius
608 4753 660 4810 vlri
683 4754 786 4809 semine
810 4752 917 4823 concipi

112 4862 232 4920 puerum
251 4845 309 4900 siue
330 4845 433 4901 semine
459 4844 565 4911 matris,
582 4844 630 4899 sed
655 4851 757 4898 tantum
781 4859 832 4913 per
854 4858 917 4896 mu-

112 4936 211 4992 lierem
234 4933 319 4991 foveri
343 4950 459 5005 puerum
479 4933 507 4988 in
532 4940 608 4988 utero
631 4931 736 4997 matris,
760 4947 810 4986 uec
831 4937 918 4985 mater

112 5025 215 5082 habeat
229 5022 267 5079 ibi
281 5039 384 5090 semen,
400 5023 450 5078 sed
474 5022 562 5077 solam
578 5021 647 5076 uteri
662 5020 833 5075 nutrituram.
849 5019 919 5075 blale

114 5121 287 5187 exponentes
300 5112 383 5168 verba
410 5111 496 5178 Pauli,
511 5127 573 5166 cum
586 5126 637 5182 per·
653 5117 708 5164 tam
724 5109 794 5164 bene
810 5108 844 5163 sit
857 5123 919 5164 ma-

115 5202 223 5269 teriale,
246 5200 473 5274 quemadmodum
497 5200 539 5255 de.
566 5199 639 5254 Licet
661 5199 751 5254 dicam
776 5196 919 5251 mulierem

113 5292 243 5369 generari
256 5292 289 5346 de
303 5292 363 5347 uiro
378 5297 404 5345 et
419 5306 433 5344 e
447 5303 590 5357 converso,
605 5294 700 5344 tomen
710 5288 769 5342 baec
783 5293 810 5341 et
824 5286 920 5342 arania

114 5397 288 5455 quaecunque
306 5386 369 5435 sunt
391 5395 428 5435 cor
451 5381 504 5434 Deo
528 5385 591 5432 suot
614 5395 621 5442 ;
646 5376 710 5448 quia
733 5390 783 5431 nec
806 5375 846 5432 vir
870 5390 921 5432 nec

115 5471 217 5531 mulier
231 5485 325 5545 perse
339 5475 453 5542 possunt
467 5465 570 5539 aliquid
586 5465 645 5522 sine
661 5466 729 5521 Deo.
824 5465 826 5470 '

965 4483 1085 4537 instituta
1099 4481 1218 4547 Petrum,
1235 4479 1324 4534 virum
1339 4495 1393 4534 uon
1409 4479 1511 4535 debere
1526 4481 1620 4548 velari,
1636 4498 1687 4539 uec
1700 4499 1764 4538 mu-

966 4573 1060 4626 lierem
1075 4569 1214 4625 denudare
1235 4576 1324 4638 caput.
1352 4569 1452 4624 Probat
1476 4570 1547 4625 idem
1567 4587 1618 4642 per
1641 4579 1766 4627 naturam

966 4661 1106 4732 utriusque
1123 4677 1129 4714 :
1146 4675 1206 4730 quse
1234 4658 1294 4713 viro
1318 4657 1459 4714 breviores
1497 4659 1611 4730 capillos
1641 4659 1716 4715 dedit
1736 4661 1766 4717 in

967 4751 1076 4823 signum
1098 4748 1250 4814 libertatis,
1267 4746 1375 4801 mulieri
1395 4747 1516 4818 prolixos
1533 4747 1561 4802 in
1585 4747 1693 4819 signam
1715 4767 1766 4806 ve-

967 4839 1041 4894 landi
1061 4837 1184 4909 pudoris.
1210 4837 1284 4892 Licet
1306 4836 1379 4891 enim
1412 4835 1522 4908 quidam
1545 4836 1598 4891 viri
1624 4837 1766 4911 longiores

968 4928 1095 4991 babeant,
1111 4927 1163 4982 hoc
1187 4924 1216 4979 srt
1231 4941 1281 4996 per
1304 4932 1400 4992 artem,
1425 4941 1479 4980 non
1502 4941 1551 4996 per
1575 4932 1711 4985 naturam.
1738 4928 1767 4985 Si

967 5032 1034 5072 vero
1058 5015 1166 5070 leminae
1190 5014 1332 5069 breviores
1355 5013 1552 5080 habeant,l10c
1571 5023 1613 5070 est
1628 5017 1767 5089 exaliqua

969 5105 1042 5174 vitio,
1059 5119 1113 5159 non
1127 5120 1160 5159 ex
1175 5112 1277 5158 natura.
1304 5103 1403 5158 Littera
1419 5103 1458 5158 sic
1478 5103 1614 5177 jungitur.
1648 5105 1767 5164 129

969 5193 1083 5249 Probavi
1105 5193 1232 5264 superius
1247 5208 1297 5262 per
1312 5191 1438 5248 ordinem
1461 5193 1607 5248 creationis
1621 5195 1768 5250 velandum

970 5299 1031 5338 esse
1052 5289 1132 5353 caput
1153 5281 1285 5336 mulieris.
1311 5282 1390 5336 Nunc
1411 5298 1457 5336 cos
1480 5282 1545 5353 ipsi,
1569 5282 1708 5352 Corinthii,
1720 5287 1771 5356 ju·

970 5374 1072 5439 dicate,
1090 5372 1163 5442 quod
1177 5386 1233 5425 uon
1247 5369 1348 5427 debere
1362 5368 1420 5425 fieri
1436 5370 1558 5440 probabo
1572 5386 1623 5441 per
1631 5379 1769 5443 naturam,

970 5461 1109 5526 tudicote,
1126 5460 1245 5535 iuquam,
1263 5473 1299 5516 au
1315 5461 1393 5520 decet
1409 5460 1559 5516 mulierem
1575 5475 1633 5515 oon
1648 5462 1772 5523 velatam
