3742 5986
135 208 190 264 687
806 199 1109 268 consensualitas.
1723 205 1776 261 038

133 330 402 385 nesdomusnostrae
416 329 682 401 scriptasmemoriaa
694 331 826 389 mandare
849 332 1002 391 curavimus
1025 330 1075 403 [ut.
1100 329 1247 402 curamus].
1270 331 1360 401 dqno
1386 328 1496 401 negotio
1518 325 1731 394 rationabilibus,
1747 335 1776 382 ut

130 432 267 496 putamus,
283 426 318 482 de
332 425 423 482 causis
435 426 481 481 diu
498 416 736 498 dissimulavimus,
752 429 877 485 videlieet
892 428 957 502 quia
978 429 1022 485 vel
1044 429 1072 484 in
1087 429 1210 500 epistolis
1225 429 1255 482 B.
1271 426 1438 499 Hieronymi,
1455 427 1497 483 vel
1523 426 1551 480 in
1578 426 1681 497 Regula
1703 425 1774 481 beati

128 521 267 578 Benedicti
282 537 331 578 seu
346 522 374 577 in
389 523 494 579 caeteris
504 524 651 596 seripturis
665 525 714 598 [ct.
732 526 838 582 catena
852 524 938 598 libris]
952 526 1124 592 authenticis,
1135 524 1225 581 omnia
1240 540 1310 596 pene
1325 540 1386 596 quae
1401 523 1445 580 bic
1462 523 1591 596 religiose
1605 538 1687 593 agere
1701 536 1770 578 oon·

130 617 270 673 suavimus
285 619 416 674 contineri
430 621 620 676 credebamus.
636 622 669 676 Et
683 636 743 687 nos,
755 622 800 694 qui
815 622 870 677 tale
887 620 989 693 aliquid
1002 620 1091 677 tacere
1114 636 1258 692 possemus
1279 620 1322 675 vel
1344 619 1515 704 deberemus,
1537 618 1635 690 dignos
1663 617 1774 673 minime

151 714 306 770 utebamus.

131 729 150 784 p
165 815 191 865 3.
207 812 266 866 Huc
280 809 428 867 accedebat
437 809 501 881 qnia
515 807 609 865 doceri
626 810 802 883 magisquam
812 810 913 867 docere
927 809 962 866 ad
978 809 1136 865 humilitatis
1150 816 1250 866 nostrae
1263 809 1431 881 propositum
1445 810 1582 880 pertinere
1597 827 1768 882 noveramus,

129 907 266 978 tutiusque
276 922 337 962 esse
350 906 440 961 aliena
451 905 541 976 potius
556 906 626 962 bona
640 921 722 979 quam
740 923 790 963 sua
804 907 965 980 predicare,
985 906 1121 976 Scriptura
1135 905 1241 961 dicente
1260 921 1265 960 :
1284 905 1391 961 madet
1419 909 1446 960 te
1464 906 1586 972 alienus,
1612 909 1641 960 et
1663 923 1720 964 non
1743 923 1773 962 os

130 1005 232 1069 tuum,·
249 1005 415 1066 extraneus,
443 1003 472 1056 et
504 1018 562 1057 non
587 1002 660 1058 iabiu
689 1005 738 1058 tua
755 1002 848 1072 (Prou.
873 1016 966 1071 xxvn,
990 1000 1032 1070 a).
1061 1001 1178 1056 Domino
1205 1016 1313 1072 quoque
1333 1000 1362 1055 in
1390 1001 1541 1071 Evangelio
1570 1000 1768 1072 praeoipiente:

135 1099 228 1154 Videte
251 1113 288 1154 nc
296 1098 444 1168 justitium
457 1101 580 1154 uestrum
592 1100 709 1169 [mistis
723 1115 818 1156 corum
834 1098 1002 1167 hominm,
1011 1103 1045 1156 ut
1054 1097 1208 1154 videamini
1222 1099 1255 1154 ab
1265 1098 1305 1154 eis
1320 1097 1427 1168 (ltutttt.
1445 1112 1483 1167 vr,
1500 1097 1539 1167 1).

801 1324 1092 1383 comanitarum.
1154 1414 1158 1423 Ι

125 1537 167 1584 ter
181 1527 412 1584 custodiebantur.
430 1528 483 1584 Pro
497 1527 604 1583 statutis
618 1527 671 1584 illis
685 1536 763 1584 erant
778 1535 842 1584 tunc
853 1529 958 1593 cha-A
972 1545 1074 1585 annum
1090 1531 1168 1595 1509,
1184 1544 1285 1586 nomen
1310 1531 1413 1586 statuti
1423 1529 1506 1585 etiam
1520 1528 1767 1586 Consuetudinibus

123 1615 190 1670 ritas
205 1623 232 1670 et
245 1616 342 1685 pietas,
359 1632 472 1687 qrrarum
486 1615 605 1687 impulsu
623 1631 656 1672 ea
679 1632 739 1688 quae
767 1632 783 1670 a
797 1616 922 1673 Patribus
971 1616 1105 1688 Guigonis
1118 1617 1146 1671 in
1159 1617 1248 1689 capite
1262 1617 1424 1690 paginarum
1437 1616 1518 1672 luerit
1531 1616 1682 1689 praefixum,
1699 1617 1769 1673 siout

124 1703 224 1759 tradite
246 1710 325 1759 erant
347 1712 374 1759 et
398 1704 588 1760 commendata
617 1719 700 1775 opere
735 1703 921 1775 complebant;
970 1712 997 1761 et
1011 1705 1115 1759 statutis
1128 1704 1254 1777 autiquis,
1271 1721 1332 1777 quae
1345 1721 1380 1760 ex
1401 1704 1525 1777 professo
1539 1705 1688 1776 composita
1706 1705 1768 1760 tue-

124 1790 192 1847 uibil
205 1798 270 1847 tunc
284 1792 319 1847 de
333 1805 384 1846 sua
405 1790 575 1847 observantia
598 1791 919 1863 scriptismandaveraut,
970 1800 1038 1858 rant,
1064 1799 1093 1846 ut
1116 1808 1182 1849 vere
1197 1800 1290 1849 essent
1307 1792 1513 1849 constitutiones
1528 1792 1585 1848 sive
1607 1799 1704 1847 statuta
1719 1808 1768 1848 or-

121 1879 187 1951 quia
200 1877 288 1935 adhuc
301 1879 410 1935 illorum
425 1878 595 1950 propositum
616 1880 689 1936 velut
710 1879 738 1933 in
754 1878 830 1934 cunis
841 1886 919 1945 erat;
969 1879 1041 1935 dinis
1054 1880 1176 1951 quamvis
1191 1880 1219 1935 in
1236 1879 1314 1936 titulo
1328 1895 1427 1937 nomen
1449 1880 1530 1936 etiam
1552 1880 1766 1937 consuetudinis

119 1975 147 2023 et
162 1966 340 2023 observantiae
363 1965 474 2035 ordinis,
506 1967 589 2022 veluti
605 1967 655 2021 sub
672 1966 771 2023 incude
785 1974 812 2021 et
834 1982 919 2037 expe·
968 1967 1057 2023 adbuc
1072 1967 1188 2040 legatur.

118 2054 224 2110 rientiaa
239 2053 336 2110 malleo
349 2054 437 2110 adbuc
449 2055 640 2110 versabantur.
655 2054 714 2111 Vile
729 2069 919 2125 suumpropo-
1003 2055 1072 2110 lhid.
1100 2056 1225 2128 Scriptus
1251 2057 1395 2112 memoriae
1414 2055 1564 2112 mundare.
1592 2055 1623 2110 ld
1637 2063 1679 2111 est
1693 2055 1764 2112 scri-

118 2141 209 2209 situm,
224 2150 253 2197 ut
267 2141 330 2196 alibi
343 2140 463 2214 loquitur
475 2141 614 2213 piissimus
628 2141 752 2214 scriptor,
775 2156 831 2197 non
854 2157 919 2197 con·
967 2143 1059 2198 bando
1072 2142 1218 2213 cognitioni
1232 2143 1371 2198 hominurn
1394 2150 1421 2199 ct
1443 2142 1607 2214 posteritatis
1627 2143 1767 2200 memoras

118 2229 276 2285 sidembaut
289 2229 371 2287 veluti
398 2228 500 2285 iontem
522 2229 597 2285 illum
624 2229 776 2300 parvulum,
793 2229 839 2302 qui
854 2246 917 2286 cre·
967 2230 1115 2287 servandas
1139 2230 1312 2302 exposuimus
1338 2239 1365 2286 et
1392 2230 1562 2287 tradidimus.
1592 2231 1701 2287 Phrasia
1726 2239 1767 2288 est

117 2333 197 2375 acere
211 2316 330 2374 debebat
342 2317 371 2372 in
384 2316 511 2384 tluvium;
526 2317 582 2374 imo
595 2332 646 2373 uec
660 2317 710 2374 hac
733 2316 768 2373 de
793 2334 824 2374 re
839 2319 917 2390 cogi·
967 2319 1128 2386 monastica,
1145 2319 1234 2390 captui
1249 2327 1275 2374 et
1297 2319 1378 2375 modo
1393 2319 1521 2391 loquendi
1549 2327 1612 2374 tunc
1635 2319 1765 2390 temporis

118 2406 224 2461 tabant.
241 2404 324 2461 Filios
337 2405 446 2462 Beehab
467 2404 651 2473 imitabantur,
674 2405 772 2477 quibus
787 2420 837 2477 pro
855 2407 918 2479 lege
967 2406 1066 2462 usitato
1090 2406 1180 2478 potius
1200 2407 1404 2463 accommodata
1419 2422 1501 2478 quam
1516 2407 1619 2480 regulis
1633 2423 1709 2480 purae
1724 2407 1766 2463 la·

118 2500 146 2549 et
160 2493 266 2548 statutis
279 2502 355 2549 erant
377 2509 482 2566 eaquae
509 2510 525 2549 a
552 2502 628 2564 patra
655 2493 707 2549 sibi
730 2494 917 2549 commendata
967 2494 1088 2550 tinitatis.
1105 2494 1184 2564 Quod
1200 2495 1243 2550 hie
1258 2495 1342 2551 semel
1355 2503 1474 2550 notatum
1493 2495 1527 2550 sit
1549 2511 1599 2567 pro
1622 2495 1763 2563 omnibus,

116 2580 224 2637 fuerant
238 2587 264 2636 et
278 2581 376 2637 tradita
392 2601 399 2648 ;
416 2589 443 2637 et
457 2589 520 2638 tunc
535 2581 685 2637 institutum
713 2581 913 2649 Carthasiense,
957 2596 1031 2637 -uam
1044 2582 1072 2637 in
1087 2583 1224 2655 plerisque
1238 2582 1306 2640 locis
1320 2582 1453 2639 similibus
1470 2583 1618 2656 phrasibus
1632 2590 1659 2640 et
1671 2583 1763 2641 verbis
1803 2590 1808 2599 “

118 2669 194 2740 quod
207 2669 308 2742 ubique
322 2669 381 2725 solo
392 2671 532 2744 propositi
539 2669 649 2725 nomine
655 2668 771 2741 scriptor
779 2669 913 2740 exprimit,
966 2677 1076 2726 sanctus
1091 2670 1134 2726 vir
1144 2670 1237 2726 utitur.

115 2757 175 2813 sola
189 2757 335 2813 traditione
348 2758 500 2814 constabat.
1001 2758 1070 2813 Ibid.
1083 2758 1154 2826 Quia
1163 2760 1207 2815 uei
1219 2759 1252 2814 in
1264 2760 1391 2832 epistolis
1400 2761 1430 2814 B.
1447 2761 1644 2833 Hieronymi...
1664 2760 1766 2817 Omnia

152 2846 192 2900 Be
207 2845 447 2901 consuetudinibus
461 2860 529 2917 ergo
550 2859 566 2898 a
590 2844 622 2900 11.
646 2846 676 2902 P.
697 2845 823 2918 Guigone
843 2846 952 2936 scri-B
963 2861 1036 2918 pene
1046 2862 1107 2918 quae
1122 2844 1167 2902 bie
1186 2847 1315 2918 religiose
1325 2862 1408 2917 agere
1417 2849 1611 2904 consuevimus
1621 2849 1766 2905 contineri

118 2931 217 2986 bondis
231 2932 276 2988 laio
289 2932 391 3005 agitur,
406 2948 461 2988 non
484 2932 593 3003 proprie
608 2932 643 2988 de
663 2933 778 2988 aulatis.
795 2933 849 2989 Cur
863 2949 915 2989 au·
965 2933 1157 2991 credebamus.
1172 2935 1241 2990 Hinc
1263 2940 1336 3005 patet
1351 2933 1473 2999 libertas,
1498 2949 1551 3007 qua
1573 2935 1601 2990 S.
1616 2936 1708 2992 Bruno
1737 2943 1765 2992 et

116 3025 172 3073 tem
187 3018 215 3071 in
229 3018 362 3090 capitibus
377 3019 539 3091 paginarum
560 3019 622 3074 libri
645 3020 716 3091 typis
735 3021 854 3076 mandati
867 3021 917 3076 ha·
965 3037 1140 3079 successores
1163 3023 1222 3091 eJus
1236 3021 1379 3079 voluerunt
1407 3023 1577 3094 propositum
1605 3030 1632 3078 et
1651 3023 1763 3079 modum

117 3104 199 3160 betur
210 3106 326 3163 Statutu
343 3107 600 3179 duiponiatdccipe
610 3107 753 3163 rationem.
770 3108 837 3164 Cum
847 3109 915 3165 ordo
965 3109 1017 3164 sibi
1032 3109 1140 3166 vivendi
1155 3110 1267 3183 eligere,
1278 3117 1305 3165 et
1318 3123 1493 3181 componere,
1508 3117 1588 3181 prout
1609 3110 1721 3181 spiritus
1736 3119 1763 3166 et

112 3191 172 3262 jam
191 3195 323 3250 crevisset
346 3202 372 3250 et
386 3195 572 3251 necessarium
587 3195 675 3251 visum
696 3194 792 3251 luisset
819 3203 916 3252 statuta
964 3197 1109 3270 prudentia
1127 3204 1313 3270 suggererent,
1330 3205 1356 3252 et
1371 3213 1426 3253 non
1443 3213 1473 3253 se
1487 3197 1639 3270 astringere
1653 3198 1688 3254 ad
1701 3198 1763 3254 illas

113 3282 235 3342 condere
255 3278 352 3354 quibus
367 3289 424 3337 turn
438 3282 531 3354 politia
546 3290 667 3351 externa,
686 3291 742 3338 tum
764 3283 915 3355 disciplina
963 3285 1075 3357 regulas
1091 3300 1139 3341 seu
1153 3285 1356 3342 constitutiones
1371 3283 1522 3357 specificas,
1548 3302 1609 3358 qnae
1633 3285 1662 3342 in
1680 3285 1763 3342 variis

113 3371 253 3444 regularis
277 3370 374 3437 torma,
390 3377 444 3426 tum
461 3371 643 3427 observantie
657 3371 842 3427 carthusianae
866 3388 914 3429 seu
964 3368 1105 3424 ordinibus
1129 3367 1284 3424 monasticis
1303 3367 1403 3424 sivein
1418 3368 1529 3424 Oriente
1552 3368 1610 3424 sive
1631 3368 1660 3423 iu
1683 3367 1764 3426 Occi·

113 3458 281 3517 austeritatis
294 3466 321 3514 et
336 3458 464 3515 solitariae
487 3458 549 3515 vitae
562 3459 642 3527 ratio,
660 3467 717 3514 turn
740 3460 850 3516 demum
873 3460 915 3515 in·
963 3456 1044 3512 dente
1060 3455 1238 3526 jamdudum
1252 3454 1358 3511 inerant
1371 3455 1496 3512 conditae.
1507 3455 1582 3511 Nihil
1604 3456 1656 3512 sibi
1680 3456 1763 3528 elegit

113 3547 202 3604 stituti
220 3546 388 3603 Cartbusiani
416 3562 494 3602 mens
516 3546 734 3619 exprimerentur
760 3554 787 3604 et
807 3547 914 3620 seriptis
964 3544 994 3599 S.
1010 3545 1100 3600 Bruuo
1112 3560 1162 3617 pro
1176 3544 1284 3601 vivendi
1299 3543 1390 3613 modo,
1407 3544 1479 3616 quod
1492 3560 1548 3599 uon
1562 3552 1635 3601 esset
1649 3553 1761 3601 sancto·

110 3634 316 3703 mandarentur,
342 3649 375 3691 ac
389 3650 438 3705 per
450 3635 562 3691 modurn
576 3635 674 3707 legalis
693 3635 807 3691 instituti
824 3635 913 3691 omni·
963 3649 1022 3688 rum
1037 3632 1203 3706 Hieronymi,
1220 3632 1358 3688 Benedicti
1381 3632 1538 3689 stallorum
1566 3632 1673 3706 scriptis
1698 3633 1759 3688 lau-

113 3724 166 3779 bns
179 3723 314 3779 servanda
328 3721 501 3792 traderentur
516 3739 524 3778 :
541 3723 574 3779 lt.
590 3723 620 3779 P.
636 3724 669 3778 B.
686 3722 810 3780 Rifferius
824 3723 914 3795 prima
962 3722 1066 3788 datum,
1096 3721 1146 3777 sed
1171 3736 1226 3777 non
1255 3720 1317 3777 ideo
1343 3720 1453 3776 illorum
1478 3720 1581 3794 regulis
1595 3736 1625 3777 se
1639 3719 1760 3789 addixit3

110 3811 169 3879 illa,
186 3811 378 3883 manentique
397 3824 535 3880 vocamus,
553 3817 653 3866 statuta
667 3811 796 3878 condidit,
810 3811 840 3867 in
851 3811 913 3883 qui·
963 3809 1088 3880 quamvis
1102 3809 1166 3864 inde
1180 3808 1262 3865 veluti
1286 3808 1432 3880 spiritualis
1444 3809 1502 3880 apis
1525 3807 1666 3883 collegerit
1689 3808 1762 3864 unde

111 3901 164 3955 bus
182 3898 320 3955 momnis
341 3897 512 3971 transcripsit
533 3914 593 3970 quae
611 3898 640 3953 in
667 3898 913 3955 consuetudinibus
961 3896 1052 3953 melei
1066 3913 1158 3955 ceram
1172 3897 1312 3969 propriam
1327 3904 1512 3968 componeret.
1528 3897 1589 3953 Non
1604 3912 1671 3971 ergo
1699 3912 1761 3952 me·

109 3989 144 4044 tt.
161 3989 191 4042 P.
208 3985 341 4060 Guigonis
355 3986 498 4052 habentur,
509 3986 680 4057 paucissimis
703 3987 824 4058 exceptis
852 4003 913 4060 quae
962 3984 1014 4041 rito
1040 3985 1221 4057 improperari
1240 3992 1330 4056 potest
1347 3985 1389 4041 sui
1411 3984 1524 4041 instituti
1547 3984 1760 4058 professoribus,

110 4091 145 4131 ex
164 4073 291 4147 professo
313 4073 478 4143 notabimus,
494 4081 523 4129 ut
540 4074 666 4130 omnibus
679 4075 852 4147 perspicuum
867 4075 911 4144 sit,
962 4074 1036 4146 quod
1050 4073 1101 4130 has
1114 4072 1158 4131 vel
1179 4073 1241 4128 illas
1257 4082 1413 4130 sanctorum
1427 4073 1485 4130 sive
1499 4073 1620 4143 Antonii,
1635 4075 1692 4131 sive
1707 4075 1761 4132 Cli·

109 4169 241 4236 quantum
255 4170 378 4219 errarent
392 4163 438 4235 qui
454 4162 597 4218 occasione
622 4162 730 4233 capituli
753 4165 791 4220 De
815 4180 911 4237 repre·
961 4162 1047 4226 maci,
1071 4161 1129 4218 sive
1150 4161 1299 4228 Benedicti,
1327 4162 1385 4219 sive
1408 4161 1540 4218 Bernardi
1567 4170 1613 4218 aut
1637 4170 1762 4220 veterum

110 4252 247 4308 tensione
271 4249 354 4322 (quod
383 4257 509 4322 quanam
535 4250 562 4305 iu
576 4249 697 4307 secunda
715 4259 791 4322 parte
806 4220 946 4323 primo-⁰
962 4249 1133 4306 orientalium
1147 4249 1256 4304 Petrum
1270 4249 1392 4305 instituta
1406 4254 1433 4304 et
1456 4264 1625 4321 praxeanos
1644 4266 1760 4323 sequan-

110 4355 172 4394 rum
196 4337 304 4393 iliorum
318 4345 477 4394 statutorum
487 4339 656 4409 numeratur)
680 4352 735 4394 non
762 4339 911 4395 seeundum
961 4345 1013 4404 tur,
1031 4337 1143 4410 quiasui
1157 4336 1291 4409 propositi
1304 4353 1360 4393 nou
1375 4345 1446 4406 sunt,
1472 4353 1524 4396 nee
1536 4337 1599 4395 illas
1613 4339 1761 4398 servandas

109 4442 222 4484 sensum
248 4426 377 4489 auctaas,
403 4425 542 4496 intellecti,
575 4426 710 4483 decidium
737 4425 842 4483 ordinis
875 4426 910 4482 ab
960 4425 1173 4499 sibielegerunt.

106 4515 186 4572 initio
197 4515 253 4584 jam
268 4514 393 4571 evenisse
406 4521 541 4586 putarent.
1000 4512 1067 4569 ibid.
1085 4517 1119 4570 Bt
1129 4530 1180 4573 uos
1189 4515 1238 4587 qui
1247 4516 1305 4572 tale
1315 4514 1424 4589 aliquid
1433 4531 1588 4589 possemus.
1599 4516 1665 4574 lude
1679 4516 1760 4574 etiam

140 4603 208 4659 inde
222 4618 290 4674 ergo
301 4602 400 4659 accidit
416 4609 445 4657 ut
457 4601 531 4674 quod
553 4602 714 4674 simpliciter
735 4603 907 4660 consuetudo
959 4609 1070 4673 apparet
1083 4603 1156 4673 quod
1170 4604 1205 4658 de
1219 4603 1360 4660 condenda
1383 4618 1455 4660 nova
1475 4611 1502 4660 et
1519 4604 1652 4679 singulari
1665 4606 1759 4678 regula

104 4691 196 4766 primo
210 4691 361 4747 vocabatur
375 4690 427 4746 sub
436 4689 585 4747 reverendo
614 4691 692 4747 Patre
714 4690 850 4765 Guigoue,
879 4691 908 4747 in
958 4705 1013 4746 uon
1029 4690 1189 4761 cogitarent,
1215 4691 1265 4747 sed
1279 4698 1383 4746 tantum
1397 4691 1513 4747 turmam
1537 4693 1682 4765 quamdam
1696 4709 1759 4750 ere·

106 4779 254 4852 quamdam
266 4779 337 4848 juris
356 4777 476 4849 speciem
492 4778 593 4834 sensim
606 4795 656 4849 per
670 4794 761 4834 mores
775 4779 906 4852 utentium
957 4780 1054 4835 mitice
1068 4778 1148 4833 simul
1158 4786 1185 4833 et
1197 4780 1361 4836 cambitice
1368 4779 1487 4848 vivendi,
1499 4779 1551 4836 sibi
1565 4780 1633 4853 ipsis
1647 4796 1759 4853 compo-

105 4867 245 4936 trausiret,
258 4867 328 4923 sicut
343 4865 394 4923 tert
407 4866 467 4938 ipsa
478 4865 683 4923 consuetudinis
697 4865 819 4924 delinitio
833 4867 906 4939 apud
956 4882 1025 4922 nere
1040 4874 1235 4939 proponerent.
1252 4867 1334 4937 Cujus
1358 4869 1482 4941 exemplo
1505 4869 1621 4936 attracti,
1642 4869 1758 4926 Bemm-

100 4953 273 5025 jnrisperitos
302 4972 309 5009 :
337 4954 461 5026 sicutque
486 4954 634 5011 accedente
668 4962 762 5026 postea
789 4956 906 5026 quadam
956 4955 1008 5010 dus
1022 4955 1162 5010 Portarum
1178 4954 1261 5010 etalii
1274 4955 1432 5029 inPrclogo
1446 4956 1587 5024 nominati,
1599 4956 1757 5014 sodalitium

102 5040 301 5114 approbatione
317 5043 345 5099 S.
361 5043 395 5096 B.
406 5042 441 5097 N.
454 5042 604 5098 iunocentii
614 5043 723 5114 papaeii
732 5051 813 5115 atque
823 5043 904 5099 etiarn
955 5043 1061 5115 piorum
1076 5043 1104 5097 in
1123 5043 1196 5099 idem
1212 5058 1300 5115 genus
1327 5044 1390 5100 vitae
1417 5045 1630 5113 conjuratorum
1655 5045 1757 5120 singuli

100 5128 273 5185 ordinatione
289 5128 398 5200 capituli
412 5129 559 5202 generalis,
577 5131 628 5185 sub
647 5130 676 5186 S.
691 5131 816 5187 dntclmo
831 5131 905 5188 circa
954 5130 1007 5186 sibi
1030 5130 1111 5186 etiarn
1138 5130 1272 5197 lecerunt,
1285 5139 1311 5187 et
1338 5147 1446 5187 eremos
1468 5131 1520 5186 sibi
1542 5132 1693 5207 elegerunt,
1710 5134 1757 5191 ubi

101 5232 203 5272 aunum
218 5219 286 5271 1113
313 5217 453 5286 celebrati,
483 5217 530 5272 ubi
551 5217 650 5274 dicitur
677 5219 904 5276 incandescere
954 5218 1109 5276 eremitoria
1131 5227 1352 5282 construxerunt.
1368 5235 1430 5290 quaa
1448 5218 1530 5277 bodie
1546 5227 1610 5277 sunt
1624 5221 1761 5294 antiquio-

97 5306 282 5377 proeecriptur
296 5306 523 5374 consuetudines,
532 5306 902 5374 jaminstatutctransierant
953 5323 997 5363 res
1012 5307 1110 5363 domus
1121 5309 1234 5364 ordinis.

101 5399 227 5464 tempore
248 5393 388 5449 reverendi
412 5393 499 5449 Patris
523 5394 635 5451 Biderii.
651 5393 712 5464 Qua
739 5393 842 5450 ratione
857 5394 901 5450 la·
989 5396 1071 5451 Num.
1087 5399 1116 5451 3.
1135 5397 1205 5465 Quia
1216 5395 1309 5454 doceri
1327 5398 1513 5471 neququam
1527 5397 1634 5454 docere.
1648 5396 1761 5457 inabs-

99 5487 177 5538 etum
191 5487 233 5536 est
245 5488 274 5536 ut
288 5481 355 5538 dum
368 5489 468 5538 smtuta
478 5481 549 5555 typis
563 5482 819 5540 esseutmaudanda
828 5481 901 5542 eirca
950 5483 1060 5541 condito
1083 5483 1162 5542 laeiei
1175 5483 1227 5542 Dei
1252 5484 1349 5556 tatae,
1363 5486 1598 5545 conversationem
1622 5482 1652 5541 in
1680 5487 1766 5549 scalis
