3742 5986
67 169 118 222 tot
364 162 554 223 EXPOSITIO
584 164 622 221 IN
647 159 839 221 EPtSTOLns
866 159 978 218 Pantt.
995 161 1082 218 --ΙΝ
1109 158 1222 217 EPIST.
1255 159 1302 217 AD
1329 159 1418 218 nott.
1663 164 1716 220 {bb

68 309 157 359 secra,
174 291 204 348 id
214 299 256 348 est
265 308 315 363 per
329 292 420 347 omnia
434 307 515 348 sacra
538 307 637 348 moneo
666 306 722 347 aas.
749 287 872 345 Obsecro
886 287 911 347 Δ
924 302 1002 359 aequo
1016 286 1098 343 modo
1114 285 1234 357 sapiatis,
1251 290 1279 342 et
1290 285 1352 342 ideo
1369 286 1523 359 aatcaiqae
1537 285 1655 344 sufficiat
1668 305 1717 345 sa-

68 383 164 457 utiope
172 398 225 453 per
239 381 465 438 misericordiam
476 382 535 450 liei,
547 380 621 436 idest
629 396 678 452 ρετ
688 377 870 450 apostolatum
920 391 994 448 pere,
1011 377 1086 432 sicat
1105 377 1175 431 Deae
1197 375 1309 431 divisim
1327 376 1403 431 dedit
1418 376 1538 448 aiaqalis
1554 393 1719 435 mensuram

69 471 147 534 mihi,
164 469 297 541 nonquia
319 469 477 535 mensatim,
507 470 555 524 sed
574 484 624 540 ρετ
652 465 870 522 misericordiam
920 464 1001 521 69
1018 465 1093 534 fidei,
1110 464 1137 519 id
1151 472 1192 519 est
1206 464 1278 519 dona
1306 481 1354 520 sua
1370 473 1536 535 mensurata,
1567 468 1717 524 secundum

70 558 210 613 traditum.
228 558 276 613 Vel
300 558 416 614 obsecro
430 574 481 630 ρετ
507 556 722 613 misericordiam
750 554 810 621 Dei,
837 570 870 608 ex
920 554 1031 609 modum
1048 563 1075 609 et
1091 553 1321 624 opportunitatem
1340 552 1403 608 fidei
1418 554 1602 611 v·estrae.1deo
1617 556 1720 613 Roma-

70 646 231 719 quaomnia
247 648 318 702 bona
334 662 396 702 esse
415 646 539 717 superius
554 645 677 717 probavi,
693 649 726 701 at
736 645 869 701 exhibea·
920 658 971 697 nos
986 658 1003 696 a
1018 641 1156 697 nimietate
1171 641 1311 712 sapientiae
1334 643 1465 714 reprimit,
1482 645 1544 716 quia
1562 645 1614 716 ipsi
1637 662 1720 718 supra

70 738 119 800 tis,
137 735 222 790 idest
243 742 395 806 praeparata
424 733 538 805 faciatis,
568 750 622 790 uon
645 733 732 789 solum
755 733 869 798 animas,
920 730 1031 786 modurn
1046 730 1247 803 investigabant
1261 747 1357 786 causas
1371 732 1560 803 mysteriorum
1587 735 1646 790 Dei.
1663 736 1721 793 Hoc

70 825 120 879 sed
135 824 217 880 etiam
233 840 350 897 corporo
365 827 468 880 uestra.
484 823 646 879 Exhibeatis
660 823 722 878 dico
737 823 868 887 bostiam,
921 827 1011 875 autem
1026 819 1098 890 quod
1110 819 1290 874 Deusnemiui
1299 827 1384 875 totum
1395 836 1493 892 sapere
1501 823 1584 890 dedit,
1602 825 1651 879 sed
1670 841 1721 896 ρετ

70 914 97 968 id
116 922 159 968 est
192 911 381 968 mortificatam
410 913 559 967 secundum
587 911 785 983 depositionem
809 925 870 964 sor·
921 916 1014 979 partes
1030 908 1145 980 singulis
1159 907 1264 973 diuisit,
1281 909 1394 964 multum
1410 909 1482 965 valet
1496 911 1532 966 ad
1546 912 1608 977 hoc,
1623 920 1652 967 ut
1667 913 1719 969 sibi

70 1002 158 1068 dium,
184 1009 211 1056 et
234 1003 375 1057 viventem
391 1001 540 1056 secuudum
554 1000 716 1071 positionem
731 1000 868 1055 virtutum.
921 997 1103 1062 subserviant,
1116 1003 1142 1052 et
1157 1006 1186 1051 ut
1200 997 1270 1052 alter
1283 997 1360 1053 alteri
1375 998 1494 1054 vicissim
1510 1016 1571 1056 sese
1595 1009 1720 1057 contem-

70 1091 130 1147 Nec
146 1089 181 1145 ad
196 1098 304 1161 tempus
313 1089 458 1155 viventem,
471 1089 519 1145 sed
529 1094 671 1155 sanctem,
687 1089 715 1143 id
730 1097 770 1143 est
780 1088 807 1143 in
818 1088 871 1143 vita
921 1093 1027 1158 perant.
1044 1086 1111 1141 Cum
1126 1086 1197 1141 euim
1213 1103 1283 1141 unus
1293 1085 1410 1158 ignorat,
1425 1088 1497 1159 quod
1521 1089 1589 1145 alter
1602 1091 1681 1162 sapit,
1694 1099 1721 1148 et

70 1179 203 1234 virtutum
220 1186 344 1234 sanctam
360 1185 384 1233 et
408 1178 610 1248 perdurantem,
636 1178 699 1232 etin
714 1176 871 1232 hacvitaet
923 1191 1074 1232 econverso
1091 1193 1097 1228 :
1114 1173 1142 1229 in
1166 1175 1322 1230 diversitate
1360 1185 1535 1247 acceptarum
1569 1180 1720 1257 gratiarum

71 1266 214 1322 sanctitate
230 1266 403 1322 noulucrum
427 1265 600 1321 vellendam
625 1265 719 1320 mundi
749 1280 872 1337 quaeren·
922 1264 1058 1320 subservit
1085 1263 1257 1333 alteralteri,
1274 1264 1377 1336 dequo
1399 1268 1720 1337 congruamsimilitudi-

71 1363 139 1424 tem,
153 1355 202 1410 sed
217 1357 272 1411 Deo
283 1370 334 1426 per
346 1354 437 1410 omnia
449 1356 621 1426 placentem.
923 1369 985 1408 uem
1000 1353 1142 1424 supposuit
1159 1371 1166 1408 :
1182 1355 1247 1425 qaia
1259 1355 1494 1425 quemadmodum
1513 1355 1622 1413 diuersa
1632 1375 1720 1414 mem·

107 1445 143 1498 Et
155 1460 191 1498 ue
206 1443 269 1514 quia
293 1443 375 1499 modo
400 1442 514 1509 dixerat,
539 1443 664 1499 exbibete
686 1458 800 1513 corpora
821 1458 872 1499 ve·
923 1443 1078 1499 hraineino
1089 1442 1336 1513 corporedtmrsoa
1350 1459 1450 1498 sensas
1461 1442 1558 1517 [actus]
1570 1445 1720 1504 habentia:

71 1539 129 1586 stra
144 1532 268 1600 hostiam,
285 1539 394 1603 putaret
411 1531 508 1603 aliquis
526 1530 702 1604 affligendum
724 1547 786 1586 esse
809 1547 871 1587 cor·
923 1548 972 1603 pes
982 1531 1074 1586 manui
1090 1530 1236 1598 subservit,
1253 1530 1317 1584 dum
1332 1539 1423 1602 portat
1434 1548 1545 1588 manum
1557 1534 1592 1589 ad
1606 1542 1720 1608 tangen-

70 1637 124 1692 pos
140 1621 200 1676 sine
214 1620 305 1691 aliqua
328 1620 513 1690 temperantia,
537 1619 600 1675 ideo
616 1620 691 1674 abdit
704 1619 851 1691 Apostolus
863 1637 908 1703 :B
924 1619 988 1674 dum
1004 1618 1076 1692 quod
1091 1618 1164 1690 cupit
1181 1662 1187 1685 ,
1209 1634 1307 1673 manus
1326 1620 1399 1690 pedi,
1424 1621 1488 1675 dum
1504 1623 1603 1693 pedem
1631 1625 1721 1681 vestit.

72 1711 110 1764 lta
124 1709 187 1765 dico
202 1709 329 1775 hostiam,
346 1716 375 1762 ut
397 1709 557 1781 obsequium
576 1713 701 1765 vestram
724 1709 758 1762 sit
785 1711 873 1764 ratio·
922 1709 967 1764 Sic
982 1712 1009 1763 et
1024 1724 1074 1762 nos
1083 1708 1193 1764 divorsa
1203 1708 1327 1764 membra
1337 1725 1446 1775 sumas,
1458 1727 1548 1766 amam
1568 1716 1725 1785 carpasio-

72 1798 178 1864 nobile,
199 1797 227 1853 id
243 1805 327 1853 estut
346 1813 409 1853 cum
436 1796 602 1853 discretione
624 1797 761 1866 jejunetis,
777 1797 875 1868 vigile·
923 1798 1016 1852 clesiie
1027 1794 1180 1851 efficientia.
1191 1796 1267 1852 Sicut
1277 1796 1348 1851 enirn
1360 1797 1500 1853 abeodem
1511 1800 1600 1854 anima
1611 1801 1722 1857 diversa

72 1886 118 1955 tis,
136 1894 189 1943 etc.
923 1885 1045 1939 membra
1060 1884 1086 1938 iu
1102 1884 1200 1939 eodem
1215 1900 1331 1954 corpore
1346 1884 1537 1942 sensificantur
1553 1904 1559 1943 :
1576 1888 1613 1943 ita
1629 1905 1679 1945 nos
1695 1890 1723 1945 in

110 1976 193 2030 blodo
222 1975 325 2032 diceret
347 1976 446 2049 aliquis
476 1993 483 2033 t
508 1978 621 2032 Paratus
656 1992 716 2030 sum
745 1975 873 2030 exhibere
924 1988 1039 2044 corpore
1053 1971 1185 2029 Ecclesiae
1200 1988 1248 2042 per
1263 1973 1388 2028 eumdem
1407 1974 1531 2045 spiritum
1546 1979 1723 2034 omuesvivi·
1812 2011 1815 2016 -

72 2080 118 2119 me
132 2066 199 2132 Deo,
218 2065 336 2136 quandiu
358 2082 412 2121 non
434 2067 578 2122 conturbat
600 2082 643 2120 me
667 2065 794 2129 mundus,
825 2063 873 2118 sed
924 2061 1044 2118 beamur.
1062 2061 1163 2116 Littera
1178 2060 1218 2116 sic
1229 2061 1352 2132 juugitur
1369 2077 1375 2116 :
1391 2063 1464 2118 Deus
1478 2064 1571 2136 utique
1585 2066 1656 2121 dona
1672 2083 1723 2122 sua

73 2153 175 2208 durum
192 2162 234 2208 est
248 2154 376 2210 resistere
391 2155 494 2210 mundo
508 2154 615 2228 cogenti
630 2170 684 2209 me.
707 2154 808 2208 Contra
822 2153 874 2208 boc
923 2151 1032 2205 divisim
1048 2149 1131 2205 dedit.
1143 2149 1214 2203 Nam
1234 2150 1311 2206 sicat
1332 2150 1364 2205 in
1378 2168 1435 2208 aaa
1450 2169 1564 2225 corpora
1589 2153 1723 2212 babemus

75 2241 177 2296 Paulus
195 2256 201 2295 :
219 2242 274 2296 Vos
290 2242 383 2314 utique
402 2243 469 2298 tales
497 2242 631 2306 exbibete,
648 2246 677 2298 et
704 2243 794 2297 molita
808 2256 874 2296 com·
924 2240 1033 2311 quidem
1043 2239 1277 2305 maltamemlra,
1293 2239 1342 2295 sed
1353 2257 1411 2296 nom
1424 2243 1520 2298 omnia
1538 2245 1662 2301 membra
1679 2246 1727 2302 lia·

72 2331 207 2402 formari,
219 2331 247 2386 id
272 2338 313 2386 est
335 2332 491 2387 conformes
506 2330 565 2386 beri
580 2333 646 2387 baia
660 2330 773 2396 soecalo,
802 2337 830 2383 ut
846 2328 873 2383 in
924 2330 989 2384 leat
1005 2328 1135 2384 eamdem
1152 2331 1249 2382 actam
1264 2329 1328 2384 :ita
1342 2345 1393 2384 nos
1406 2332 1493 2386 malti
1508 2349 1598 2388 anum
1622 2351 1722 2407 carpat

71 2419 165 2490 aliquo
189 2419 383 2490 obtemperetis
405 2421 517 2486 mundo,
541 2420 691 2475 blandienti
710 2433 758 2473 seu
779 2418 873 2472 deter-
924 2416 1721 2489 samasiacapiteChristo:sedrinqalisumusmembra:

72 2508 147 2562 renti
170 2523 229 2563 vos.
258 2509 348 2563 Nolite
373 2507 538 2565 conformavi
566 2507 677 2573 saeculo,
707 2507 754 2563 aad
781 2509 874 2578 resor—
924 2505 968 2560 ita
982 2507 1053 2578 quod
1063 2507 1137 2562 alter
1150 2506 1281 2572 alterius,
1300 2505 1327 2560 id
1341 2513 1391 2573 est,
1403 2515 1430 2561 ut
1452 2507 1496 2564 hic
1510 2509 1605 2565 oculus
1614 2512 1724 2568 subser-

74 2597 201 2652 memini
216 2613 265 2668 ρετ
279 2597 452 2669 baptismum,
473 2598 518 2669 qui
539 2597 614 2668 prius
640 2595 785 2651 deformati
809 2594 875 2649 estis
898 2602 901 2607 “
924 2594 978 2650 viat
992 2594 1032 2649 illi
1045 2595 1118 2665 pedi,
1136 2602 1162 2649 ct
1177 2594 1216 2650 sic
1231 2594 1258 2649 in
1276 2595 1390 2664 caeteris,
1416 2612 1477 2667 quae
1491 2601 1724 2670 contemperantia

73 2702 125 2757 ρετ
140 2685 248 2756 culpam
270 2686 347 2753 Adae,
362 2686 405 2740 vel
429 2685 621 2752 reformamini,
638 2685 665 2739 id
693 2692 734 2740 est
755 2683 875 2756 quotidie
926 2683 1133 2739 subservitionis
1159 2682 1303 2754 plurimum
1321 2692 1361 2739 est
1385 2684 1482 2740 idonea
1502 2687 1545 2745 ,ad
1573 2689 1723 2747 custodiam

74 2774 257 2836 innovamini,
274 2774 320 2846 qui
343 2790 440 2830 novam
468 2774 582 2830 sormam
603 2772 741 2844 justificati
768 2772 876 2843 accepi·
925 2771 1122 2827 humilitatiset
1137 2771 1255 2827 unionis.
1273 2771 1378 2843 Singuli
1395 2790 1494 2830 sumas
1518 2776 1588 2832 alter
1611 2777 1724 2834 alterius

75 2863 137 2918 stis.
155 2863 349 2920 Reformamini
372 2864 442 2932 dico,
467 2862 635 2935 proficiendo
657 2862 766 2918 assidue
780 2864 873 2919 im'no·
925 2861 1051 2917 mambra
1068 2860 1179 2933 tignus,
1196 2860 1280 2915 idest
1301 2868 1448 2932 propterea
1471 2863 1536 2936 quia
1565 2865 1649 2923 voluit
1673 2883 1724 2924 nos

73 2953 165 3008 vitata
179 2969 278 3008 sensas
306 2955 402 3019 vestri,
427 2952 511 3008 idest
533 2967 641 3023 semper
658 2951 746 3024 magis
769 2966 801 3006 aa
815 2967 875 3004 rna·
927 2951 1001 3005 Deus
1015 2950 1050 3005 ita
1065 2949 1185 3006 vicissim
1202 2950 1369 3020 subservire,
1384 2967 1478 3007 sumus
1494 2953 1627 3013 babentes
1637 2958 1726 3015 doma·

75 3041 121 3114 gis
138 3042 207 3096 bene
231 3042 372 3112 operando
392 3040 568 3109 innovamini,
599 3045 632 3097 at
647 3041 686 3097 sic
698 3041 832 3113 probetis,
849 3039 877 3094 id
892 2999 915 3060 Ο
928 3039 1018 3095 tiones
1028 3039 1191 3110 differentes
1201 3058 1210 3093 :
1220 3046 1248 3093 ut
1257 3039 1301 3096 hic
1310 3041 1499 3112 prophetiam,
1507 3043 1551 3100 hic
1561 3044 1723 3121 doctrinam,

75 3137 119 3185 est
129 3130 309 3200 probabiliter
335 3130 517 3202 cognoscatis,
541 3131 654 3202 qaaerit
669 3131 800 3185 voluntas
816 3128 874 3195 nav,
927 3136 979 3183 etc.
997 3127 1026 3182 Si
1050 3127 1122 3183 euim
1146 3127 1247 3200 singuli
1275 3143 1370 3183 omnes
1399 3129 1559 3187 donationes
1582 3135 1723 3205 haberent,

73 3217 202 3273 voluutas
216 3218 277 3275 dico
290 3220 369 3284 bona,
396 3218 422 3273 id
438 3226 480 3273 est
500 3217 572 3272 utilis
586 3217 746 3274 iacientibus
760 3233 831 3287 earn,
848 3219 877 3272 et
926 3232 982 3271 non
992 3225 1065 3271 esset
1075 3216 1147 3271 unde
1163 3215 1232 3272 alter
1248 3215 1327 3271 alteri
1340 3217 1516 3289 subserviret,
1538 3221 1582 3277 vel
1597 3239 1725 3280 necessa·

77 3308 273 3380 beneplacens,
288 3307 330 3361 bis
344 3307 459 3379 quiactu
481 3307 657 3378 experiuntur
680 3320 815 3372 eam,nec
840 3305 877 3359 ita
929 3305 1077 3371 riusesset,
1094 3312 1120 3359 et
1141 3304 1180 3359 sic
1204 3304 1272 3359 alter
1295 3304 1323 3359 iu
1346 3304 1463 3362 alterum
1481 3309 1645 3380 superbiret,
1668 3329 1724 3370 nou

76 3396 106 3450 in
120 3411 175 3450 nno
190 3396 261 3451 bene
285 3396 405 3467 placens,
422 3404 450 3450 ut
471 3395 498 3450 iu
523 3396 577 3451 alio
605 3395 758 3466 displiceat,
783 3393 831 3449 sed
849 3393 877 3447 iu
928 3393 1023 3449 relicto
1036 3392 1109 3448 unde
1122 3408 1192 3447 uuus
1207 3392 1284 3447 alteri
1295 3409 1325 3448 se
1340 3401 1568 3467 contemperaret.
1584 3401 1724 3461 Habentes

78 3483 210 3539 omnibus
224 3488 360 3557 perfecta.
379 3486 500 3556 Corpora
514 3493 606 3540 vestra
617 3484 736 3540 hostiam
749 3482 877 3539 exhibere
927 3482 989 3537 dico
999 3482 1164 3552 differentes
1173 3481 1338 3538 donationes
1352 3502 1361 3537 :
1376 3491 1402 3537 ει
1415 3484 1468 3539 hoc
1483 3488 1640 3544 secandam
1656 3507 1724 3560 qra-

78 3574 138 3629 Deo
152 3572 219 3627 illud
234 3574 377 3637 admoneo,
394 3573 453 3630 sine
467 3573 560 3645 aliqua
570 3573 737 3629 districtione
747 3571 878 3628 obedien·
929 3573 1009 3635 tiam,
1022 3570 1050 3624 id
1060 3577 1101 3625 est
1111 3586 1161 3641 per
1175 3570 1306 3640 Spiritum
1329 3579 1461 3634 sanctum,
1478 3590 1539 3645 qaae
1551 3577 1639 3648 gratia
1655 3579 1724 3636 dato

77 3661 133 3717 tiae.
150 3663 210 3718 lloc
224 3670 313 3718 autern
327 3662 400 3734 quod
421 3662 544 3734 sequitur
558 3662 618 3718 dico
645 3678 696 3735 per
704 3664 838 3734 qratiam,
850 3658 877 3714 id
928 3658 1300 3732 estaobtspergratiamnon
1310 3666 1722 3735 recompensatapermeritum.

79 3758 122 3806 est
137 3751 266 3822 praecipio
277 3751 435 3808 auctoritate
449 3751 535 3807 nostri
554 3751 732 3823 apostolatus.
742 3749 877 3805 Conside-
928 3750 1098 3804 Donatioaca
1113 3748 1185 3814 dico,
1201 3756 1230 3803 ut
1243 3749 1301 3804 stac
1321 3749 1469 3804 habeamus
1487 3752 1677 3824 prophetiam,
1696 3756 1725 3813 id

76 3838 196 3894 randum
220 3847 261 3895 est
288 3855 372 3911 quare
401 3840 527 3912 praedicu
551 3839 640 3895 solum
663 3848 796 3906 moneat;
816 3853 878 3910 quae
929 3845 969 3892 cst
979 3837 1121 3893 certamde
1130 3836 1226 3891 futuris
1235 3837 1427 3910 cognitionem,
1438 3839 1479 3895 vel
1492 3842 1674 3912 quorumlihet
1685 3861 1726 3901 se

77 3935 172 3983 autem
200 3937 351 4000 sequuntur
376 3929 450 3985 omni
477 3929 637 3985 auctoritate
665 3928 829 3983 interdicat:
846 3942 878 3981 ea
929 3935 1062 3982 cretarum
1074 3926 1277 3992 revelationem,
1293 3926 1497 3984 habentesdico
1511 3931 1681 4002 prophetiam
1700 3941 1727 3989 et

77 4017 154 4072 euim
181 4033 242 4089 quae
268 4016 446 4074 offensionem
481 4026 622 4091 generant,
651 4017 714 4073 licet
735 4015 878 4088 praelatum
927 4017 981 4072 hoc
990 4014 1146 4071 secandam
1156 4016 1297 4071 rationem
1306 4016 1382 4084 fidei.
1407 4017 1467 4072 Non
1476 4017 1638 4076 determinat
1649 4022 1727 4091 cujus

78 4105 198 4161 subditis
213 4106 238 4160 vi
254 4106 416 4163 obedientiae
429 4107 602 4172 interdicere,
615 4106 663 4161 sed
677 4113 821 4177 postquam
835 4104 878 4160 le·
929 4104 1003 4170 fidei,
1019 4105 1062 4159 vel
1077 4112 1179 4160 nostrae
1192 4105 1236 4159 vel
1250 4104 1413 4171 auditorum,
1430 4113 1456 4160 ει
1471 4106 1507 4161 ad
1522 4114 1668 4181 utrumque
1678 4127 1726 4168 re-

77 4211 145 4266 gern
160 4210 216 4250 nou
229 4195 339 4265 violant,
355 4211 410 4251 non
424 4196 461 4251 ita
475 4195 592 4269 cogendi
616 4195 726 4250 suntad
752 4193 876 4259 meliora,
929 4192 1303 4265 ferripotestita..5eaaadam
1312 4195 1454 4250 rationem
1463 4195 1529 4263 fidet
1539 4201 1652 4267 nostra,
1663 4200 1726 4271 quia

77 4283 253 4339 solummodo
292 4285 362 4340 bene
386 4283 495 4350 iaciant,
523 4284 572 4340 sed
587 4300 619 4340 ex
650 4283 794 4339 dilectione
816 4298 877 4337 mo·
928 4283 1003 4338 Deus
1019 4282 1167 4339 secundum
1182 4282 1256 4354 quod
1270 4282 1344 4338 videt
1359 4283 1524 4339 conveniens
1538 4300 1609 4354 esse,
1626 4295 1653 4342 et
1667 4304 1727 4345 mo-

78 4372 174 4427 nendi.
192 4372 220 4428 Si
234 4372 306 4428 enim
321 4373 490 4429 districtione
510 4373 671 4429 obedieutiae
687 4372 722 4428 ad
731 4371 879 4444 perlectio—
890 4353 916 4414 D
929 4371 993 4426 dum
1009 4369 1073 4426 fidei
1087 4380 1198 4436 nostrae,
1213 4370 1257 4425 vel
1267 4369 1370 4427 revelat
1378 4379 1494 4438 secreta,
1506 4373 1551 4429 vel
1564 4374 1727 4445 praenuntiat

79 4477 112 4516 ra
127 4469 302 4532 cogerentur,
318 4461 406 4534 magis
420 4462 448 4517 in
463 4463 515 4517 hoc
525 4462 664 4517 damnaret
677 4477 724 4516 eos
738 4460 877 4532 praelatus,
929 4460 1036 4516 lutura:
1063 4459 1107 4515 vel
1126 4459 1283 4516 secandam
1310 4462 1453 4516 rationem
1474 4460 1541 4531 fidei
1560 4463 1725 4536 auditorum,

80 4566 163 4622 quam
187 4550 336 4621 adjuvaret,
356 4566 418 4607 cum
443 4550 466 4606 si
488 4559 651 4622 praeceptum
673 4565 728 4606 non
747 4548 877 4617 iacerent,
930 4549 994 4621 quia
1009 4549 1239 4621 quemadmodum
1259 4550 1333 4604 Deus
1360 4548 1434 4604 videt
1447 4548 1528 4606 fidem
1544 4559 1570 4607 et
1589 4555 1727 4625 capacita-

80 4639 279 4694 damnarentur
296 4648 406 4711 propter
424 4639 635 4695 inobedientiam
651 4657 659 4706 3
675 4646 700 4694 ct
715 4638 777 4694 ideo
790 4638 879 4709 potius
929 4644 985 4693 tem
999 4637 1176 4704 audientium,
1200 4644 1303 4692 tantum
1317 4638 1364 4692 dat
1383 4638 1620 4710 praedicatoribus,
1638 4651 1666 4697 ut
1680 4659 1729 4699 re·

81 4727 265 4784 admonitione
280 4728 404 4784 trahendi
429 4736 491 4783 sunt
518 4729 553 4784 ad
571 4728 692 4794 meliora,
721 4743 801 4799 quam
829 4742 879 4783 co·
929 4725 1069 4781 veleuteis
1084 4725 1128 4782 vel
1143 4726 1311 4782 annuntient.
1334 4726 1494 4798 Nosutique
1516 4728 1648 4785 habentes
1662 4747 1729 4803 pro·

81 4817 199 4883 actione,
216 4833 302 4889 quare
317 4817 398 4872 sicait
415 4833 421 4873 :
438 4819 493 4873 Per
506 4818 629 4889 qratiam
640 4816 809 4888 apostolatus
819 4831 880 4887 qtae
930 4815 1047 4886 phetiam
1063 4815 1212 4872 secundum
1229 4815 1362 4870 rationem
1386 4813 1450 4870 fidei
1467 4816 1530 4872 :vel
1552 4826 1663 4886 nostrae,
1684 4820 1728 4877 vel

83 4906 152 4961 date
162 4910 206 4962 cat
218 4907 299 4972 milvi,
317 4906 377 4963 dico
392 4913 419 4961 ει
432 4905 563 4977 praecipio
577 4907 714 4972 omnibus,
732 4912 758 4960 et
768 4905 803 4959 ita
817 4920 880 4959 om·
930 4903 1083 4958 auditorum
1099 4903 1183 4958 simus
1193 4905 1269 4961 alter
1283 4904 1403 4960 alterius
1411 4904 1546 4961 membra.
1561 4906 1623 4964 Sive
1643 4909 1730 4967 babe-

83 4995 168 5049 nibus
182 4995 257 5066 quod
267 4994 392 5068 singulis,
403 4996 451 5068 qai
460 4997 614 5051 nuntiator
627 5012 673 5052 voa
691 4995 761 5050 :hoc
777 4994 880 5050 scilicet
930 5008 990 5046 mus
1004 4993 1197 5049 ministeriam
1218 4992 1425 5049 administrandi
1449 4992 1579 5050 iratribus
1593 5003 1729 5070 tempora·

81 5083 155 5149 dico,
169 5083 877 5156 rtonplaslaboretissnpereqaamoportetsapera,
930 5081 1119 5150 lia,debemus
1134 5080 1204 5137 alter
1218 5081 1328 5138 alterius
1357 5097 1418 5137 esse
1444 5083 1567 5138 membra
1591 5087 1622 5141 ia
1645 5089 1731 5144 mimi·

80 5171 109 5227 id
124 5179 167 5226 est
182 5187 263 5243 quam
277 5170 345 5228 fides
360 5188 427 5228 sana
444 5171 527 5245 exigit
542 5191 549 5239 ;
564 5188 615 5229 nec
630 5172 708 5228 vobis
718 5172 825 5244 penitus
835 5172 879 5226 in·
930 5169 1057 5238 strando,
1070 5169 1139 5225 sicut
1152 5169 1372 5227 nobiscreditum
1383 5177 1434 5225 est.
1445 5171 1508 5228 Sive
1518 5172 1564 5228 ille
1577 5176 1625 5246 qai
1635 5176 1726 5245 docet,

80 5259 187 5317 terdico
199 5276 306 5331 sapere,
322 5261 370 5317 aad
383 5260 446 5318 volo
461 5277 510 5318 vos
527 5277 625 5334 sapere
641 5261 677 5317 ad
687 5261 878 5327 sobrietatem,
930 5258 1029 5315 docere
1044 5258 1118 5325 dicit,
1135 5259 1207 5331 quod
1218 5267 1244 5314 et
1259 5259 1399 5316 scientiam
1414 5260 1531 5317 docendi
1558 5269 1585 5317 et
1611 5264 1730 5333 gratiam

81 5349 141 5405 Nec
154 5348 253 5405 iterum
262 5365 416 5406 vosomnes
429 5349 463 5405 ad
474 5349 599 5406 eumdem
610 5349 754 5406 terminum
769 5349 833 5405 volo
845 5348 879 5404 de
931 5347 1065 5404 sermonis
1079 5347 1188 5415 habeat,
1199 5348 1254 5420 qui,
1271 5351 1394 5422 inquam,
1412 5349 1502 5418 docet,
1519 5350 1553 5404 sit
1576 5352 1730 5410 membrum

80 5437 215 5510 sapientia
229 5437 363 5507 laborare,
378 5446 409 5494 ut
423 5454 477 5495 non
492 5439 558 5496 satis
569 5438 603 5495 sit
612 5437 701 5508 vobis,
716 5437 769 5493 nisi
784 5452 880 5494 ornnes
930 5436 1043 5493 alterius
1056 5437 1238 5495 iadoctriaa.
1261 5439 1311 5496 llle
1325 5454 1392 5497 vero
1415 5441 1464 5510 qai
1486 5437 1666 5509 exhortatur,
1695 5441 1731 5498 sit
