3742 5986
100 145 153 202 239
350 137 378 192 S.
408 133 585 193 BRUNONIS
613 127 934 192 canrflusititoiittii
963 120 1206 182 irisri'rurotis
1234 118 1310 176 OPP.
1338 116 1428 174 Plus
1455 116 1490 171 11.
1591 157 1601 192 ·.
1692 109 1748 170 sio

101 267 190 322 nimus
206 284 215 321 :
231 263 295 336 quia
311 262 480 335 temporalia
500 264 568 317 tunt
592 275 653 332 qum
676 257 813 315 videntur.
832 254 934 314 ldeoA
946 250 1110 307 mortalitate
1123 248 1212 304 adhuc
1224 254 1358 310 tenemur,
1371 249 1398 298 ει
1411 249 1519 312 tempus
1533 244 1618 306 notat,
1634 221 1745 309 quando

102 372 164 430 quae
174 371 232 411 nott
243 352 377 410 viderim
391 349 589 417 desideramus,
615 347 679 420 quia
694 351 803 403 oetcrtto
829 345 898 400 tunt
948 341 1008 396 haec
1022 337 1138 395 habituri
1153 351 1247 391 sumus
1263 334 1353 389 solum
1374 337 1437 403 post
1464 326 1683 394 dissolutionem,
1699 323 1744 377 di-

104 460 166 518 quae
179 458 234 500 non
250 441 383 498 videntur.
949 444 1015 486 cens
1031 445 1038 483 ε
1053 427 1194 498 Veroque
1208 439 1265 479 non
1278 421 1510 478 videnturaetema
1520 423 1584 472 sunt
1596 430 1602 470 :
1613 431 1683 470 nom
1693 427 1745 467 nos

950 517 1048 591 quibus
1063 514 1138 573 credi
1152 520 1268 585 oportet,
1283 511 1388 568 scimus
1410 506 1554 581 quonium,
1574 501 1694 561 1⁸12
1717 500 1746 556 id

417 578 529 635 CAPUT
543 577 576 632 v·
950 603 1075 678 estquod
1089 605 1114 660 ti
1130 602 1274 659 terrestris
1301 599 1399 654 domos
1422 599 1531 660 nostro,
1547 593 1575 648 id
1590 598 1632 648 est
1647 605 1747 661 corpus

143 719 154 750 ι
172 696 279 754 Scimus
303 693 375 751 enim
403 691 529 765 quoniam
544 690 568 746 si
583 688 718 746 terrestris
737 688 833 745 domus
848 701 900 742 110·
950 703 1083 759 nostrum,
1095 690 1209 747 materia
1219 697 1245 744 et
1256 689 1317 745 loco
1327 684 1500 742 habitationis
1510 691 1666 746 terrenum
1682 678 1748 752 quia

108 810 119 836 ¹¹
137 794 193 842 Sita
205 784 286 854 huius
301 780 476 839 hibiitiiffliis
491 779 664 845 dimittatur,
682 777 755 850 tlt¹⁰d
780 774 900 832 aedifiti·
951 791 978 840 ει
992 783 1027 837 de
1041 790 1114 837 terra
1129 787 1179 845 est,
1197 785 1223 834 et
1237 777 1353 833 interra
1367 773 1479 830 habitat.
1497 772 1599 827 Domus
1609 769 1672 824 ideo
1682 766 1748 840 quia

108 898 119 924 t
137 875 238 930 tionem
253 889 287 928 0¹
297 873 354 927 ⁰0⁰
364 868 628 938 habemus,domum
643 882 698 922 110ss
707 864 901 932 manufactam,
951 872 1040 928 anima
1054 870 1081 925 in
1092 885 1125 926 eo
1136 867 1238 923 habitat
1245 866 1319 922 velut
1328 861 1459 936 aliquisin
1469 860 1560 917 domo.
1572 860 1612 926 Si,
1623 857 1746 929 inquam,

108 985 120 1012 t
140 962 189 1018 sed
204 969 333 1017 aeternam
348 959 376 1013 in
390 958 476 1014 coelis.
497 958 566 1011 Nam
586 963 613 1011 ει
626 955 655 1010 in
669 957 721 1010 hoc
744 950 902 1026 ingemisci·
952 961 1052 1017 domm
1068 961 1167 1014 nostra
1183 956 1267 1027 tmjm
1283 962 1338 1009 tum
1354 951 1446 1008 brevis
1460 959 1487 1006 et
1501 958 1556 1004 iam
1571 949 1685 1004 miserta
1698 945 1750 1001 bo-

111 1071 123 1102 s
140 1066 210 1116 mus,
222 1047 415 1104 habitationem
429 1053 549 1102 nostram
565 1060 625 1117 qm
654 1044 687 1098 de
702 1042 773 1099 eoeio
796 1048 838 1096 est
852 1058 901 1095 su·
952 1049 1101 1107 titutionis
1115 1045 1296 1109 aestimem,
1313 1039 1451 1113 predictis
1465 1036 1682 1093 tribulationibus
1697 1048 1749 1106 pm

110 1136 270 1210 «perindui
294 1135 434 1207 cupientes
450 1152 457 1189 ε
474 1134 497 1189 si
510 1142 600 1188 tamen
616 1132 714 1198 vestiti,
727 1138 753 1187 el
768 1147 824 1186 non
836 1129 903 1185 nudi
953 1138 1061 1195 christo
1090 1134 1178 1206 passis
1205 1148 1211 1186 :
1234 1134 1296 1197 hoc,
1326 1130 1447 1202 inquam,
1476 1142 1588 1193 scimus,
1617 1122 1681 1196 quia
1710 1122 1749 1179 sic

111 1226 323 1283 «inveniamur.
343 1225 412 1280 Nam
441 1231 467 1278 ti
489 1222 534 1294 qui
559 1237 653 1277 sumtis
677 1221 705 1275 in
725 1219 903 1275 tabernaculo
953 1225 1117 1282 dissolvetur
1134 1238 1140 1276 :
1158 1229 1184 1278 et
1198 1219 1307 1293 quando
1325 1218 1489 1273 dissolvetur
1517 1214 1588 1288 qttod
1616 1213 1749 1270 babemus

111 1337 123 1368 ι
140 1316 202 1379 isto.
219 1313 425 1386 ingemiscimus
440 1311 562 1384 gravati,
579 1325 612 1367 eo
627 1310 700 1382 quod
714 1309 841 1364 nolumus
854 1324 904 1363 ex·
952 1316 1145 1390 preparatam
1154 1309 1372 1378 edificationem
1382 1322 1419 1361 ee
1426 1303 1526 1371 aemio
1536 1310 1578 1358 est
1587 1317 1687 1373 eorpus
1699 1300 1751 1355 int-

112 1402 263 1475 «spoliari,
289 1401 338 1457 sed
354 1398 540 1472 supervestiri,
571 1406 600 1453 ut
626 1398 804 1454 absorbeatur
832 1396 905 1469 quod
954 1401 1076 1468 mortale,
1093 1395 1349 1456 nobisaediticatum
1366 1410 1383 1450 a
1402 1395 1485 1449 Deo:
1500 1407 1554 1448 non
1582 1391 1657 1464 quod
1675 1390 1751 1445 Deus

112 1515 124 1540 ι
142 1490 257 1547 1110i¹⁸le
272 1497 323 1557 est,
339 1505 355 1543 a
370 1489 435 1544 vita.
452 1487 504 1557 Qui
517 1495 606 1543 tutem
631 1485 711 1542 efficti
727 1502 777 1542 110³
807 1485 834 1540 in
853 1487 906 1542 hoc
954 1491 1071 1548 mortale
1086 1503 1186 1560 corpus
1197 1501 1252 1542 non
1265 1483 1359 1541 fecerit
1376 1501 1383 1539 :
1399 1482 1448 1538 sed
1463 1482 1526 1553 quia
1544 1479 1611 1536 illud
1632 1494 1682 1551 per
1696 1477 1751 1532 mi·

113 1603 124 1629 t
141 1579 242 1651 ipsum,
258 1580 342 1645 Deus,
359 1577 406 1649 qui
420 1576 495 1632 dedit
508 1576 587 1632 nobis
601 1574 702 1648 pignus
717 1574 839 1646 spiritus.
854 1576 906 1629 Au·
916 1610 943 1670 Β
955 1579 1096 1636 misterium
1109 1575 1226 1640 masculi
1239 1582 1266 1631 et
1279 1572 1388 1630 leminae
1401 1585 1578 1628 concrescere
1590 1567 1681 1639 jussit.
1695 1568 1751 1621 lm-

114 1689 126 1720 ι
141 1666 330 1740 dentesigitur
340 1681 459 1737 semper,
471 1672 498 1720 et
513 1665 629 1720 scientes
640 1664 769 1736 quoniam
784 1663 849 1718 dum
865 1679 907 1717 su·
956 1667 1071 1725 mortale
1086 1674 1177 1722 autem
1190 1679 1289 1735 corpus
1311 1661 1370 1717 sine
1398 1659 1524 1716 ministro
1540 1676 1547 1714 ε
1563 1666 1590 1714 ει
1603 1657 1664 1728 ipse
1678 1655 1753 1711 idem

115 1781 126 1805 t
143 1772 205 1811 mus
219 1755 248 1810 in
261 1755 314 1811 11⁰0
323 1770 449 1825 00tP⁰i02
465 1752 701 1826 peregrinantum
716 1753 842 1808 Domino·
855 1752 908 1806 Per
957 1759 985 1814 iu
1000 1773 1033 1814 eo
1047 1755 1127 1812 faciet
1142 1751 1381 1809 immortalitatem.
1398 1749 1536 1806 Habemus
1556 1747 1650 1819 utique
1668 1742 1753 1800 aedifi-

116 1844 225 1900 ·fid0111
238 1842 310 1899 essim
335 1840 518 1908 ambulamus,
534 1849 560 1897 θῑ
574 1857 628 1897 11⁰⁰
643 1857 693 1912 Pii
708 1840 907 1912 spectemu-
957 1847 1102 1909 cntionem,
1120 1844 1232 1909 scilicet,
1249 1841 1371 1908 domum,
1401 1857 1459 1896 nott
1483 1853 1583 1904 motta,
1599 1836 1627 1892 id
1641 1843 1683 1892 est
1697 1851 1753 1891 non

114 1957 126 1982 t
143 1933 239 1989 demus
253 1938 353 2000 autem,
370 1939 396 1986 et
411 1931 510 1986 bonam
526 1929 691 1986 voluntatem
706 1930 907 1985 habemusmn-
957 1953 1007 2009 pm
1022 1933 1203 1990 ministerium
1227 1929 1338 1986 alterius
1361 1932 1480 2000 factam,
1497 1927 1545 1984 sed
1566 1930 1707 1982 oeterttom
1720 1925 1753 1980 itt

115 2043 127 2074 ι
144 2021 187 2094 gis
200 2019 370 2092 peregrinari
398 2034 415 2074 a
442 2034 567 2098 corpore,
582 2025 609 2073 et
622 2026 773 2090 presentes
787 2033 849 2074 csse
873 2016 908 2073 td
958 2026 1035 2081 cetis
1048 2031 1075 2080 et
1089 2028 1305 2094 permanentem.
1316 2019 1365 2073 Per
1373 2018 1485 2074 domum
1496 2024 1523 2071 et
1533 2031 1583 2087 per
1592 2013 1752 2070 aedificatio-

119 2128 130 2163 ι
147 2106 426 2180 Dominum1Deum]‚
443 2115 469 2162 et
483 2107 546 2163 ideo
566 2106 755 2162 contendimus
783 2107 841 2163 sive
856 2106 908 2161 ab·
958 2129 1031 2183 mem,
1041 2108 1300 2183 mrpusimmorcale
1308 2105 1449 2178 significat.
1462 2106 1531 2161 Vere
1540 2101 1755 2160 habebimusdo-

118 2204 238 2253 «sentes
253 2196 311 2251 sive
334 2202 483 2267 praesentes
510 2194 620 2267 placere
641 2194 690 2250 illi.
707 2193 809 2250 Omnes
836 2194 910 2250 enim
959 2218 1034 2257 mum
1050 2208 1179 2256 mternam
1189 2198 1217 2252 in
1229 2196 1306 2253 coelis
1323 2211 1329 2250 :
1345 2193 1753 2266 namnosttqemttctmatuon

118 2307 130 2338 ι
149 2301 200 2341 nos
215 2282 383 2340 manifestari
397 2291 503 2355 oportet
526 2292 589 2339 ante
616 2282 734 2338 tribunal
749 2283 864 2350 Christi,
882 2291 910 2338 ut
960 2298 1074 2363 propter
1089 2304 1120 2343 m
1135 2302 1195 2359 quae
1209 2285 1337 2358 patimur,
1353 2299 1408 2339 non
1422 2283 1496 2356 quod
1511 2281 1545 2337 de
1559 2280 1685 2336 habenda
1700 2280 1754 2335 im·

119 2396 131 2426 t
149 2372 249 2430 referat
263 2372 447 2444 unusquisque
458 2373 571 2445 propria
586 2373 709 2444 torporis
719 2380 799 2443 prout
813 2371 909 2445 gessii,
960 2378 1126 2435 mortalitate
1142 2376 1287 2431 timeamus
1303 2388 1309 2427 ε
1325 2372 1374 2428 sed
1389 2369 1594 2445 ingemiscendo
1609 2367 1755 2425 desidera·

119 2483 131 2514 t
148 2461 206 2518 sive
221 2462 321 2517 bonnm
333 2460 391 2517 sive
414 2461 524 2517 malum.
550 2461 673 2517 Scientes
697 2476 765 2534 ergo
784 2460 911 2516 timorem
960 2483 1023 2524 mus
1037 2468 1069 2523 in
1085 2465 1145 2530 boe,
1161 2463 1244 2519 idest
1266 2462 1295 2516 in
1319 2463 1388 2516 hanc
1405 2459 1635 2515 immortalitatem
1649 2457 1752 2514 venire.

121 2575 132 2601 ι
149 2549 258 2607 Domini
268 2549 423 2606 hominibus
447 2550 603 2618 suademus,
617 2550 676 2606 Deo
691 2558 781 2606 autem
795 2549 911 2605 manite-
961 2554 1180 2629 Ingemiseimus,
1197 2553 1318 2623 inquam,
1336 2550 1483 2622 capientes
1497 2546 1665 2622 superindui
1680 2562 1687 2601 :
1704 2561 1755 2602 nos

122 2662 133 2688 t
150 2638 185 2694 sti
195 2655 299 2695 sumus.
329 2639 417 2709 Spero
440 2646 530 2694 atttem
541 2646 568 2695 ει
581 2639 609 2694 ιιι
625 2638 798 2695 conscientiis
813 2637 912 2694 vestris
958 2646 1015 2716 jam
1031 2642 1117 2699 induti
1134 2657 1228 2697 sumus
1246 2637 1466 2709 justificationem
1481 2637 1579 2693 animat
1596 2651 1602 2690 :
1618 2643 1645 2692 et
1672 2650 1756 2708 super

121 2726 309 2783 «manifestos
323 2742 373 2782 nos
387 2743 458 2783 esse.
487 2729 549 2784 Nou
570 2727 667 2782 iterum
690 2727 912 2785 commendamus
961 2734 1014 2788 hoe
1035 2731 1161 2787 volumus
1196 2727 1270 2784 indui
1304 2727 1499 2783 habitationem
1521 2732 1654 2793 nostram,
1671 2724 1756 2780 idest

120 2837 132 2868 ι
150 2831 202 2871 nos
215 2814 304 2882 vobis,
320 2815 370 2870 sed
383 2815 555 2871 occasionem
579 2815 676 2871 damus
690 2816 768 2871 vobis
778 2814 913 2887 gloriandi
961 2820 1084 2892 emporis
1094 2817 1325 2873 immortalitatem
1339 2832 1400 2888 quae
1414 2814 1545 2871 habitatio
1560 2821 1602 2870 est
1612 2813 1693 2869 nohis
1706 2828 1757 2868 ve-

122 2919 200 2977 tpro
214 2903 312 2971 nobis;
332 2911 362 2958 ut
375 2903 497 2959 habeatis
514 2905 549 2960 ad
572 2920 630 2972 eos,
647 2904 693 2976 qui
711 2904 740 2958 in
759 2903 826 2960 facie
850 2903 911 2975 glo·
961 2910 1039 2966 niens
1053 2909 1088 2964 de
1102 2907 1183 2964 coelo.
1200 2905 1392 2962 Immortalitas
1414 2903 1578 2960 enimvobis
1599 2909 1757 2959 reservatur

121 3013 133 3044 ι
152 2992 264 3061 riantur,
280 2999 307 3048 et
321 3007 376 3048 non
390 2992 417 3047 in
431 2993 526 3049 corde.
546 2992 609 3049 Sive
638 2992 709 3048 enim
729 3000 820 3049 mente
835 2971 947 3049 exce-⁰
962 3000 990 3055 in
1004 2998 1092 3054 coelis.
1109 2996 1166 3052 Hac
1181 3004 1272 3050 tamen
1286 2993 1442 3051 conditione
1457 2993 1518 3049 dico
1533 2991 1694 3063 superindui
1710 3004 1717 3045 ε
1732 2991 1757 3046 ει

121 3102 133 3130 t
151 3081 250 3147 dimus,
267 3082 324 3136 ⁰00
341 3097 347 3134 ἱ
364 3080 421 3136 site
448 3080 531 3136 ⁸0biii
553 3096 656 3149 sumus.
677 3081 764 3137 thit·
790 3080 914 3136 Charitas
962 3103 1013 3144 nos
1028 3086 1210 3143 inveniamur
1224 3083 1306 3139 indie
1324 3082 1371 3138 illo
1386 3083 1480 3138 vestiti
1490 3080 1681 3151 justificatione
1695 3078 1757 3134 ani-

120 3191 132 3217 ·
151 3169 224 3225 enirn
235 3168 333 3224 Christi
349 3176 430 3242 urget
449 3184 499 3224 nos
515 3186 522 3223 :
538 3169 774 3237 estimanteshoc,
786 3169 914 3242 quoniam
951 3193 1024 3243 mm,
1041 3191 1102 3246 quae
1114 3173 1141 3228 in
1153 3172 1288 3244 baptismo
1303 3177 1365 3226 data
1381 3177 1422 3226 est
1448 3169 1528 3226 nobis
1550 3168 1638 3240 prima
1659 3167 1755 3225 vestis.

121 3278 133 3309 ι
151 3256 174 3311 si
190 3273 260 3312 unus
277 3272 329 3329 pro
357 3257 484 3313 omnibus
506 3265 630 3314 mortuus
654 3265 705 3329 est,
729 3273 795 3331 ergo
818 3273 914 3314 omnes
963 3265 1069 3321 Diceret
1086 3263 1133 3318 iiie
1150 3279 1157 3317 :
1173 3261 1248 3317 sieut
1262 3259 1351 3316 vestiti
1362 3258 1398 3315 ita
1413 3266 1439 3314 et
1453 3258 1519 3314 nudi
1546 3273 1642 3314 omnes
1669 3255 1757 3312 indis-

122 3344 252 3400 «mortui
267 3353 338 3413 sunt,
355 3352 381 3401 ti
395 3362 444 3418 lit⁰
466 3347 592 3402 Omnibus
618 3353 739 3402 mortuus
769 3355 808 3402 tsi
837 3346 914 3402 Chri·
963 3361 1036 3410 crete
1051 3350 1289 3423 superinduentur.
1314 3348 1372 3404 Hoc
1391 3354 1522 3403 removet.
1538 3346 1633 3404 Vestiti
1648 3345 1760 3418 quidem

122 3455 134 3483 t
152 3440 209 3488 stus
227 3440 278 3489 :ut
298 3442 325 3489 et
346 3433 393 3506 qui
407 3434 510 3502 vivunt,
523 3435 579 3506 jam
592 3451 647 3491 non
671 3435 723 3491 sibi
737 3435 849 3503 viitnit
865 3435 915 3492 sed
963 3442 1131 3498 induentur:
1151 3439 1199 3494 sed
1213 3437 1279 3492 nudi
1292 3436 1396 3506 justitia
1417 3435 1514 3491 animae
1528 3450 1583 3491 non
1610 3433 1760 3491 vestientur

121 3542 133 3574 ⁸
150 3521 176 3578 ti
189 3522 236 3594 qui
248 3522 375 3595 limittit
398 3532 586 3590 molliusest,
610 3532 637 3579 et
646 3524 805 3579 resurrexit.
822 3524 915 3596 ltaque
965 3527 1088 3601 corporis
1104 3525 1316 3582 immortalitate.
1327 3525 1411 3581 Notat
1423 3524 1468 3580 hic
1483 3524 1536 3580 duo
1551 3538 1654 3596 genera
1667 3522 1760 3578 bono-

121 3633 132 3659 α
150 3625 201 3667 nos
216 3626 250 3666 ex
264 3611 316 3668 hoc
329 3611 465 3668 neminem
481 3613 607 3668 novimus
617 3613 766 3669 secundum
784 3627 913 3668 carnem:
964 3634 1023 3674 rum
1042 3635 1049 3672 ι
1065 3614 1298 3687 contemplativos,
1315 3613 1350 3669 de
1361 3613 1459 3685 quibus
1469 3613 1552 3669 modo
1566 3611 1692 3683 praedixit
1708 3625 1715 3666 :
1732 3617 1760 3667 et

122 3706 178 3754 ιθ*
199 3699 222 3754 Si
248 3699 428 3773 ⁰⁰8⁰⁰Vlffl¹¹⁸
455 3701 604 3757 Secundum
632 3716 742 3757 iamim
766 3699 913 3766 Christum,
964 3722 1012 3762 eos
1027 3705 1112 3778 quiin
1130 3704 1218 3760 activa
1246 3702 1300 3758 vita
1327 3710 1479 3773 monentes,
1505 3700 1637 3771 justitiam
1666 3706 1760 3756 tamen

121 3809 132 3835 t
151 3786 198 3843 sed
209 3802 281 3843 nunc
292 3789 348 3858 jam
358 3804 413 3844 nou
427 3789 562 3844 novimus.
579 3787 674 3860 Siqua
690 3804 758 3861 ergo
786 3787 815 3842 in
833 3787 915 3843 Chri·
964 3795 1015 3850 Dei
1031 3793 1185 3851 custodiunt
1202 3808 1208 3848 :
1226 3791 1261 3847 de
1271 3790 1368 3863 quibus
1383 3790 1473 3846 subdit
1483 3774 1578 3846 dicenss
1594 3807 1600 3844 :
1615 3789 1687 3846 Vere
1697 3803 1761 3860 per-

122 3897 133 3922 t
152 3882 194 3930 sto
208 3890 280 3931 nova
294 3884 419 3932 creature
434 3883 483 3943 est,
499 3884 594 3932 vetera
609 3877 792 3942 transierunt,
809 3883 836 3933 et
850 3892 915 3933 ecce
966 3883 1030 3941 fecti
1044 3880 1237 3956 ingemiscunt,
1253 3880 1393 3951 cupientes
1404 3877 1760 3950 supermduiimmortalita·

123 3983 135 4013 ι
157 3962 228 4019 sitii
242 3970 305 4018 sunt
319 3963 410 4019 Omnia
423 3978 494 4020 nove
505 3965 581 4034 (luti-
593 3980 669 4032 ¹i¹¹it
687 3968 739 4032 193
755 3966 838 4037 ΛΡΜ·
854 3979 914 4034 ¹¹¹,
966 3981 1021 4029 tem
1038 3990 1045 4026 z
1060 3988 1129 4028 nom
1144 3969 1227 4026 etiam
1240 3984 1291 4024 nos
1304 3969 1394 4023 minus
1405 3967 1530 4039 perlecti,
1554 3967 1602 4040 qttt'
1615 3981 1714 4023 sumus
1728 3967 1761 4022 itt

124 4050 462 4120 th).0mniaeuteme1
491 4053 559 4123 Deo,
589 4054 705 4125 quinos
732 4052 916 4110 reconciliavit
968 4060 1243 4117 tobctmcruloisto:
1260 4056 1475 4129 quibusbonum
1493 4062 1536 4110 est
1556 4071 1618 4111 esse
1637 4054 1761 4111 incarne

125 4138 207 4194 «sibi
232 4156 283 4211 per
306 4140 461 4196 Christum:
479 4149 506 4196 et
527 4142 602 4197 dedit
629 4142 709 4199 nobis
735 4141 917 4198 ministerium
968 4158 994 4205 et
1008 4147 1109 4204 nutrire
1125 4162 1185 4203 eam
1206 4161 1289 4217 :qum
1312 4159 1377 4201 earo
1401 4144 1606 4200 tabernaculum
1634 4143 1760 4199 dicitur:

125 4248 139 4315 t·
154 4229 392 4286 reconciliationis.
421 4229 557 4298 Qtioniam
588 4231 697 4304 quidem
717 4231 790 4289 Deus
818 4231 917 4288 eratin
968 4233 1494 4310 quiaineamilitaredebetanimaDeo
1508 4251 1514 4288 :
1530 4248 1581 4288 nos
1595 4231 1677 4288 etiam
1693 4231 1762 4286 talea

125 4338 136 4363 ¹¹
155 4316 263 4374 Christo
276 4318 407 4373 mundum
421 4319 602 4375 reconcilitits
616 4320 668 4375 sibi
684 4335 690 4374 :
705 4336 761 4376 11011
788 4325 953 4392 reputantD
967 4325 1178 4398 inperitissimus
1193 4342 1202 4379 :
1218 4321 1378 4393 superindui
1388 4321 1513 4377 similiter
1523 4320 1664 4393 cupientes
1680 4319 1764 4376 :licet

125 4403 207 4459 tiliis
231 4405 329 4462 delicta
351 4406 485 4479 ipsomm,
502 4416 528 4464 et
543 4409 633 4480 posuit
647 4409 675 4464 in
702 4408 781 4465 nobis
804 4406 917 4465 verbum
967 4415 1078 4486 gravati
1105 4413 1190 4468 simus
1220 4427 1253 4468 eo
1282 4426 1397 4482 corpore
1413 4428 1420 4465 :
1435 4409 1507 4483 quod
1520 4418 1610 4466 tamen
1639 4408 1763 4465 foventes

125 4516 136 4541 t
155 4493 393 4552 reconciliationis.
410 4496 461 4552 Pro
476 4496 584 4554 Christo
612 4512 677 4569 ergo
703 4497 839 4569 legatione
854 4495 918 4551 lun·
968 4503 1101 4561 nolumus
1116 4501 1285 4573 exspoliati,
1301 4500 1383 4556 idest
1398 4500 1433 4556 ab
1447 4499 1538 4553 anima
1551 4498 1675 4570 separari
1689 4517 1699 4555 .·
1713 4496 1764 4554 sed

126 4602 138 4633 ι
155 4581 256 4655 gimur,
272 4590 401 4656 tanquam
416 4585 475 4641 Deo
488 4587 647 4642 exhortante
670 4601 720 4657 per
741 4601 801 4641 nos.
827 4583 918 4640 Obse·
969 4590 1004 4663 (si
1020 4589 1151 4662 possibile
1166 4589 1249 4659 esset)
1263 4587 1388 4644 volumus
1402 4588 1461 4644 sine
1475 4587 1548 4643 illata
1561 4595 1648 4643 morte
1663 4602 1764 4658 super-

126 4693 136 4718 t·
154 4686 261 4727 cramus
276 4686 327 4744 pro
342 4672 459 4739 Christo,
475 4673 689 4730 reconciliamini
703 4675 771 4730 Deo.
787 4673 858 4728 Eum
873 4670 920 4744 qui
969 4678 1061 4735 vestiri
1076 4677 1279 4733 immortalitate
1295 4694 1302 4731 ε
1320 4677 1357 4732 iia
1371 4680 1405 4732 ttt
1419 4675 1765 4749 corpusquodnuncmor·

126 4774 138 4805 ι
155 4771 211 4810 ⁰⁰¹¹
224 4765 337 4812 mitrii
351 4764 501 4827 peccatum,
518 4772 569 4828 1³10
583 4757 662 4813 nobis
676 4763 817 4829 Peccatum
831 4754 895 4812 lecit
911 4772 918 4812 :
970 4767 1027 4823 tole
1041 4770 1093 4832 est,
1110 4782 1165 4822 non
1181 4764 1317 4839 gustando
1326 4772 1451 4833 mortem,
1464 4772 1575 4836 repente
1585 4765 1766 4822 absorbeatur

127 4864 138 4890 ⁸¹
155 4850 184 4897 ¹¹⁸
198 4859 249 4899 ¹¹⁰⁸
262 4843 435 4903 efficeremur
445 4844 549 4915 insiliit
563 4844 615 4902 Dei
628 4844 656 4900 1¹¹
672 4843 743 4916 59⁵⁰·
762 4865 774 4896 ¹
970 4856 1060 4912 coito
1073 4854 1281 4927 superveniente
1297 4872 1306 4910 :
1320 4861 1347 4910 et
1361 4853 1401 4910 sic
1415 4852 1462 4908 liat
1477 4851 1639 4909 immortale.
1654 4853 1688 4908 Et
1702 4851 1766 4909 licet

970 4942 1136 5012 disemum
1163 4941 1367 5015 ingemiscimus
1392 4949 1418 4998 et
1445 4939 1602 5013 superindui
1616 4939 1765 5012 cupimus:

160 5097 162 5102 ,
970 5039 1061 5086 tamen
1088 5047 1142 5086 non
1171 5031 1278 5087 anobis
1308 5031 1362 5088 hoc
1390 5038 1432 5087 εει
1449 5048 1455 5085 :
1472 5029 1521 5087 sed
1542 5030 1590 5103 qui
1610 5029 1701 5101 officit
1715 5044 1766 5086 nos

163 5109 271 5166 Diceret
284 5110 381 5184 aliquis
398 5129 404 5166 :
421 5113 461 5169 De
475 5112 620 5172 eternitate
647 5112 840 5187 invisibilium,
856 5117 921 5190 quid
969 5119 998 5174 in
1008 5119 1061 5175 hoc
1071 5119 1230 5187 desiderio„
1241 5119 1311 5175 etita
1320 5121 1352 5175 itt
1362 5120 1411 5176 ltoc
1421 5127 1451 5175 ut
1461 5119 1496 5174 sit
1505 5120 1608 5192 ipsum,
1616 5117 1644 5172 id
1652 5125 1694 5173 est
1702 5133 1766 5190 per·

129 5197 213 5256 scitur
226 5197 280 5253 nisi
293 5200 492 5257 ostendantur?
511 5202 610 5274 Utique
633 5202 671 5259 sit
686 5203 796 5260 Paulus.
825 5203 922 5273 Quan-
970 5223 1085 5264 manens
1099 5208 1128 5263 in
1146 5208 1224 5263 nobis
1240 5209 1291 5264 hoc
1301 5207 1468 5265 desiderium
1483 5207 1556 5280 :qui,
1577 5206 1698 5279 inquam,
1714 5206 1768 5263 hoc

130 5287 177 5343 diu
191 5287 219 5342 in
233 5294 344 5344 terrena
357 5288 521 5347 habitatione
537 5298 670 5358 tenemur,
684 5291 776 5348 videre
790 5308 846 5349 non
855 5310 922 5365 pos·
972 5296 1127 5352 desiderare
1138 5312 1189 5352 nos
1199 5295 1272 5364 facit,
1283 5297 1356 5353 Deus
1371 5303 1422 5352 est.
1447 5296 1497 5352 Vel
1512 5295 1590 5351 aliter
1607 5294 1767 5366 praecedens

46 5382 48 5389 '
129 5392 243 5446 sumus;
259 5377 309 5434 sed
323 5376 448 5434 dissoluti
462 5379 551 5461 statim
564 5380 739 5452 accipiemus.
764 5382 799 5437 Et
812 5395 923 5439 causam
971 5401 1066 5443 versus
1080 5384 1180 5458 legitur
1193 5385 1233 5442 sio
1250 5403 1256 5441 :
1272 5386 1409 5442 Debemus
1424 5384 1607 5458 ingemiscere
1631 5383 1768 5441 desiderio

128 5467 214 5538 ponit,
232 5482 318 5540 qttore
335 5467 429 5526 videre
452 5483 506 5525 non
534 5484 692 5541 possumus,
706 5469 735 5527 id
749 5478 791 5528 εει
814 5471 876 5545 quia
894 5471 923 5530 in
972 5474 1031 5545 ejus
1045 5474 1234 5544 habitationis,
1250 5482 1363 5548 quaeest
1377 5475 1412 5533 de
1426 5474 1506 5534 coelo.
1532 5474 1604 5532 Nam
1618 5472 1702 5533 ctiam
1717 5472 1769 5532 dc·

440 5009 596 5051 uxrosmo.
