3750 5984
72 144 129 202 237
375 140 565 199 axroslrto
584 142 622 199 IN
648 141 840 200 aristonis
866 140 982 200 rautl.
999 170 1035 184 -
1049 141 1087 198 IN
1101 141 1210 199 arlsr.
1227 141 1251 198 tt
1270 140 1318 197 tn
1331 139 1412 200 coit.
1665 143 1719 199 238

75 265 144 340 gelli
158 265 200 322 sui
215 273 243 322 et
256 265 351 339 gloriae
366 267 475 335 Christi,
487 266 593 324 dicens.
604 268 740 324 Benedico
754 269 876 324 arcum·
885 270 914 329 A
927 266 996 336 Quia
1019 265 1156 340 loquimur
1174 265 1309 322 humiliati
1338 281 1432 322 sumus
1459 264 1628 331 verberibus,
1645 263 1720 336 quod

72 358 202 427 terentes
216 356 466 424 mortificationem
483 372 489 411 :
505 372 557 412 uas
585 357 663 413 enim
686 372 797 431 semper
812 360 876 413 tra·
927 363 1017 411 tamen
1031 355 1097 411 inde
1111 355 1246 427 sequitur.
1263 355 1407 410 Credimus
1432 362 1458 410 et
1485 353 1547 410 ideo
1575 351 1720 425 loquimur,

77 445 184 500 dimur.
200 444 261 501 Non
275 444 311 498 ait
322 460 439 515 semper,
452 459 485 499 eo
498 445 571 516 quod
581 445 650 500 mori
660 452 754 515 posset
764 444 875 516 saepius,
927 454 1040 517 agentes
1052 444 1121 501 siout
1136 444 1319 515 scriptumest
1332 443 1360 498 in
1374 443 1461 499 David
1479 457 1485 496 :
1504 465 1515 490 a
1533 441 1642 498 Credidi
1655 455 1722 511 pro·

77 548 162 605 quam
176 531 262 588 semel
278 532 347 588 :sed
371 532 435 604 qnia
458 533 579 604 quotidie
605 541 679 589 tanta
715 533 876 604 patiebatur,
927 541 989 604 pter
1009 532 1092 604 quod,
1107 554 1118 582 ε
1135 532 1163 587 id
1187 539 1228 588 est
1243 532 1308 603 quia
1334 530 1447 599 credidi,
1469 532 1579 588 locutus
1598 545 1671 585 sum.
1687 529 1722 583 Ει

76 632 139 688 qnae
153 615 239 672 virtus
253 615 371 671 bominis
387 616 451 688 (nisi
475 617 627 688 moriendo)
642 632 698 672 non
725 617 852 674 evaderet
869 629 876 668 τ
927 621 1065 677 credendo
1080 628 1106 676 et
1120 620 1257 693 loquendo
1272 619 1402 691 optimam
1421 618 1547 675 fiduciam
1564 618 1698 674 habemus
1714 633 1721 671 :

77 704 129 760 sed
148 719 200 776 per
218 704 343 760 virtutem
359 704 484 777 spiritus,
500 705 599 761 Paulus
612 705 640 760 iu
654 705 754 762 melius
768 713 878 761 restau·
927 712 1050 766 scienter
1064 711 1197 782 quoniam
1212 709 1285 766 Deus
1300 710 1349 782 qui
1363 708 1513 765 suscitavit
1527 704 1723 763 Jerumsusci-

77 792 198 848 rabatur.
214 792 448 849 llortificationem
466 797 545 850 vocat
559 793 762 862 tribulationes,
779 793 878 864 quibus
930 798 1002 854 tabit
1017 799 1106 854 etiam
1121 814 1181 864 aas,
1199 813 1264 854 eum
1274 799 1340 855 lesu
1350 797 1412 853 loco
1426 803 1453 852 et
1462 794 1661 850 immortalitate
1670 809 1724 864 po-

76 880 208 951 paulatim
222 881 386 953 propinquat
400 881 437 938 ad
451 881 599 938 interitum.
615 883 730 938 Mortem
754 897 819 938 vero
834 880 879 936 di-
926 886 1031 942 nendos
1049 901 1055 940 :
1071 891 1100 942 et
1114 885 1151 941 ibi
1166 885 1322 955 constituet,
1344 885 1372 941 id
1388 884 1472 940 estin
1498 890 1631 940 aeternum
1646 897 1723 937 man·

78 968 127 1035 cit,
142 968 268 1025 ultimum
281 969 365 1025 ictum
387 969 415 1024 in
430 985 483 1042 quo
498 970 663 1026 dissolvitur.
682 972 746 1037 llas,
756 969 877 1042 inquam,
929 989 1008 1029 suros
1017 973 1127 1030 locabit.
1146 973 1303 1031 Constituet
1316 973 1378 1029 dico
1393 973 1542 1038 caiacum,
1559 986 1629 1044 quos
1643 985 1722 1042 para-

80 1058 225 1114 tradimur
239 1059 272 1113 ιιι
282 1063 403 1115 mortem
420 1075 426 1114 :
443 1058 570 1130 superius
584 1058 651 1114 dixit
661 1058 879 1130 exemplolesu:
929 1070 972 1118 tus
982 1069 1033 1129 ost,
1046 1062 1070 1117 si
1079 1062 1170 1129 vultis,
1183 1062 1315 1118 suscitare
1323 1078 1385 1118 cum
1395 1061 1471 1116 Jesu.
1482 1061 1548 1116 ldeo
1558 1060 1603 1127 ait,
1614 1075 1666 1115 uos
1679 1075 1726 1114 uo·

77 1145 124 1200 hic
137 1145 186 1213 ait,
202 1151 318 1218 propter
332 1148 437 1214 lesum,
449 1145 477 1202 id
491 1154 533 1203 εει
548 1163 642 1203 ειιιοιε
652 1147 727 1203 ιεειι.
742 1148 795 1203 Νοε
805 1146 878 1213 dico,
930 1150 1037 1207 bisaura
1047 1151 1213 1217 constituet,
1225 1166 1260 1205 ne
1271 1156 1397 1222 putarent
1411 1147 1491 1203 illisa
1504 1146 1725 1215 nullavitaejus-

82 1233 131 1306 qui
145 1232 210 1290 licet
224 1233 262 1290 ita
275 1234 435 1301 moriamur,
450 1243 543 1291 tamen
553 1234 678 1304 vivimus,
691 1234 718 1290 id
733 1243 774 1291 εει
788 1234 880 1292 virere
928 1238 986 1294 titia
1001 1239 1132 1311 Apostolo
1147 1253 1229 1309 posse
1241 1236 1380 1309 pacificari
1397 1253 1403 1291 :
1421 1252 1505 1309 quare
1520 1235 1637 1293 ostendit
1652 1233 1726 1306 quod

79 1338 225 1392 possemus
253 1321 283 1377 in
311 1322 398 1396 gloria
423 1324 518 1379 mundi
534 1340 540 1378 :
556 1323 638 1397 longe
671 1323 770 1381 melius
798 1338 880 1395 quam
929 1321 1724 1400 nonsecundumdignitatespraelationum,sedsecundum

78 1411 187 1482 pseudo
202 1411 288 1467 vestri
302 1411 325 1467 si
338 1411 515 1469 reticeremus
538 1429 599 1485 quse
616 1412 740 1468 Christus
755 1411 879 1482 iniunxit.
930 1415 1033 1472 fructus
1060 1431 1175 1487 operum
1195 1414 1296 1488 singuli
1324 1413 1583 1470 remunerabuntur.
1603 1413 1656 1467 Per
1672 1411 1726 1467 boc

79 1499 131 1554 Vel
146 1499 185 1555 ita
202 1514 209 1553 :
224 1499 282 1555 Nos
299 1499 408 1571 quidem
425 1501 574 1556 secundum
586 1516 686 1572 corpus
706 1501 840 1556 tradimur
852 1501 882 1555 in
931 1505 1013 1561 etiam
1022 1503 1095 1577 quad
1105 1504 1151 1571 nit,
1161 1518 1213 1560 aas
1227 1503 1379 1569 caducum,
1394 1501 1510 1558 multum
1531 1517 1579 1558 eos
1593 1498 1676 1557 allicit
1690 1498 1726 1554 ad

77 1595 196 1643 mortem
208 1605 215 1642 :
228 1587 293 1659 quia
307 1596 398 1644 tamen
411 1605 463 1661 per
477 1597 594 1645 mortem
621 1589 710 1646 carnis
731 1589 828 1645 mebus
842 1587 918 1681 ti·B
932 1593 1079 1665 appetitum
1090 1592 1211 1662 justitiae.
1238 1592 1302 1648 ldeo
1318 1590 1380 1648 dico
1395 1591 1534 1648 ecbbcum
1545 1589 1701 1646 constituet
1717 1600 1732 1642 :⁴

78 1677 187 1745 rimus,
205 1676 354 1733 secuudum
375 1676 597 1747 iustificationem
619 1678 724 1734 animae.
752 1677 803 1734 Vel
816 1677 877 1733 ita:
931 1699 1000 1739 nam
1014 1682 1165 1739 nosamuia
1177 1679 1306 1753 patimur,
1323 1687 1350 1735 et
1370 1694 1518 1751 operamur
1531 1682 1646 1752 propter
1679 1690 1726 1732 vot

82 1766 143 1820 Nos
158 1765 269 1838 quidem
287 1765 422 1821 tradimur
444 1766 471 1821 in
498 1774 623 1832 mortem,
649 1767 797 1823 secundum
812 1765 882 1837 inju-
931 1770 1104 1826 instruendos
1120 1788 1127 1824 :
1143 1771 1177 1825 ut
1190 1769 1283 1841 pratia
1298 1768 1446 1824 abundans
1459 1767 1550 1834 inme,
1566 1764 1686 1822 abundet
1698 1764 1728 1820 in

80 1853 152 1910 riam
168 1853 268 1909 illatam
278 1854 384 1926 corpori
400 1870 407 1910 :
425 1854 471 1927 qui
486 1863 577 1911 tamen
598 1855 724 1922 vivimus,
741 1870 797 1911 non
811 1852 882 1910 deii-
931 1859 1018 1916 vobis.
1028 1857 1173 1928 Quomodo
1183 1856 1304 1912 inPaulo
1318 1855 1470 1912 abundaret
1484 1854 1551 1910 satis
1565 1861 1659 1910 notum
1673 1860 1725 1909 εει.

80 1942 188 1999 cientes
202 1959 253 2014 per
267 1942 395 2012 virtutem
409 1942 469 1999 Dei.
495 1943 626 1999 blorimur
644 1950 755 2015 propter
768 1944 881 1999 lesum:
932 1949 967 2004 Ut
978 1947 1073 2019 gratia,
1088 1947 1210 2018 inquam,
1222 1944 1364 2000 abundans
1377 1943 1406 1999 in
1420 1959 1465 2000 me
1483 1941 1606 2000 abundet
1620 1942 1671 1998 hac
1685 1957 1725 2008 re,

85 2035 120 2087 ut
135 2034 195 2088 uita
209 2033 275 2088 lesu
292 2033 500 2103 manifestetur
513 2032 582 2088 sicut
602 2032 631 2086 in
645 2032 744 2099 anima,
760 2031 835 2087 itaet
850 2032 882 2087 ie
932 2036 1045 2103 scilicet,
1061 2035 1222 2108 qratiarum
1238 2033 1350 2089 aetiam
1365 2047 1433 2104 :por
1445 2047 1494 2089 vos
1508 2031 1593 2086 multa
1607 2029 1680 2086 iacta
1693 2030 1726 2086 ia

78 2135 169 2177 carne
193 2125 300 2176 nostra·
318 2120 393 2176 idem
408 2120 437 2174 in
466 2120 629 2192 precedenti
658 2137 739 2177 versu
763 2118 882 2177 1¹70
931 2125 1050 2197 punam
1064 2124 1125 2179 Dei.
1141 2121 1195 2190 Qui
1218 2121 1316 2177 merito
1336 2120 1418 2177 debet
1441 2118 1588 2192 glorificari
1603 2134 1620 2174 a
1633 2116 1723 2185 nobis,

79 2207 189 2264 discret
206 2224 213 2262 ι
229 2208 278 2264 sed
294 2208 394 2280 repetit
409 2208 533 2264 utsolvat
545 2208 672 2281 quodbic
681 2216 775 2281 posset
789 2207 881 2277 objici.
933 2213 979 2285 qui
993 2211 1073 2268 nobis
1087 2210 1268 2266 abundantem
1283 2209 1399 2280 gratiam
1422 2207 1496 2266 dedit
1513 2225 1519 2265 :
1536 2208 1595 2281 ipse
1613 2206 1725 2280 quidem

80 2296 143 2352 Vita
153 2296 216 2354 Jesu
230 2296 281 2352 erit
295 2296 322 2351 in
333 2313 413 2353 came
424 2304 526 2353 nostra.
537 2296 604 2366 Quia
615 2297 638 2352 si
653 2296 760 2367 objicis,
772 2311 883 2353 carnem
932 2316 987 2358 non
1002 2300 1048 2367 ait,
1065 2299 1186 2355 abundet
1199 2297 1287 2370 gratia
1302 2298 1330 2353 in
1345 2297 1423 2354 vobis
1439 2313 1445 2352 :
1462 2297 1511 2352 sed
1524 2312 1573 2368 per
1586 2295 1639 2352 boc
1654 2293 1728 2367 quod

81 2393 206 2442 nostram
220 2384 364 2442 mortalem
379 2401 433 2441 non
445 2401 526 2457 posse
540 2384 598 2441 lieri
608 2385 799 2452 immortalem,
810 2383 884 2457 quod
933 2389 968 2445 ad
982 2388 1118 2462 agendum
1134 2386 1237 2458 gratias
1252 2386 1348 2458 gloriae
1361 2384 1412 2442 Dei
1434 2386 1572 2452 admonet,
1593 2383 1660 2439 satis
1674 2383 1728 2439 boc

81 2482 108 2529 et
123 2489 189 2531 caro
203 2474 278 2542 Jeau,
293 2474 388 2546 utique
403 2473 465 2530 dico
481 2473 543 2545 quia
558 2473 586 2529 in
603 2490 685 2530 carne
699 2481 794 2530 nostra
808 2491 883 2532 mor·
932 2477 1029 2532 innuit.
1046 2477 1159 2532 Frustra
1177 2475 1249 2532 enim
1270 2482 1383 2549 agerent
1411 2473 1513 2546 gratiam
1527 2473 1596 2542 Deo,
1611 2470 1664 2527 nisi
1678 2462 1730 2527 ab·⁸

83 2563 138 2619 tati
154 2560 200 2618 fiet
214 2561 270 2620 vita
279 2563 345 2619 lesu
355 2570 382 2619 et
395 2578 446 2634 per
460 2562 553 2618 Jesum
581 2577 646 2618 caro
670 2579 731 2635 quse
759 2561 884 2618 mortalis
933 2565 1068 2621 undarent
1083 2564 1173 2637 gratia
1187 2563 1248 2620 Dei.
1265 2563 1340 2620 Sicut
1353 2563 1412 2619 brec
1427 2561 1519 2618 omnia
1534 2576 1564 2617 εε
1577 2560 1634 2632 pati
1662 2558 1730 2615 dixit

83 2659 137 2718 est,
151 2666 201 2723 pro
215 2658 292 2707 certo
320 2649 367 2706 liet
401 2650 574 2706 immortalis.
603 2649 832 2722 Quandoquidem
856 2650 885 2706 in
933 2654 968 2709 ad
982 2653 1096 2726 gloriam
1112 2652 1172 2722 Dei,
1188 2651 1228 2708 sic
1242 2650 1324 2708 modo
1338 2658 1425 2707 totum
1435 2657 1573 2722 retorquet
1582 2647 1618 2705 ad
1632 2647 1731 2704 utilita-

83 2737 885 2812 mortemtradimur:erqomorsoperaturiaucbis,quod
933 2750 988 2798 tem
1016 2740 1237 2808 Corinthiorum,
1263 2739 1361 2796 dicens
1379 2755 1385 2793 :
1401 2740 1520 2811 Propter
1534 2736 1615 2811 quad,
1644 2735 1674 2792 id
1688 2741 1731 2791 εει

82 2844 164 2884 suum
178 2835 221 2884 εει
241 2825 431 2884 mortificando
452 2842 568 2899 corpora
591 2835 701 2893 nostra,
717 2827 766 2884 sed
779 2827 812 2883 iu
835 2842 884 2884 uo·
933 2830 995 2903 quia
1009 2829 1100 2886 omnia
1113 2829 1233 2901 patimur
1246 2834 1357 2901 propter
1367 2843 1426 2895 vos,
1442 2834 1471 2882 nt
1484 2827 1567 2882 modo
1578 2826 1624 2909 ‘de
1642 2823 1731 2899 gloria

84 2917 126 2974 iis
141 2916 188 2990 qui
203 2924 294 2986 spreta
316 2915 465 2972 imitatione
480 2923 576 2972 nostra
598 2915 745 2972 adhaeretis
767 2913 883 2986 pseudo.
934 2919 984 2975 Dei
999 2918 1093 2974 sileam
1111 2934 1117 2974 :
1134 2917 1217 2974 etiam
1231 2932 1280 2989 pro
1296 2917 1354 2973 sola
1369 2915 1484 2971 utilitate
1498 2912 1588 2971 vestra
1606 2930 1665 2971 aaa
1679 2913 1730 2970 de-

83 3006 114 3060 la
139 3004 219 3061 vobis
232 3004 324 3077 utique
338 3013 380 3061 est
394 3006 464 3073 cita,
480 3004 508 3060 id
536 3012 578 3060 est
591 3019 640 3061 vos
664 3003 732 3058 nihil
750 3002 882 3075 patimini,
896 2978 919 3039 0
934 3008 1046 3078 ficimus
1061 3023 1230 3079 quacunque
1244 3005 1398 3062 inferantur
1408 3003 1606 3059 tribulationes.
1622 3001 1732 3059 Diceret

84 3093 133 3149 sed
148 3093 223 3148 malo
235 3101 338 3150 vestro.
355 3093 406 3149 vei
422 3093 460 3148 ita
477 3110 483 3148 :
502 3092 573 3161 Quia
587 3092 641 3148 vita
650 3093 716 3149 Jesn
731 3090 885 3147 manifesta·
935 3096 1033 3169 aliquis
1050 3110 1056 3150 :
1073 3095 1173 3151 llirum
1186 3094 1311 3166 estquod
1325 3101 1352 3150 te
1366 3092 1500 3150 dicianon
1513 3089 1638 3157 deficere,
1650 3105 1732 3163 quem

83 3181 157 3237 bitur
172 3181 200 3237 in
213 3181 291 3237 robis
306 3180 481 3248 mortificatis,
498 3196 565 3255 orgo
579 3197 655 3237 mors
670 3180 722 3236 ista
745 3187 883 3252 operatur,
935 3183 1098 3258 quotidianis
1124 3182 1343 3238 tribulationibus
1370 3182 1495 3238 videmus
1523 3179 1669 3250 corrumpi.
1689 3177 1732 3234 Ad

84 3271 114 3328 id
128 3277 172 3327 εει
185 3270 251 3326 utile
265 3286 336 3341 opus
349 3269 413 3327 lacit
427 3270 456 3326 in
470 3269 557 3337 vobis,
574 3269 695 3339 scilicet,
711 3268 795 3324 vitam
808 3269 883 3324 Jesu.
935 3273 988 3329 boc
1015 3272 1052 3327 ait
1068 3286 1074 3326 :
1090 3271 1190 3344 Utique
1217 3286 1273 3326 non
1300 3269 1452 3337 deficimus,
1484 3268 1533 3325 sed
1556 3281 1730 3324 renovamur.

86 3358 157 3428 Quia
171 3358 196 3414 si
221 3374 297 3414 mors
324 3358 407 3414 vitam
437 3357 545 3413 lesuin
561 3358 639 3414 vobis
655 3366 783 3428 operatur
799 3372 805 3410 :
822 3363 886 3414 tuac
937 3362 1026 3429 Licet,
1041 3361 1066 3416 ιε
1079 3359 1107 3415 id
1120 3365 1162 3414 est
1174 3366 1229 3413 tam
1250 3358 1311 3414 vilis
1335 3362 1433 3416 caster
1448 3357 1540 3424 tremo,
1556 3355 1584 3412 id
1609 3363 1652 3412 εει
1666 3370 1732 3412 caro

84 3447 143 3503 rita
157 3462 280 3520 praesens
297 3461 377 3518 quani
393 3446 506 3519 diligitis
520 3455 651 3517 operatur
673 3445 701 3500 in
723 3445 802 3503 vobis
816 3459 885 3501 con·
936 3465 996 3521 quae
1006 3455 1099 3504 nostro
1109 3446 1233 3517 imperio,
1245 3445 1273 3501 id
1284 3453 1325 3501 est
1333 3445 1439 3518 spiritui
1449 3461 1559 3517 semper
1568 3443 1681 3499 obedire
1689 3458 1734 3500 co·

85 3536 200 3591 trarium
216 3535 278 3592 vitae
292 3535 374 3602 Jesu,
391 3535 512 3594 scilicet.
527 3534 741 3590 damnationem.
758 3533 808 3589 Vel
823 3533 860 3588 ita
876 3547 883 3588 :
936 3537 1009 3611 gitur
1026 3552 1032 3590 :
1048 3537 1097 3609 qui
1110 3537 1192 3591 homo
1202 3535 1272 3606 foris
1288 3537 1330 3589 est
1346 3552 1355 3589 :
1369 3540 1398 3589 ut
1412 3532 1529 3605 pluvias,
1554 3539 1646 3597 aestus,
1663 3546 1735 3603 quae·

86 3624 158 3694 Quia
171 3639 223 3696 per
239 3631 365 3689 mortem,
382 3623 465 3680 vitam
480 3624 546 3678 lesu
562 3623 679 3678 habituri
694 3637 803 3690 sumus,
820 3636 886 3693 ergo
937 3641 1044 3697 cunque
1057 3624 1174 3680 adversa
1195 3622 1316 3695 patiatur
1333 3636 1339 3676 :
1354 3621 1427 3689 licet,
1456 3621 1586 3693 iuquam,
1603 3618 1627 3673 is
1641 3625 1735 3674 noster

85 3729 163 3769 mors
182 3720 311 3784 operatur
326 3712 355 3766 in
378 3711 457 3767 nobis
485 3710 559 3783 quad
580 3711 682 3766 bonum
705 3717 757 3775 εει,
786 3717 813 3765 ει
836 3724 887 3779 per
942 3705 1736 3784 1⁸11lomocorramparar:tamenahomolaudabi-

87 3809 205 3857 mortam
218 3802 342 3856 nostiam
351 3799 405 3855 vita
414 3807 545 3870 operatur
558 3799 587 3853 in
601 3798 678 3855 vobis
695 3813 701 3853 :
716 3797 782 3870 quia
791 3797 887 3854 merito
937 3803 971 3858 lis
981 3803 1029 3874 qui
1042 3803 1123 3858 intus
1138 3804 1190 3870 est,
1206 3799 1253 3855 ubi
1267 3799 1349 3856 debet
1363 3797 1506 3855 vexatione
1522 3794 1664 3853 exterioris
1678 3795 1732 3850 ho·

85 3889 182 3947 mortis
195 3896 298 3945 nostrae
311 3887 403 3944 infide
419 3895 446 3943 et
457 3887 561 3957 justitia
575 3887 677 3943 vivitis.
708 3887 818 3944 Diceret
842 3885 887 3941 ali-
937 3890 1019 3947 minis
1033 3889 1147 3956 muniri;
1164 3889 1198 3958 is,
1213 3887 1393 3960 inquam,qui
1408 3888 1736 3957 intusest:quantoma-

87 3979 149 4051 quis
165 3995 172 4033 ι
186 3977 249 4033 Non
264 3983 404 4049 oporteret
419 3985 444 4032 ιε
459 3991 476 4031 ε
490 3977 549 4032 Deo
569 3974 738 4042 mortificari,
755 3974 779 4031 si
804 3973 887 4043 justi·
938 3980 982 4053 gis
996 3979 1020 4033 is
1034 3977 1079 4050 qui
1093 3976 1162 4033 ioris
1174 3983 1217 4033 est
1231 3976 1416 4048 corrumpitur
1433 3991 1439 4030 :
1454 3982 1528 4031 tanto
1535 3972 1624 4046 magis
1638 3972 1684 4029 hic
1693 3987 1736 4030 re·

85 4067 153 4123 tiam
169 4073 245 4121 tuam
259 4065 381 4137 quietam
399 4065 524 4131 haberes,
551 4079 603 4121 nec
625 4063 708 4120 fidem
731 4063 831 4119 Christi
858 4061 889 4117 in
938 4070 1062 4123 uocatur
1075 4066 1109 4122 de
1123 4067 1168 4122 die
1184 4068 1216 4123 iu
1231 4065 1315 4133 άιεει,
1335 4065 1364 4120 id
1378 4071 1420 4121 est
1434 4063 1572 4121 continue.
1588 4061 1638 4117 l'el
1648 4061 1681 4118 de
1694 4060 1739 4118 dic

87 4162 268 4227 conspectum
282 4154 423 4210 hominum
436 4169 588 4209 assereres.
604 4152 702 4209 Contra
716 4152 768 4208 hoc
788 4152 887 4207 Paulus
939 4157 971 4211 iu
981 4153 1066 4222 diem,
1078 4154 1106 4209 id
1117 4162 1158 4211 ost
1167 4154 1202 4211 de
1212 4154 1310 4211 virtute
1321 4154 1411 4210 eundo
1419 4152 1448 4208 in
1457 4153 1591 4208 virtutem.
1602 4152 1735 4208 Dicouou

88 4245 125 4301 ait
138 4260 171 4300 se
187 4260 244 4301 non
261 4259 344 4315 posse
357 4242 473 4300 reticere
488 4241 571 4298 fidem
587 4240 698 4309 Christi,
714 4242 776 4313 quia
804 4239 890 4296 babet
940 4243 1087 4313 deficimus
1103 4258 1109 4297 :
1127 4251 1152 4299 et
1166 4242 1274 4298 merito.
1298 4244 1370 4299 Nam
1384 4242 1413 4298 ia
1427 4240 1609 4297 tribulationis
1637 4246 1738 4296 nostrae

87 4333 213 4405 spiritum
230 4348 236 4387 :
253 4339 340 4404 etper
353 4331 478 4404 spiritum
493 4328 575 4386 iidem
591 4346 598 4385 t
615 4336 641 4385 et
655 4329 718 4402 quia
731 4327 814 4385 iidem
838 4328 924 4392 ιιι-Ι)
942 4346 1110 4404 quacunque
1127 4332 1160 4387 sit
1172 4347 1271 4403 magna
1285 4329 1330 4387 vel
1344 4345 1427 4402 parva
1440 4347 1446 4385 :
1458 4328 1540 4404 quad,
1556 4329 1670 4396 scilicet,
1686 4328 1739 4385 trt'·

88 4422 144 4491 bet,
162 4421 225 4478 ideo
248 4421 390 4493 loquitur:
409 4427 436 4475 ει
451 4419 514 4491 quia
539 4417 667 4490 loquitur,
698 4416 886 4473 mortificatur.
941 4421 1096 4477 brictionis
1110 4420 1142 4474 in
1155 4420 1292 4492 praesceti
1302 4422 1345 4475 cst
1354 4422 1595 4488 momentaneum,
1607 4418 1635 4474 id
1646 4424 1688 4474 εει
1697 4422 1740 4472 εει

88 4511 123 4566 Ει
137 4509 214 4582 quod
227 4508 268 4565 sic
281 4518 402 4579 oporteat
421 4524 484 4564 eum
497 4505 599 4574 iacere,
615 4506 712 4578 probat
730 4505 889 4563 auctoritate
941 4508 1071 4566 citissime
1084 4508 1229 4574 transiens,
1246 4522 1298 4564 nec
1312 4506 1494 4575 intolerabile,
1504 4509 1553 4564 sed
1570 4509 1628 4566 leue
1644 4522 1651 4561 :
1667 4507 1736 4576 haec,
1785 4521 1788 4527 ·
1857 4483 1863 4490 .

90 4597 180 4656 David
203 4597 232 4650 in
245 4611 365 4667 persona
388 4604 537 4668 martyrum
557 4595 662 4667 agentis
688 4594 784 4651 dicens
800 4612 807 4649 :
822 4595 889 4651 ldeo
940 4598 1063 4671 iuquam,
1077 4596 1138 4652 talis
1152 4595 1292 4652 tribulatio
1317 4601 1453 4669 operatur
1466 4598 1498 4653 iu
1525 4596 1604 4653 nabis
1625 4593 1738 4668 paudus

88 4685 259 4757 aporiamur,
274 4684 429 4756 dejicimur,
444 4682 640 4739 mortificamur
653 4700 659 4737 :
672 4683 736 4754 quia
750 4698 801 4738 nos
834 4682 889 4737 ba·
941 4688 1037 4759 ptortoe
1051 4690 1192 4742 aemam
1207 4700 1213 4740 ε
1229 4685 1337 4757 pondus
1360 4692 1456 4741 eontra
1473 4683 1543 4753 leue,
1560 4683 1655 4757 gloria
1669 4698 1738 4739 con-

90 4775 189 4832 bentes
203 4772 327 4845 spiritum
339 4774 465 4830 datorem
480 4771 554 4842 fidei,
570 4772 696 4828 eumdem
708 4787 788 4844 quem
803 4770 890 4827 David
942 4781 984 4828 tra
998 4773 1189 4840 tribulationis,
1205 4780 1672 4829 aetemumcontramomentaneum
1689 4786 1695 4827 :
1712 4776 1740 4827 et

90 4870 118 4919 ει
132 4862 180 4918 alii
197 4861 285 4920 sancti
298 4862 453 4918 babuemnt
464 4878 471 4916 :
484 4860 528 4917 vel
544 4861 669 4917 eumdem
685 4875 764 4932 quem
777 4875 826 4915 vos
841 4861 891 4915 ha·
942 4863 971 4916 in
985 4861 1160 4931 sublimitate,
1175 4862 1256 4917 idest
1271 4861 1300 4916 in
1313 4861 1383 4917 coelo
1400 4868 1496 4917 contra
1509 4863 1561 4916 boc
1574 4860 1648 4932 quod
1662 4859 1699 4914 ait
1711 4858 1740 4914 in

89 4951 172 5022 betis,
188 4950 211 5005 si
227 4964 278 5022 pro
291 4950 400 5006 Christo
414 4949 470 5022 pati
484 4949 584 5005 velitis.
600 4949 691 5005 Virtus
707 4947 779 5004 enim
807 4947 891 5020 spiri·
942 4949 1079 5023 presenti.
1111 4949 1219 5005 Pondus
1246 4949 1348 5007 dictum
1379 4957 1419 5005 est
1444 4949 1524 5006 abea
1552 4947 1739 5016 similitudine,

89 5047 134 5095 tus
148 5038 217 5095 nulli
230 5037 320 5096 delicit
337 5055 343 5094 ε
360 5039 413 5094 nisi
427 5038 453 5094 ei
476 5038 523 5110 qui
546 5038 597 5093 sibi
612 5037 664 5107 ipsi
678 5037 796 5108 primum
811 5035 892 5093 deie-
943 5039 1007 5112 quia
1022 5038 1095 5111 quod
1109 5038 1137 5092 in
1152 5037 1252 5092 trutina
1265 5038 1373 5108 pondus
1383 5037 1476 5105 habet,
1492 5037 1581 5094 carius
1605 5045 1656 5106 est,
1672 5035 1739 5092 illud

90 5128 170 5186 cerit.
182 5127 251 5194 Nos,
264 5127 384 5200 iuquam,
401 5127 534 5184 habemus
548 5127 622 5182 bunc
636 5125 771 5198 spiritum,
789 5133 815 5181 ει
829 5124 892 5181 ideo
942 5135 1032 5182 autern
1047 5126 1121 5198 quod
1135 5126 1206 5192 leve,
1222 5126 1352 5181 deterius.
1369 5125 1434 5182 idco
1447 5126 1506 5182 haec
1534 5142 1596 5198 que
1623 5125 1741 5196 patimur

89 5233 142 5272 nos
157 5214 297 5273 credimus
320 5223 432 5288 propter
458 5215 542 5287 quod,
565 5214 593 5269 id
608 5221 649 5269 est
664 5213 727 5286 quia
741 5214 890 5271 credimus.
942 5215 1015 5272 levia
1028 5222 1055 5271 ει
1069 5213 1146 5286 quasi
1161 5212 1236 5269 nulla
1245 5214 1401 5284 judicamus
1417 5229 1423 5269 :
1441 5213 1505 5286 quia
1520 5215 1597 5272 cobis
1607 5230 1666 5270 aare
1676 5229 1743 5270 cerr·

89 5304 240 5378 Loquimur
252 5304 335 5360 etiam
350 5305 379 5360 in
393 5311 540 5375 conspectu
555 5301 695 5359 bominum
711 5302 783 5373 quod
799 5301 892 5359 credi·
945 5301 1159 5375 temptantibus,
1171 5301 1199 5358 id
1209 5311 1249 5358 est
1260 5317 1316 5358 non
1324 5301 1524 5372 affectantibus,
1536 5317 1569 5358 aa
1576 5319 1637 5375 quae
1647 5301 1742 5358 cidem

88 5409 161 5451 mus.
189 5392 260 5462 Quia
278 5392 467 5451 tribulationes
492 5391 665 5466 premiserat
679 5405 734 5448 non
750 5390 891 5448 subdidit:
944 5390 1741 5465 tur,sedeaquaaaauidentur.Ideoqueeoideutursper-
