3750 5984
82 173 134 228 sos
765 157 1037 221 uaotrartouns.
1403 149 1405 152 ⁴
1458 130 1467 136 ’
1682 147 1734 202 sio

87 293 139 350 lier
160 291 213 347 ista
236 288 359 362 suggerit
378 301 440 343 esse
462 286 627 354 iaciendum,
653 287 706 343 nisi
726 289 817 346 omnia
839 285 885 343 illa
899 283 1017 346 Annius
1033 288 1132 337 tantum
1158 277 1246 350 spatio
1270 281 1414 360 contentus
1433 281 1484 342 est,
1508 272 1563 328 imo
1578 272 1670 341 eiectis
1685 281 1732 329 aut

87 381 189 456 gaudia
203 396 264 451 quae
278 377 480 448 subsequuntur
494 375 622 442 lamenta,
640 383 768 448 tanquam
779 385 883 449 pestem
934 371 1080 430 contractis
1094 367 1166 441 quod
1189 373 1278 438 potest
1302 364 1448 419 multorum
1471 362 1595 431 laterum,
1616 359 1665 416 uni
1678 361 1731 417 sibi

88 482 278 540 venenumque
293 464 427 521 vitanda?
442 465 500 520 Nec
514 465 708 521 attendendum
719 465 784 538 quid
792 465 884 520 suavi·
934 461 1054 517 vindicat
1067 458 1168 513 locum.

90 554 152 610 tatis
167 553 287 607 habeant
299 550 327 603 in
340 549 468 620 praesenti
485 549 549 603 dum
557 549 664 619 adsunt,
677 550 725 605 sed
737 550 801 622 quid
812 565 886 604 ama·
971 548 1041 617 Quid
1071 545 1118 601 tibi
1145 544 1253 601 uidetur
1274 543 1309 598 de
1330 558 1363 597 eo
1386 541 1433 613 qui
1454 546 1535 596 totam
1555 539 1733 595 intentionem

89 640 215 698 ritudInis
233 645 364 711 generent
378 636 406 691 in
430 637 509 693 nobis
524 653 584 694 oum
595 638 703 693 abeunt.
732 638 809 693 Talia
824 644 887 692 sunt
937 654 1024 704 suam,
1040 645 1066 691 et
1090 642 1197 704 tempus
1220 630 1351 702 impendit
1376 630 1411 685 ad
1425 629 1592 685 fulciendam
1616 627 1734 701 aliquam

90 728 181 786 omnia
195 725 354 799 temporalia
369 726 478 798 gaudia.
495 725 550 780 Cur
563 741 618 780 non
628 741 696 799 ergo
704 725 813 780 vineam
822 741 886 796 pos·
936 727 1057 791 domum,
1075 738 1158 795 quam
1180 719 1268 775 fulciri
1292 726 1333 774 est
1356 717 1524 788 impossibile
1547 734 1579 773 ex
1593 717 1638 773 his
1651 715 1735 772 rebus

91 808 374 885 sideodamspratum,
398 814 508 869 domum
529 815 683 885 spatiosam,
704 831 821 888 agrum3
838 829 887 870 cur
937 827 970 866 ex
993 809 1092 881 quibus
1111 806 1148 861 nil
1171 804 1281 860 omnino
1307 801 1396 859 fulciri
1420 809 1518 872 potest,
1539 800 1584 856 rel
1598 801 1621 856 si
1636 799 1732 872 possit,

89 923 145 963 non
159 921 253 961 aurum
270 911 477 975 argentumque,
495 918 543 959 cur
560 918 616 958 non
639 903 782 974 opiniones
800 902 888 959 bomi-
938 899 1004 970 ipsae
1019 897 1126 951 tutrurae
1140 893 1264 964 indigent
1278 891 1391 946 totidem
1403 889 1511 944 iulturis
1521 889 1581 945 aliis
1596 897 1662 961 quot
1677 888 1735 960 ipsa

92 1010 158 1050 num
178 993 335 1064 laudesque,
355 1007 387 1047 ac
410 998 511 1046 caetera
537 991 646 1057 similia,
678 992 775 1047 eadem
804 1005 888 1047 causa
939 987 1036 1041 domus
1051 1000 1111 1056 quae
1126 999 1159 1039 ex
1173 982 1216 1036 his
1231 979 1366 1036 fulcienda
1389 985 1448 1044 est;
1464 986 1491 1034 et
1503 977 1557 1034 illae
1570 977 1678 1035 fulturae
1691 985 1736 1034 to·
1823 1020 1826 1030 .

91 1082 205 1156 provida
215 1080 321 1138 cautela
332 1079 475 1135 devitem?
490 1077 512 1134 0
528 1080 589 1149 quis
599 1078 674 1134 dabit
684 1080 824 1150 decrepito
835 1095 888 1150 pu·
939 1074 1032 1140 tidem,
1045 1081 1071 1128 et
1085 1072 1120 1126 ita
1134 1071 1161 1125 in
1176 1067 1333 1124 infinitum?
1347 1067 1408 1124 Vita
1423 1068 1492 1134 haec,
1509 1067 1626 1135 domus;
1643 1065 1735 1134 fultor,

93 1186 142 1228 ero
158 1178 185 1226 et
206 1178 297 1225 tamen
322 1167 413 1233 stulto,
430 1166 457 1222 id
472 1174 512 1222 est
527 1166 644 1222 humano
657 1168 750 1239 generi
765 1168 813 1224 toti
828 1166 890 1222 orbi
940 1172 987 1229 tu;
1002 1161 1119 1229 iulturae,
1146 1157 1316 1229 temporalia,
1343 1171 1403 1229 quae
1424 1172 1564 1230 nunquam
1588 1157 1616 1211 iu
1640 1155 1738 1212 eodem

94 1259 204 1325 diffuso,
227 1256 371 1329 quamdam
394 1270 530 1328 magnam,
556 1255 701 1327 quamdam
716 1255 889 1326 sapientissi-
940 1258 1012 1307 statu
1027 1255 1194 1321 permanent,
1211 1252 1237 1302 et
1260 1260 1311 1302 nec
1334 1244 1441 1314 fulcire,
1458 1261 1510 1302 nec
1524 1244 1612 1301 fulciri
1626 1242 1738 1299 omnino

95 1343 891 1416 mamnutrioem,quaetalicuraaosollicitudiuesubtrahat
940 1345 1065 1412 possunt.

94 1436 130 1500 ei,
145 1435 189 1491 vel
204 1443 314 1491 revocet
328 1449 389 1489 eum
405 1449 421 1488 a
436 1433 553 1505 gaudiis,
572 1449 631 1504 quae
645 1431 793 1487 futurorum
809 1432 891 1487 semi·
977 1429 1098 1500 Longam
1122 1423 1299 1479 tentationem
1315 1422 1391 1496 petit,
1407 1421 1453 1494 qui
1469 1422 1579 1494 longum
1594 1422 1677 1478 vitam
1690 1436 1740 1493 pe·

92 1540 130 1580 na
143 1531 204 1580 sunt
219 1523 369 1579 dolorum?
384 1521 438 1578 Sed
452 1522 524 1577 unde
539 1529 630 1575 tantus
644 1520 672 1575 in
687 1528 744 1577 toto
757 1521 824 1577 orbe
839 1537 891 1592 ge·
941 1516 982 1571 tit.
1004 1515 1132 1572 Tantalio
1147 1516 1190 1568 est
1209 1512 1281 1567 enim
1304 1511 1363 1567 vita
1386 1510 1509 1567 bominis
1533 1513 1739 1583 superterram

92 1613 176 1667 mitus
191 1611 311 1675 fletuum,
336 1610 387 1664 nisi
402 1611 466 1681 quia
481 1611 539 1664 haec
553 1609 643 1663 nutrix
658 1609 778 1680 piissima
793 1625 826 1665 ac
841 1626 927 1696 poB
946 1605 1015 1676 (tot.
1031 1619 1081 1670 vn,
1098 1604 1135 1667 l).
1681 1674 1683 1680 k

93 1699 247 1757 tentissima
266 1713 407 1770 nunquam
429 1706 527 1764 cessat,
548 1697 606 1753 sive
628 1712 679 1768 per
703 1698 887 1768 semetipsam,
979 1691 1056 1760 Quod
1072 1691 1100 1745 in
1121 1689 1178 1745 suis
1201 1688 1295 1746 amicis
1316 1688 1360 1743 rel
1383 1686 1541 1759 parentibus
1564 1701 1619 1743 non
1642 1683 1742 1744 amavit

96 1806 147 1846 seu
172 1788 259 1855 aliter,
276 1788 396 1843 humano
420 1787 526 1860 generi,
542 1801 641 1842 causas
656 1785 791 1852 dolorum,
808 1787 892 1842 idest
941 1785 1025 1848 Deus,
1042 1780 1070 1835 id
1086 1787 1127 1834 est
1141 1779 1301 1851 potentiam,
1324 1777 1503 1843 nobilitatem,
1520 1775 1639 1843 divitias,
1654 1775 1741 1833 hono·

94 1877 265 1950 temporalia,
281 1885 417 1949 tamquam
439 1891 580 1947 passerem
603 1890 699 1946 puero,
725 1874 832 1930 auferre
847 1882 893 1931 aut
941 1887 996 1939 res,
1012 1885 1065 1924 non
1081 1883 1156 1923 ames
1170 1875 1199 1922 tu
1213 1866 1241 1921 in
1254 1866 1317 1922 tuis.
1331 1907 1334 1909 Α

95 1967 242 2022 nondare.
778 2027 784 2032 .
927 1970 932 1980 ·
978 1961 1104 2031 Laqueus
1126 1955 1259 2023 comedis,
1282 1954 1363 2021 bibis,
1390 1953 1484 2025 restis,
1509 1953 1634 2023 dormis;
1650 1951 1743 2010 omnia

372 2086 570 2144 ouerronuu
584 2087 616 2142 v.
943 2048 1067 2119 lilim·

979 2136 1096 2192 Exsules
1109 2149 1213 2200 amore,
1237 2133 1384 2203 uoluptate,
1402 2130 1510 2197 aflectu,
1527 2147 1582 2187 non
1597 2130 1742 2201 localia-

97 2225 135 2279 De
150 2221 317 2294 cupiditate,
334 2236 438 2286 amora,
454 2224 482 2276 ot
492 2221 661 2292 gloriatione
673 2223 852 2276 terrenorum
867 2223 895 2276 ct
945 2224 1018 2280 sulas
1033 2224 1061 2278 in
1076 2222 1187 2294 regione
1211 2220 1401 2292 corruptionis,
1425 2219 1583 2291 passionum
1610 2218 1744 2276 tenebra-

136 2292 348 2364 teml’m's‘m‘mt
371 2295 398 2347 et
424 2291 557 2363 9αοΜοάο
576 2307 631 2363 W
654 2307 686 2348 θα
701 2307 766 2347 ”m
779 2291 896 2347 mimia
945 2330 1016 2380 rum,
1033 2310 1204 2384 ignorantiae,
1220 2309 1356 2365 malorum
1373 2323 1498 2364 amorum
1512 2316 1539 2364 et
1553 2307 1688 2364 odiorum.

134 2379 192 2420 '10²2
207 2363 338 2430 ‘linitura
355 2362 402 2418 3θᾶ
416 2366 564 2433 “nieman
982 2401 1117 2470 Quantum
1142 2399 1236 2471 diligis
1261 2406 1296 2467 te,
1322 2399 1350 2453 id
1364 2406 1406 2453 est
1421 2398 1492 2454 hauc
1508 2396 1589 2453 vitam
1606 2404 1744 2469 tempora·

134 2495 248 2551 Duobus
261 2494 361 2559 modis,
378 2510 441 2550 curn
455 2494 515 2549 duae
529 2509 574 2549 res
590 2492 791 2566 suutaequales,
808 2500 898 2564 potest
946 2490 1011 2556 lem,
1035 2496 1140 2544 tautum
1168 2487 1267 2559 diligas
1288 2485 1450 2553 transitoria,
1476 2486 1535 2542 sine
1560 2485 1658 2558 quibus
1682 2500 1744 2542 esse

98 2583 159 2640 haeo
173 2583 262 2653 major
276 2582 323 2638 illa
343 2581 412 2649 lieri,
429 2591 474 2637 aut
489 2598 538 2637 suo
552 2582 663 2654 proprio
679 2588 835 2655 augmento,
852 2589 898 2636 aut
947 2594 1000 2634 non
1015 2585 1101 2649 potes,
1130 2591 1244 2632 necesse
1268 2584 1319 2631 est.
1335 2577 1369 2632 Et
1392 2582 1522 2648 quantum
1544 2573 1650 2646 spernis
1672 2574 1745 2630 hanc

100 2671 183 2727 sooiae
197 2671 369 2726 detrimento.
386 2672 443 2726 lloo
457 2672 608 2742 posteriore
622 2671 705 2727 modo
714 2687 810 2726 omnes
824 2670 898 2741 prin·
947 2667 1038 2732 vitam,
1055 2674 1082 2721 et
1097 2665 1155 2734 ejus
1169 2664 1298 2720 fomenta.
1726 2728 1729 2736 y

100 2760 178 2831 cipes
193 2768 220 2815 et
239 2767 386 2831 potestates
408 2759 499 2815 saeouli
513 2767 559 2813 aut
574 2759 703 2832 gaudent,
719 2767 763 2814 aut
778 2759 900 2814 nituntur
984 2754 1075 2810 Grave
1089 2761 1131 2809 est
1145 2753 1194 2808 tibi
1208 2753 1260 2809 hoo
1276 2752 1321 2810 vel
1336 2752 1402 2808 illud
1417 2753 1552 2809 amisisse.
1581 2752 1623 2809 Ne
1638 2765 1746 2824 quaeras

101 2848 209 2904 caeteris
223 2848 350 2902 omnibus
366 2863 427 2902 esse
441 2847 569 2916 majores,
581 2863 687 2914 eorum,
698 2847 835 2914 videlicet,
850 2848 898 2903 de-
948 2859 1016 2914 ergo
1032 2843 1163 2899 amittere.
1186 2841 1287 2910 Quaerit
1308 2843 1382 2898 enirn
1406 2841 1539 2909 amittere,
1565 2840 1689 2914 quisquis
1712 2854 1747 2897 et

99 2937 219 3006 jectione
240 2943 267 2991 et
281 2935 453 3000 detrimento,
468 2951 524 2991 uon
536 2952 595 3001 sua,
612 2936 639 2990 id
654 2944 696 2991 est
710 2936 833 3007 corporis
848 2942 894 2992 aut
950 2931 1038 3003 diligit
1053 2939 1080 2987 et
1093 2930 1217 3003 acquirit,
1234 2947 1294 3002 quae
1310 2931 1421 2986 retineri
1435 2946 1490 2986 non
1505 2930 1607 2987 valent.

103 3024 188 3080 animi
202 3024 243 3079 sui
266 3024 404 3080 erectiono
426 3031 471 3078 aut
485 3032 640 3096 augmento.
657 3024 752 3095 Neque
767 3024 838 3078 enim
853 3031 900 3079 aut
986 3020 1082 3076 Omnis
1095 3019 1205 3075 miseria
1228 3020 1256 3074 in
1278 3020 1331 3075 hoc
1355 3028 1406 3075 est.
1423 3019 1525 3076 Omnes
1539 3025 1632 3074 amant
1646 3015 1748 3091 aliquid

104 3127 221 3184 corpora
235 3128 340 3177 eorum,
357 3120 404 3167 aut
424 3120 530 3167 mentes
544 3111 599 3167 ullo
614 3112 696 3168 modo
710 3112 897 3177 meliorantur,
950 3108 1147 3181 principaliter,
1163 3108 1209 3163 ubi
1225 3123 1334 3179 semper
1348 3107 1524 3164 intentionem
1540 3108 1641 3163 habent
1655 3105 1746 3162 lixam.

104 3201 155 3258 sed
169 3201 295 3256 videntur
310 3200 362 3255 sibi
374 3199 523 3271 proiecisse
538 3208 565 3255 et
575 3200 704 3266 crevisse,
722 3200 785 3272 quia
799 3200 837 3254 illi
852 3200 900 3256 de·
950 3199 989 3252 Tu
1005 3213 1071 3253 uero
1085 3196 1173 3268 quid‘l
1187 3197 1259 3253 Ecce
1281 3213 1376 3252 omnes
1394 3197 1472 3270 quasi
1495 3198 1622 3253 thesauro
1636 3196 1747 3252 invento

105 3289 230 3346 fecerunt
245 3297 271 3344 et
285 3289 473 3344 decreverunt.
490 3286 569 3355 Quod
585 3288 607 3342 si
618 3288 656 3343 ita
667 3288 758 3343 omnia
768 3287 901 3343 diminuta
951 3285 1065 3357 arreptis
1080 3284 1174 3340 mundi
1196 3285 1316 3356 partibus
1340 3286 1464 3359 singulis,
1479 3285 1580 3358 singuli
1594 3283 1749 3350 intendunt,

105 3382 209 3440 essent,
227 3380 255 3428 ut
269 3372 297 3427 in
312 3372 425 3427 nihilum
440 3372 549 3428 redacta
563 3379 664 3439 essent,
678 3371 706 3426 in
720 3387 774 3442 quo
789 3387 900 3428 cresce·
951 3382 996 3429 aut
1010 3381 1083 3430 certe
1097 3373 1168 3428 inter
1190 3373 1285 3444 plures
1308 3373 1477 3440 scinduntur,
1498 3389 1530 3430 ac
1551 3374 1574 3429 si
1590 3373 1665 3429 canis
1678 3372 1749 3427 inter

105 3470 146 3517 ret
161 3476 195 3518 ex
208 3461 262 3516 hoo
275 3460 365 3516 anima
379 3460 423 3516 rel
438 3475 538 3532 corpus
552 3459 649 3515 tuum?
952 3462 1007 3517 duo
1021 3462 1108 3517 frusta
1130 3462 1221 3518 carnis
1243 3461 1358 3533 positus,
1380 3461 1490 3535 ignoret
1514 3461 1556 3518 oui
1577 3460 1748 3534 potissimum

142 3549 217 3606 Siout
232 3548 278 3621 qui
299 3549 355 3604 uult
374 3547 475 3604 lateres
501 3547 601 3615 iuuere,
625 3548 741 3619 plateam
756 3555 900 3619 praeparat,
953 3551 1159 3623 appropinquet,
1176 3550 1291 3606 alterum
1306 3550 1405 3606 timens
1418 3551 1554 3608 amittere.

104 3637 153 3693 ubi
169 3653 218 3693 eos
233 3636 342 3693 interim
363 3645 455 3708 ponat,
480 3652 536 3692 non
550 3636 641 3708 utique
664 3636 701 3691 ibi
716 3652 901 3704 remansuros,
987 3639 1015 3695 Si
1029 3640 1088 3695 haec
1112 3639 1144 3694 in
1166 3638 1265 3710 quibus
1291 3638 1405 3695 contidis
1427 3646 1474 3696 aut
1497 3640 1651 3712 delectaris,
1673 3644 1749 3704 iace·

106 3727 167 3792 sed,
184 3741 247 3782 curn
267 3724 394 3781 exsiccati
418 3723 526 3794 inerint,
552 3724 616 3780 alibi
641 3725 861 3794 transferendum
878 3733 905 3782 et
953 3734 1015 3784 rent
1028 3728 1081 3784 boc
1096 3727 1124 3782 in
1135 3727 1298 3799 semetipsis,
1310 3727 1439 3784 irrideres
1448 3736 1576 3803 tanquam
1587 3733 1679 3802 stulta,
1695 3735 1751 3793 imo

106 3814 144 3871 ita
158 3814 249 3886 platea
262 3813 310 3869 illa
323 3812 405 3868 nullis
420 3812 574 3885 specialiter
588 3813 717 3869 lateribus
731 3821 828 3885 parata
852 3821 902 3880 est,
954 3816 1065 3889 lugeres
1079 3824 1210 3887 tanquam
1223 3815 1339 3888 perdita.
1355 3818 1390 3872 Et
1404 3817 1427 3873 si
1441 3833 1537 3876 omnes
1551 3819 1588 3876 ita
1602 3821 1748 3892 insaniunt,

107 3904 158 3960 sed
173 3902 298 3960 omnibus
312 3901 456 3973 aequaliter
478 3902 525 3974 qui
544 3901 662 3958 faciendi
686 3911 757 3969 sunt,
782 3903 818 3958 ita
832 3903 905 3959 huno
954 3920 1094 3977 nunquam
1116 3904 1216 3959 bonum
1236 3912 1278 3960 est
1297 3904 1344 3960 tibi
1358 3905 1503 3963 insanire?
1518 3907 1547 3964 Si
1561 3909 1679 3983 teipsum
1694 3919 1750 3968 tam

107 3992 200 4049 locum
214 3992 340 4047 humana
362 3989 545 4060 habitationis,
571 3990 695 4047 creandis
710 3990 865 4046 hominibus
880 3999 906 4047 et
956 3993 1125 4048 immundum
1140 3990 1252 4059 toleras,
1268 4009 1316 4049 cur
1329 4010 1385 4050 non
1398 3994 1547 4067 quemlibet
1556 3997 1665 4055 alium?
1679 3999 1751 4071 Quot

106 4079 172 4136 alibi
185 4087 297 4151 peracto
312 4094 362 4135 suo
376 4086 497 4150 temporo
517 4077 724 4144 transferendis,
741 4078 803 4134 iecit
817 4079 901 4134 Deus.
956 4096 990 4137 ea
1004 4097 1064 4153 quae
1078 4079 1170 4153 diligis
1184 4081 1293 4138 ossibus
1306 4083 1457 4155 subjacent,
1474 4085 1587 4141 totidem
1601 4095 1628 4144 et
1642 4088 1751 4147 animus

108 4168 154 4237 Et,
171 4168 240 4226 sicut
253 4166 353 4241 figulus
368 4167 437 4223 alios
451 4165 548 4233 aufert,
565 4174 594 4223 ut
608 4175 731 4224 recenter
740 4166 804 4223 iacti
818 4167 845 4222 in
861 4183 908 4223 eo-
955 4175 1029 4224 tuus.

108 4273 170 4313 rum
191 4256 338 4313 succedant
365 4257 466 4323 losum,
500 4256 538 4312 ita
561 4255 635 4311 Deus
658 4263 756 4323 morte,
777 4264 905 4327 tanquam
994 4256 1047 4325 Qui
1060 4256 1113 4314 hoc
1127 4265 1200 4313 amat
1218 4259 1291 4330 quod
1314 4261 1456 4317 amandum
1478 4278 1533 4318 non
1548 4271 1598 4331 est,
1613 4265 1699 4322 miser
1712 4272 1755 4323 est

109 4343 286 4400 translatione
305 4344 437 4415 priorum,
463 4344 632 4400 successuris
655 4352 790 4415 praepurat
804 4338 943 4400 locumD
959 4353 984 4401 et
1000 4345 1106 4414 stultus,
1117 4347 1224 4402 etiarnsi
1236 4364 1374 4419 nunquam
1384 4349 1428 4406 vel
1439 4351 1506 4422 ipse,
1519 4352 1562 4409 rel
1572 4352 1639 4410 illud
1648 4361 1752 4425 pereat.

112 4432 216 4489 Stultus
226 4448 295 4505 ergo
306 4433 451 4488 etinsanus
462 4440 503 4487 est
513 4431 596 4505 quiin
611 4431 701 4502 platea
712 4432 802 4488 cordis
813 4447 907 4488 amore
958 4434 1087 4507 Nunquid
1101 4435 1174 4490 enim
1196 4435 1339 4492 idololatra
1360 4445 1472 4509 propter
1486 4440 1539 4496 hoc
1554 4448 1657 4498 tantum
1671 4442 1755 4498 miser

112 4521 237 4591 inhaeret,
253 4536 286 4578 ac
307 4536 363 4577 non
385 4521 475 4592 potius
499 4537 552 4592 quo
576 4520 611 4575 sit
625 4520 831 4577 transferendus
845 4521 908 4577 hinc
960 4530 1011 4591 est,
1027 4523 1090 4596 quia
1104 4524 1254 4595 periturum
1263 4534 1302 4580 est
1315 4527 1388 4598 quod
1399 4527 1522 4584 adorati
1536 4530 1610 4603 Ergo
1619 4546 1675 4587 non
1682 4536 1756 4588 esset

112 4625 223 4681 semper
237 4609 369 4667 sollicitus
394 4609 549 4665 meditatur.
574 4609 633 4666 Nec
653 4609 782 4679 injustum
797 4617 843 4665 aut
856 4626 908 4666 au·
959 4613 1053 4679 miser,
1066 4611 1089 4667 si
1097 4613 1162 4669 illud
1172 4630 1226 4671 non
1235 4613 1337 4686 periret
1350 4616 1451 4672 tCerto
1461 4627 1587 4675 manente
1597 4619 1670 4675 idolo
1685 4620 1755 4691 eius,

112 4705 217 4754 starum
232 4697 320 4755 videri
334 4698 461 4753 lateribus
476 4698 567 4765 debet,
583 4698 723 4755 cumhinc
738 4698 909 4754 transierun-
960 4701 1130 4756 miserrimus
1144 4710 1186 4757 est
1200 4703 1336 4771 adorator,
1353 4704 1416 4761 licet
1429 4704 1572 4762 incolumis
1586 4723 1713 4780 corpore,
1730 4716 1758 4766 et

112 4795 165 4853 tur,
182 4786 310 4842 nimirum
326 4802 387 4843 oum
407 4788 457 4843 hae
472 4786 620 4843 intentione
634 4787 715 4859 positi
730 4787 839 4843 fuerint.
855 4788 911 4844 Ne·
961 4789 1157 4860 temporalibus
1172 4791 1251 4846 bonis
1265 4790 1372 4863 plenus.

114 4891 169 4946 que
184 4875 320 4932 videbitur
334 4875 386 4930 nisi
408 4875 450 4930 his
466 4876 512 4948 qui
527 4893 557 4931 se
570 4876 635 4931 hinc
649 4877 808 4933 necessario
822 4884 911 4931 trans·
996 4878 1058 4933 Non
1074 4885 1100 4933 te
1119 4877 1221 4934 iaciunt
1239 4879 1354 4937 aduersa
1375 4881 1525 4939 miserum:
1541 4883 1589 4939 sed
1612 4883 1760 4940 ostendunt

116 4961 245 5020 ferendos
258 4979 311 5019 non
335 4963 466 5036 cogitant,
492 4963 537 5036 qui
563 4979 707 5021 commune
721 4973 747 5020 et
762 4965 828 5020 nulli
843 4980 911 5036 pro·
962 4964 1047 5020 fuisse
1063 4974 1089 5021 et
1113 4967 1221 5024 docent.
1250 4969 1450 5042 Prosperitates
1463 4987 1530 5029 vero
1544 4980 1683 5031 excaeoant
1696 4973 1758 5030 ani-
1848 4983 1853 4990 '

115 5050 215 5121 prium,
249 5051 298 5107 sed
325 5050 566 5110 innumerabilibus
598 5052 696 5107 futuris
731 5053 913 5109 communiter
962 5069 1046 5120 mum,
1065 5055 1183 5128 tegendo
1197 5063 1224 5112 et
1238 5058 1522 5129 augendomiseriam,
1535 5060 1758 5120 nonauiereudo.

115 5139 282 5210 deputatum,
298 5139 392 5194 insana
414 5140 560 5212 cupiditate
583 5147 712 5213 tanquam
728 5157 807 5196 suum
821 5142 912 5198 vindi·
999 5142 1067 5198 Vide
1082 5145 1218 5216 quomodo
1235 5146 1357 5218 capiatur
1371 5146 1462 5202 anima
1476 5147 1557 5204 rebus
1571 5151 1722 5224 corporeis,
1733 5157 1760 5207 et

117 5234 179 5284 cant
191 5229 344 5300 proprium.
360 5228 429 5284 Vide
439 5229 467 5283 in
477 5229 529 5285 hac
540 5228 635 5284 eadem
646 5245 674 5284 re
685 5229 767 5284 aliam
778 5230 913 5285 insaniam
963 5240 1042 5302 capta
1057 5232 1201 5300 crucietur,
1218 5242 1310 5305 utpote
1324 5234 1352 5289 in
1371 5251 1466 5307 puero.
1484 5236 1594 5310 Capitur
1612 5239 1686 5295 enim
1700 5238 1761 5295 riso

116 5314 203 5372 nihilo
218 5316 365 5372 minorem.
395 5317 462 5372 Cum
484 5317 556 5373 enim
580 5316 608 5371 hi
631 5317 733 5373 lateres
747 5316 803 5372 iere
819 5333 914 5375 omnes
964 5335 1085 5390 passere,
1103 5338 1194 5395 quern,
1210 5338 1271 5379 cum
1286 5325 1431 5396 acceperit,
1449 5325 1571 5395 subjacet
1585 5334 1625 5382 tot
1640 5326 1758 5398 casibus,

117 5403 240 5474 ejusdem
264 5404 318 5461 sint
341 5405 507 5477 quantitatis,
533 5405 578 5462 vix
598 5413 689 5462 tamen
712 5422 807 5462 eorum
832 5405 913 5474 ullus,
966 5417 1031 5480 quot
1044 5425 1140 5482 passer
1148 5411 1217 5483 ipse.
1231 5411 1476 5481 Quomodoautem
1485 5422 1525 5471 est
1535 5423 1590 5470 tuta
1600 5414 1761 5488 priusquam
