3742 5986
127 218 161 271 83
384 213 412 269 S.
430 211 608 270 sunnonis
627 210 955 269 cannnnsmnonnn
980 210 1225 269 INSTITUTORIS
1251 211 1327 270 OPP.
1358 215 1446 273 PARS
1473 217 1511 272 ll.
1744 222 1778 276 st

128 336 254 395 similiter
268 337 327 394 sine
340 336 461 393 merito?
477 337 570 393 Absit!
585 337 638 392 hoe
653 345 682 391 ut
696 336 926 408 propterealleus
937 339 965 398 A
978 333 1097 402 indurat,
1109 335 1216 392 videtur
1229 338 1364 395 nouvelle
1377 355 1429 395 noa
1444 340 1515 397 bene
1528 357 1621 413 agere,
1639 343 1717 413 cujus
1732 360 1781 401 vo·

130 428 235 484 dicatur
248 443 310 483 εεεε
324 425 433 498 iniquus
446 425 452 480 l
469 427 541 482 Vere
556 425 582 480 in
599 425 733 482 electione
746 424 831 480 Jacob
843 431 869 480 et
883 439 927 479 re·
978 422 1110 479 luntatem
1125 425 1293 497 impossibile
1306 434 1347 483 est
1361 429 1469 483 mutari.
1500 430 1598 485 Paulus
1615 431 1780 488 haecomnia

128 516 289 588 probatione
307 516 382 570 Esau
396 530 452 571 non
475 523 517 570 εει
543 513 651 586 iniquus
678 515 762 579 Deus,
778 512 841 584 quia
856 513 928 568 hune
977 512 1040 567 ideo
1054 512 1128 578 dicit,
1145 514 1209 584 quia
1224 515 1333 570 videbat
1347 517 1485 573 llomanos
1495 519 1523 573 in
1537 520 1669 590 sapientia
1684 522 1781 578 mundi

128 604 255 676 eligendo
268 603 424 660 misericors
434 611 485 672 est,
502 603 573 658 hunc
584 601 757 672 reprobando
769 602 859 670 justus
875 608 925 656 est.
977 600 1091 655 nimium
1106 601 1226 672 gloriari,
1243 611 1269 659 et
1284 605 1318 659 ad
1333 605 1489 674 hujusmodi
1513 608 1677 679 quaestiones
1696 627 1777 682 supra

129 695 169 749 De
181 692 282 762 justitia
296 691 420 764 sequitur
431 690 555 757 inferius,
573 690 618 744 ubi
633 690 668 746 de
685 690 828 744 Pharaone
858 689 926 743 sub·
977 690 1090 745 modum
1117 690 1244 747 insistere
1260 707 1266 746 :
1283 693 1345 748 ideo
1360 702 1389 748 ut
1402 695 1492 767 magis
1506 696 1637 767 reprimat
1651 713 1709 768 eos,
1737 699 1778 756 sic

128 781 177 850 dit,
213 781 311 852 probat
342 781 377 836 de
406 779 597 835 misericordia
632 778 725 833 dicens
742 794 749 832 :
767 779 835 834 llere
864 777 926 848 quia
976 784 1062 833 totum
1085 778 1206 834 attribuit
1220 781 1316 853 gratiae
1331 782 1390 850 Dei,
1407 791 1435 837 ut
1449 784 1516 838 nihil
1543 785 1667 842 videatur
1693 771 1778 843 relin-

129 869 213 943 elegit
226 870 310 926 Jacob
331 884 386 925 non
414 875 455 923 est
471 866 588 939 iaquus,
605 875 647 922 est
662 866 735 922 enim
757 866 923 922 misericors.
977 882 1060 936 quere
1083 865 1201 922 libertati
1216 869 1327 924 arbitrii.
1352 869 1432 938 Quod
1447 879 1536 927 tamen
1551 875 1618 929 satis
1632 877 1777 933 commode

165 959 243 1015 55
261 958 346 1032 ldoysi
360 957 438 1014 enim
452 957 529 1012 aisn
539 957 614 1012 Deua
625 955 724 1025 (Saod.
738 969 842 1020 rxxru,
859 957 924 1025 19);
976 953 1146 1027 intelligitur,
1159 955 1220 1027 quia
1228 973 1279 1013 nec
1285 957 1375 1028 ipsum
1389 959 1494 1014 initium
1505 961 1606 1017 bonum
1617 963 1728 1020 volendi
1743 981 1776 1020 err

127 1048 195 1118 Ejus
207 1049 289 1120 cujus
303 1049 438 1103 misereor
461 1045 488 1099 in
516 1043 699 1115 prescientia,
724 1044 876 1101 miserebor
897 1043 925 1097 in
976 1041 1055 1097 nobis
1065 1043 1151 1098 solum
1166 1059 1227 1101 εεεε
1237 1054 1336 1116 potest,
1354 1048 1445 1103 sinon
1461 1049 1678 1122 inspiretgratia
1706 1053 1771 1110 Dei.

125 1134 328 1206 justificatione.
352 1137 388 1192 lit
411 1136 492 1205 cujus
514 1133 667 1189 miserabar
681 1133 708 1186 in
721 1129 922 1201 justificatione,
976 1129 1054 1186 Unde
1079 1131 1120 1188 sic
1134 1132 1171 1188 ait
1187 1148 1193 1187 :
1208 1134 1248 1188 'lu
1263 1134 1407 1191 dieismihi
1419 1138 1486 1210 quid
1503 1139 1594 1196 adbuc
1605 1143 1776 1212 queritura

126 1225 173 1280 itta·
181 1225 320 1298 prestabo
334 1223 560 1279 misericordiam
580 1221 608 1275 in
618 1220 776 1276 salvatione.
794 1219 843 1276 llic
859 1219 925 1274 satis
975 1219 1065 1287 uobis,
1082 1221 1131 1276 sed
1141 1237 1156 1277 o
1168 1229 1206 1288 tu,
1223 1221 1303 1280 hamo
1319 1225 1462 1281 adhaerens
1476 1228 1654 1284 humanitati:
1668 1234 1701 1285 tu
1712 1233 1775 1303 puis

127 1312 245 1368 ostendit
259 1312 352 1368 omnia
366 1327 428 1366 esse
442 1326 476 1365 ex
490 1309 687 1374 misericordia,
705 1309 767 1380 quia
776 1308 924 1379 praescion·
975 1322 1004 1362 es
1017 1309 1064 1379 qui
1075 1310 1243 1381 respondeas
1257 1313 1321 1381 Deo,
1338 1313 1366 1368 id
1381 1322 1422 1369 εει
1437 1315 1483 1385 qui
1497 1315 1520 1370 si
1530 1317 1603 1373 Deus
1613 1319 1775 1390 mysterium

125 1401 173 1466 tia,
187 1400 354 1470 justilicatio,
371 1397 493 1464 salvatio,
510 1399 603 1454 omnia
619 1398 706 1452 lluunt
720 1413 737 1452 a
756 1396 830 1452 sonte
845 1396 925 1452 mise
974 1395 1054 1463 hujus
1064 1396 1104 1451 rei
1115 1397 1162 1451 tibi
1173 1400 1350 1469 enarraverit,
1366 1402 1504 1475 intelligas
1514 1403 1599 1459 illudi
1610 1406 1657 1461 Vel
1670 1409 1775 1480 tuquis

126 1489 262 1546 ricordiae.
277 1487 504 1559 Quandoquidem
514 1486 606 1542 omnia
620 1486 702 1558 (sieut
716 1493 856 1541 ostensum
871 1488 924 1556 est)
974 1487 1060 1556 esqui
1070 1485 1248 1558 respondens,
1265 1488 1292 1543 id
1307 1497 1348 1544 εει
1369 1491 1415 1561 qui
1434 1491 1526 1564 litiges
1540 1494 1696 1565 etdisputes
1711 1512 1773 1553 cum

127 1577 194 1633 liunt
202 1576 475 1649 permisericordiam
490 1576 550 1631 Dei.
567 1577 657 1648 lpitur
671 1574 851 1631 vallebonum
865 1591 923 1631 non
974 1574 1029 1630 Deo
1043 1573 1078 1628 de
1088 1575 1221 1644 mysterio
1230 1577 1310 1646 hujus
1320 1578 1382 1633 rei?
1394 1580 1456 1635 Non
1466 1582 1550 1637 habes
1560 1599 1643 1653 super
1652 1585 1705 1641 hoc
1713 1602 1772 1641 res·

127 1674 171 1723 est
184 1667 315 1733 uolentis,
331 1674 360 1720 ut
374 1665 525 1721 ascribatur
537 1664 571 1720 ei.
584 1665 676 1737 Neque
685 1679 793 1720 currere
809 1668 960 1758 asinar-B
974 1661 1096 1732 pondere
1111 1664 1186 1731 neo,
1204 1665 1273 1721 sicut
1287 1681 1339 1723 nec
1353 1682 1422 1739 opus
1436 1667 1512 1740 figuli
1527 1671 1607 1727 habet
1621 1672 1657 1728 de
1671 1672 1773 1730 iactura

125 1756 227 1823 rantis,
245 1755 272 1809 id
287 1762 328 1810 εει
345 1753 454 1825 operari
469 1768 524 1808 non
553 1760 594 1808 εει
610 1752 760 1824 operantis,
776 1752 824 1808 sed
838 1754 924 1821 mise·
975 1750 1017 1805 sui
1033 1752 1220 1809 contradicere
1235 1752 1333 1825 figulo,
1350 1763 1377 1812 ει
1392 1765 1432 1812 εει
1447 1766 1508 1829 apta
1524 1759 1691 1828 similitudo;
1709 1763 1773 1834 quia

125 1844 216 1901 rantis
230 1851 271 1898 est
285 1844 344 1900 Dei.
360 1843 457 1914 Neque
472 1841 543 1897 velle
558 1857 648 1913 neque
662 1840 754 1898 facere
770 1841 926 1913 bonumpo·
975 1841 1205 1910 quemadmodum
1219 1840 1320 1914 figulus
1334 1845 1369 1901 de
1384 1846 1454 1912 luto,
1471 1847 1510 1904 sic
1539 1848 1612 1905 Deus
1633 1851 1771 1908 hominem

125 1940 179 1989 test
192 1933 285 1999 homo,
300 1931 353 1987 nisi
375 1930 564 1987 misericordia
580 1929 630 1986 nei
644 1946 694 2002 per
709 1929 838 2002 Spiritum
857 1945 924 1985 san·
974 1927 1072 1997 lutum,
1084 1936 1109 1985 ει
1125 1931 1198 1985 omni
1208 1932 1356 2002 pollutione
1370 1934 1500 1992 iniectum
1515 1937 1627 1993 invonit.
1643 1940 1705 1995 Non
1720 1941 1770 1996 ha-

125 2030 199 2079 ctum
214 2029 341 2092 operetur
351 2020 431 2075 ineo.
444 2019 515 2075 llere
526 2020 689 2075 miserentis
699 2018 751 2075 Dei
762 2022 804 2074 est
816 2018 887 2074 velle
898 2026 926 2074 et
974 2015 1024 2071 bes
1042 2017 1145 2089 utique,
1163 2019 1235 2090 quod
1263 2023 1431 2095 respondeas
1452 2026 1517 2081 Deo.

125 2109 269 2182 perticere,
287 2109 352 2179 quia
365 2123 420 2162 non
433 2106 588 2162 miserentis
599 2116 639 2163 εει
650 2122 740 2178 neque
754 2106 825 2162 velle
834 2122 924 2178 neque
1009 2105 1143 2178 llunquid
1158 2108 1231 2163 enirn
1245 2109 1414 2180 fiprnaatum
1427 2113 1499 2169 dicit
1513 2115 1539 2171 ei
1553 2118 1603 2188 qui
1616 2133 1646 2173 sc
1659 2118 1770 2187 finxit:

124 2195 258 2270 perlicere
274 2197 338 2266 (hoc
366 2202 408 2251 εει
425 2195 588 2266 reprobare)
604 2195 677 2266 quod
700 2203 795 2265 aperte
809 2195 837 2250 in
852 2196 924 2250 Pha·
975 2192 1047 2260 Quid
1060 2211 1105 2250 me
1119 2197 1159 2252 sic
1179 2199 1275 2267 fecisti
1289 2199 1373 2256 breve
1391 2200 1434 2257 vel
1452 2202 1579 2274 longum,
1595 2204 1713 2262 informe
1727 2208 1770 2264 vel

126 2301 210 2342 raone
225 2284 387 2341 ostenditur.
403 2285 481 2342 Dicit
494 2286 571 2340 euim
581 2284 730 2356 Scriptura
740 2284 883 2340 Pharaoni
896 2284 923 2339 iu
973 2280 1143 2338 formarunt
1158 2286 1201 2340 Aa
1216 2301 1274 2342 noa
1295 2287 1377 2344 habat
1399 2290 1502 2362 ripulus
1517 2297 1690 2364 potestatam
1703 2297 1769 2360 luti,

124 2375 235 2431 Genesi.
251 2372 454 2430 convenienter
468 2373 502 2428 de
517 2373 659 2428 Pharaone
674 2372 786 2439 inducit,
797 2373 923 2429 cuiDeus
973 2370 1049 2439 cujus
1063 2378 1105 2426 cst
1119 2372 1167 2427 luti
1182 2375 1317 2430 materia?
1331 2376 1377 2433 Sic
1391 2379 1465 2435 Deus
1480 2395 1529 2435 ros
1552 2397 1648 2437 omues
1667 2383 1694 2438 in
1712 2384 1769 2440 luto

125 2465 196 2521 hanc
211 2463 328 2538 gratiam
343 2461 484 2534 proposuit
503 2477 510 2516 :
525 2468 554 2516 ut
569 2461 592 2516 si
603 2461 683 2517 vellet
698 2477 748 2533 per
770 2461 923 2517 doctrinam
973 2459 1129 2516 sordidatos
1142 2462 1270 2536 originali
1294 2466 1406 2536 reperit.
1431 2470 1474 2523 Aa
1489 2484 1548 2525 aaa
1571 2471 1664 2542 utique
1679 2477 1771 2544 potest

122 2552 210 2625 lloysi
223 2556 384 2623 beneagere
395 2558 490 2622 posset
500 2550 603 2622 (duod.
623 2565 665 2617 rx,
677 2551 732 2620 16).
745 2550 855 2606 Cortum
864 2550 923 2621 qui·
972 2563 1009 2603 esa
1023 2549 1232 2621 cadarumassa,
1244 2568 1304 2623 quse
1315 2562 1369 2612 tota
1380 2555 1407 2609 in
1418 2572 1447 2611 εε
1457 2556 1597 2613 immunda
1607 2567 1658 2628 est,
1673 2563 1770 2631 socero

121 2641 184 2698 dem
198 2640 727 2711 DeushabebatPharaonemnunquam
742 2638 921 2710 poeniturum,
972 2636 1053 2692 uliud
1076 2637 1154 2694 56
1174 2640 1286 2711 quidem
1301 2658 1349 2698 vat
1363 2644 1395 2698 in
1409 2645 1553 2714 honorem,
1566 2663 1619 2719 qun
1636 2648 1766 2705 bibatur:

122 2731 171 2786 sed
186 2737 215 2785 ut
227 2729 255 2784 in
270 2744 303 2785 eo
317 2729 360 2785 cui
382 2728 497 2800 gratiam
509 2727 639 2783 doetrinae
662 2728 807 2792 concessit,
836 2743 922 2800 eaque
972 2725 1052 2781 albrad
1068 2742 1130 2783 uara
1146 2729 1177 2784 in
1192 2733 1407 2798 contumeliam,
1418 2732 1446 2787 iu
1461 2749 1515 2804 quo
1535 2735 1647 2791 sordida
1657 2735 1768 2794 familiae

121 2820 222 2874 abusus
237 2825 279 2875 εει
292 2818 383 2889 plane,
401 2816 482 2873 nobis
497 2816 653 2872 ostenderet
666 2816 784 2887 gratiam
794 2817 866 2886 juste
877 2832 923 2872 ne
972 2815 1162 2889 reponantur?
1176 2818 1210 2871 Et
1224 2817 1293 2874 sieut
1307 2818 1407 2893 ligulas
1417 2829 1574 2892 potestatem
1585 2825 1767 2883 habetinluto

120 2915 210 2980 gatam
223 2908 297 2963 Esau
317 2905 477 2977 priusquam
492 2913 652 2972 mereretur,
669 2913 695 2960 ot
717 2905 844 2960 omnibus
859 2905 921 2976 qui·
971 2901 1025 2958 hoc
1035 2919 1084 2958 aas
1095 2902 1196 2970 lacere,
1209 2907 1375 2979 sicutplacet
1385 2910 1554 2967 honorabile.
1570 2914 1627 2969 lloe
1638 2914 1723 2979 aliud,
1734 2917 1768 2972 si·

120 2997 174 3053 bus
188 2997 223 3052 ita
238 3003 357 3068 negatur
371 3010 377 3048 :
393 2993 457 3066 quia
467 2992 489 3048 ει
500 2995 575 3050 Deus
589 2994 667 3049 daret
680 2993 807 3068 gratiam,
823 2994 921 3050 abate·
972 2993 1139 3048 cutmateria
1154 2995 1227 3051 vasis
1237 3006 1297 3052 erat
1320 2997 1469 3068 immunda,
1485 3000 1663 3059 imnmnditiae
1679 3005 1767 3060 desti-

120 3094 216 3142 rentur
229 3101 271 3154 ea,
289 3092 316 3140 et
331 3083 395 3140 inde
423 3083 535 3157 gravius
559 3082 721 3154 punirentur
737 3099 744 3137 :
760 3081 823 3138 ideo
838 3082 920 3138 etiam
932 3059 955 3120 0
969 3094 1037 3134 nara
1051 3081 1109 3137 :sic
1119 3082 1192 3137 Deus
1208 3100 1316 3140 omnen
1335 3102 1457 3143 massam
1472 3089 1598 3145 hominis·
1608 3101 1766 3164 corruptam

120 3176 196 3231 Deus
210 3172 346 3229 Pharaoni
361 3172 490 3228 doctores
506 3171 637 3239 adhibuit,
650 3178 679 3226 ut
693 3171 763 3226 mala
773 3187 833 3243 quae
842 3171 919 3243 prius
968 3176 1079 3239 propter
1096 3170 1229 3243 originale
1248 3174 1399 3243 inveniens,
1412 3176 1435 3230 si
1448 3185 1554 3248 partem
1570 3180 1650 3249 hujus
1667 3197 1768 3239 massae

102 3245 147 3319 'in
160 3263 209 3318 1110
223 3261 353 3330 latebant,
371 3260 453 3317 modo
463 3269 558 3331 aperta
572 3257 684 3326 sterent3
698 3260 762 3315 dum
773 3261 831 3315 lieo
841 3260 869 3314 in
879 3268 918 3316 tot
968 3258 1107 3316 munditia
1118 3260 1245 3331 destinat,
1254 3263 1449 3321 misericordia
1457 3275 1498 3321 εει
1510 3285 1517 3322 :
1527 3269 1599 3339 quod
1607 3285 1673 3325 vero
1682 3271 1765 3327 aliam

118 3359 146 3408 et
173 3350 256 3406 tantis
282 3349 433 3419 resisteret,
461 3356 488 3405 ει
511 3348 650 3420 prophetis
665 3356 690 3403 et
705 3348 845 3405 miraculis
862 3364 917 3405 non
966 3348 1112 3417 partemin
1126 3348 1297 3406 immunditia
1321 3354 1603 3422 sordesceredeserit,
1631 3360 1766 3430 aequitatis

119 3440 314 3514 acquiesceret.
341 3440 409 3506 lloc,
432 3438 561 3510 inquam,
587 3438 737 3510 Scriptura
755 3437 826 3494 dicit
840 3439 917 3494 Pha·
967 3442 1009 3490 est
1024 3452 1031 3489 :
1049 3445 1075 3491 et
1089 3446 1184 3494 eontra
1199 3440 1355 3510 aequitatem
1383 3443 1536 3500 reclamare
1556 3445 1686 3514 injustum
1711 3456 1764 3518 ost,

117 3531 200 3588 raoni
211 3549 220 3585 .·
230 3529 338 3603 quinia
353 3527 403 3584 boc
416 3529 528 3600 ipsum,·
544 3527 595 3582 hoc
609 3526 682 3598 quod
692 3526 720 3581 iri
735 3525 836 3582 Genesi
851 3541 916 3583 eon·
967 3523 1034 3579 sieut
1049 3533 1187 3582 ostensum
1204 3536 1254 3583 est.
1271 3529 1300 3584 Si
1318 3529 1383 3586 illud
1398 3533 1471 3604 quod
1485 3542 1597 3604 peccato
1612 3552 1662 3591 suo
1677 3538 1766 3592 sordi·

117 3618 259 3675 tinuatur:
276 3619 309 3674 ia
335 3616 385 3674 boc
399 3619 493 3689 ipsum
521 3616 549 3671 in
573 3630 627 3688 qno
651 3622 679 3669 tu
695 3630 764 3681 eras,
781 3615 809 3670 id
823 3622 875 3682 est,
887 3623 915 3672 tu
965 3612 1058 3667 datum
1068 3622 1119 3684 est,
1132 3616 1205 3671 Dens
1216 3619 1356 3688 sequendo
1363 3620 1493 3690 justitiam
1501 3622 1529 3677 in
1539 3623 1709 3680 immunditia
1719 3626 1766 3681 de·

116 3723 178 3764 eras
189 3708 217 3761 in
226 3706 308 3774 malo,
321 3705 370 3761 sed
380 3705 512 3774 occultus,
521 3713 548 3760 ει
558 3704 646 3760 inhoc
656 3703 729 3759 malo
740 3706 865 3760 excitaui
876 3708 913 3772 tc,
964 3709 1044 3768 serat,
1060 3717 1115 3757 non
1129 3704 1212 3759 habet
1226 3706 1308 3762 homo
1331 3725 1413 3779 super
1427 3711 1479 3766 hoc
1493 3713 1565 3782 quod
1595 3714 1765 3771 contradicat

115 3794 301 3852 subtrahendo
311 3792 428 3866 gratiam
443 3801 472 3848 ut
487 3807 638 3864 appareres
652 3791 740 3846 malus
755 3791 825 3848 sicut
841 3808 912 3848 eras.
963 3790 1031 3845 Deo.
1042 3790 1113 3859 Quid
1123 3792 1203 3847 etiam
1214 3794 1319 3851 dicetur
1336 3797 1371 3852 de
1386 3799 1447 3885 hoo,
1457 3800 1479 3853 si
1490 3801 1565 3856 Deus
1587 3802 1686 3873 quibus
1708 3819 1763 3859 uon

115 3885 180 3941 ldeo
194 3883 287 3954 utique
302 3886 336 3938 ut
361 3882 510 3939 canadam
524 3883 556 3938 in
572 3885 600 3936 te
621 3882 758 3937 virtutem
767 3897 869 3951 msam,
885 3882 914 3937 id
963 3878 1087 3934 debeter
1102 3881 1290 3939 misericordia
1301 3885 1346 3940 dat
1356 3888 1480 3959 gratiam,
1494 3896 1519 3944 et
1529 3889 1688 3962 illiaecepta
1701 3908 1764 3964 gra·

114 3980 157 4031 εει
171 3973 249 4046 signa
263 3969 477 4036 miraculorum,
495 3985 556 4042 qua
570 3984 624 4025 non
639 3969 813 4031 ostenderem
828 3971 851 4025 si
863 3984 913 4027 aa·
961 3965 999 4021 tia
1013 3968 1170 4039 abutuntur,
1188 3987 1278 4028 nonne
1294 3974 1340 4044 qui
1356 3975 1509 4044 hujusmodi
1529 3986 1590 4033 sunt
1605 3980 1701 4034 merito
1716 3996 1764 4035 re-

114 4062 282 4135 quiesceres.
299 4060 364 4115 ldeo
379 4059 460 4115 etiarn
476 4059 635 4123 ostendam,
652 4062 685 4115 ut
700 4074 913 4115 nomeumeum
960 4056 1132 4127 probamur?
1161 4058 1242 4127 QUOd
1264 4062 1471 4134 aetluiPOllemel
1498 4065 1544 4120 ⁸51·
1570 4069 1609 4134 Si,
1638 4067 1762 4140 inquam,

113 4149 487 4208 annuntiaturinuuinersa
495 4147 912 4219 tarraproptermiraeulalacta
960 4145 1033 4200 Deus
1045 4148 1139 4203 nolens
1150 4149 1296 4206 ostendere
1306 4151 1390 4220 iram,
1400 4151 1428 4206 id
1442 4161 1483 4208 est
1494 4154 1699 4211 damnationem
1709 4157 1764 4211 im-

113 4239 142 4295 in
157 4240 275 4312 AEgypto
291 4238 451 4309 Ubicunque
464 4235 724 4293 enimaudiebantur
735 4237 814 4308 signa
824 4238 910 4310 AEgy-
958 4232 1067 4304 piorum
1087 4244 1208 4306 apertam
1225 4239 1316 4295 lacere
1330 4241 1500 4307 hominibus,
1516 4243 1568 4298 sibi
1583 4244 1695 4315 quidem
1711 4262 1765 4302 no-

110 4327 140 4396 ti,
157 4327 301 4384 dicebatur
317 4341 323 4381 :
341 4328 455 4400 llaguns
469 4333 511 4382 est
525 4327 598 4382 Deus
615 4326 802 4382 Hebraeorum.
816 4324 911 4395 Quan·
959 4328 1014 4376 tum
1029 4332 1087 4378 erat
1099 4340 1237 4398 nunquam
1262 4343 1309 4382 eos
1337 4329 1434 4401 gratiae
1448 4330 1520 4386 datae
1535 4342 1733 4404 cooperaturos
1752 4351 1758 4389 :
1804 4371 1807 4375 -

110 4415 257 4488 doquidem
266 4416 340 4470 Deus
348 4431 382 4471 ex
391 4415 531 4471 voluntate
539 4414 721 4487 elegitlacob,
734 4422 759 4470 ει
769 4431 802 4470 ex
812 4414 945 4481 volun-1)
960 4412 1055 4468 volens
1070 4413 1153 4468 etiam
1168 4420 1266 4471 uotam
1280 4419 1376 4487 [acere
1388 4422 1548 4491 potantium
1562 4438 1660 4487 suam,
1677 4423 1704 4479 id
1721 4433 1764 4479 εει

108 4512 165 4562 ιειε
182 4505 396 4577 reprobatEsan.
407 4504 483 4576 Ergo
497 4504 590 4575 palam
600 4511 641 4560 est
655 4504 808 4576 quodbeus
822 4505 907 4560 misc-
956 4509 1055 4571 quanta
1069 4503 1188 4573 potentia
1203 4503 1341 4575 patientia)
1359 4506 1461 4563 laceret
1476 4524 1539 4564 suos
1553 4512 1763 4580 persecutiones

109 4598 191 4652 retur
206 4595 288 4666 cuju,
300 4595 361 4650 vult
373 4592 454 4665 :quia
464 4592 605 4649 videteum
616 4601 825 4664 cooperaturum
840 4608 906 4665 gra·
954 4588 1100 4659 impiorum
1115 4589 1241 4658 tolerare,
1258 4609 1308 4664 per
1322 4595 1394 4666 quod
1410 4611 1460 4651 nce
1475 4597 1502 4650 in
1522 4597 1612 4669 impiis
1628 4601 1761 4671 reproba-

108 4683 162 4751 tise,
178 4687 207 4740 ει
220 4683 430 4756 iudurntquara
445 4681 599 4753 vultrquia
613 4681 759 4736 sidereum
773 4695 827 4737 non
841 4681 904 4738 ido·
955 4675 989 4732 tis
1004 4678 1078 4734 Deus
1092 4688 1221 4750 oporatur
1244 4681 1303 4737 sine
1318 4683 1514 4752 misericordia,
1531 4702 1592 4742 cum
1621 4688 1762 4759 patientiae

107 4782 188 4830 neum
203 4771 308 4847 gratiae.
319 4770 450 4826 indurare
464 4769 524 4839 liei,
537 4777 579 4825 est
596 4769 710 4842 gratiam
724 4785 778 4826 non
793 4785 903 4827 accom—
952 4767 1080 4821 meritum
1094 4777 1234 4825 accrescat
1249 4771 1306 4826 suis
1320 4787 1370 4842 por
1389 4773 1590 4831 indurationem
1610 4777 1757 4834 malorum.

105 4861 228 4917 modara.
252 4859 323 4930 Quia
338 4858 393 4915 dixi
407 4860 495 4914 Deum
508 4859 633 4914 misereri
649 4859 725 4920 huic.
736 4867 761 4915 et
772 4859 902 4916 indurare
959 4855 1053 4912 Valens
1068 4857 1161 4929 utique
1176 4860 1247 4914 Deus
1263 4862 1492 4919 osteuderciram
1506 4863 1534 4918 in
1549 4863 1647 4936 impiis,
1657 4871 1760 4939 poten-

104 4950 177 5006 hune
187 4965 219 5005 er
234 4949 383 5018 voluntate,
394 4947 485 5020 itaque
500 4947 578 5014 dicis,
590 4955 617 5004 ει
631 4946 728 5018 objicis
741 4947 822 5003 mihi:
832 4947 902 5016 Quid
954 4944 1026 4999 tiam
1041 4944 1069 4999 in
1085 4945 1189 5012 electis,
1206 4949 1345 5005 sustinuit
1355 4950 1538 5022 inpatientia
1552 4956 1656 5021 multo,
1669 4963 1694 5010 ει
1711 4972 1758 5011 εε-

104 5038 343 5110 apgucqwmu,
357 5053 372 5092 a
387 5036 466 5092 nobis
480 5044 509 5092 ut
524 5037 595 5093 hene
610 5053 724 5110 agamus
735 5054 742 5091 :
752 5036 901 5109 quirepro.
952 5027 1070 5088 cundum
1086 5042 1203 5105 tempus,
1217 5043 1243 5091 et
1259 5038 1408 5094 secundum
1424 5057 1567 5096 numerum
1577 5041 1758 5113 impietatum.

104 5127 160 5183 bati
175 5127 245 5182 bene
259 5140 344 5203 agere
359 5141 413 5182 non
424 5125 589 5196 possumus?
606 5125 656 5182 Vel
666 5126 711 5180 ita.
722 5125 793 5194 Quid
809 5127 900 5183 adbuc
950 5120 1096 5178 Sustinuit
1110 5123 1172 5179 dieo
1186 5141 1253 5181 casa
1266 5126 1326 5191 irae,
1344 5126 1372 5182 id
1387 5136 1428 5182 εει
1453 5144 1501 5184 eos
1516 5129 1543 5184 in
1565 5130 1663 5201 quibus
1685 5133 1759 5201 juste

103 5216 251 5291 qcoeritur,
278 5214 306 5270 id
320 5221 362 5270 est
376 5214 562 5286 conqueritur
576 5215 649 5270 Deus
664 5215 698 5270 de
713 5214 802 5279 nobis,
819 5213 843 5269 si
856 5213 900 5269 ol·
949 5208 1116 5266 infundenda
1131 5220 1172 5266 εει
1187 5213 1235 5282 ira,
1251 5213 1278 5268 id
1294 5222 1334 5270 ost
1349 5216 1496 5273 damuatio.
1530 5221 1597 5275 l'asu
1612 5220 1673 5276 dico
1688 5227 1759 5294 apta

101 5304 238 5362 sendimus
249 5320 310 5361 oum
325 5302 444 5358 indurati
454 5302 658 5360 nonotleudere
669 5319 722 5359 non
732 5304 900 5375 possumus?
950 5300 1153 5366 ininteritum,
1170 5301 1197 5356 id
1213 5310 1253 5358 ost
1276 5303 1305 5358 in
1333 5305 1512 5375 perditionem
1542 5317 1653 5379 propter
1668 5310 1757 5365 solum

99 5395 163 5450 Non
177 5403 217 5450 est
232 5395 305 5450 nude
315 5400 459 5466 quaeratur.
478 5392 525 5448 Vel
541 5391 606 5464 quid
622 5408 638 5447 a
654 5391 732 5448 nobis
754 5391 897 5465 requirat:
949 5387 1091 5459 originale,
1121 5389 1144 5444 si
1159 5407 1295 5464 nunqnam
1323 5393 1435 5449 daretur
1461 5395 1550 5466 gratia
1579 5414 1631 5469 qua
1658 5399 1755 5456 abute-

100 5482 165 5556 quia
177 5484 238 5557 quis
251 5487 342 5556 potest
360 5482 493 5539 resistcre
518 5482 663 5539 uoluntati
684 5483 767 5554 eius?
781 5480 833 5538 Ubi
847 5496 898 5537 nos
948 5484 1052 5535 rentur.
1068 5477 1199 5535 Sustinuit
1211 5480 1283 5549 idco,
1308 5486 1341 5540 at
1355 5484 1515 5541 ostenderet
1530 5486 1646 5544 diuitias
1659 5488 1757 5559 gloriar
