3742 5986
56 138 112 194 'tos
732 141 1035 200 CONSUETUDINES.

91 263 123 316 t.
146 261 249 317 Caseus
263 262 371 331 eodem,
382 270 438 318 tarn
453 263 480 318 in
495 261 571 321 cellis
586 280 669 337 quam
683 264 712 320 in
725 264 869 322 refectorio
882 267 1004 338 pondere
1032 267 1121 322 datur.

716 407 913 465 CAPITULUM
927 408 1046 463 XXXV.

382 522 458 592 Quod
471 526 548 580 nolli
565 525 651 581 liccat
665 525 777 597 majora
787 524 927 581 exercitia
942 525 1047 594 sonere,
1064 524 1121 578 nisi
1148 524 1263 593 facente
1279 523 1386 595 priore.

94 648 124 700 t.
148 646 331 702 Abstinentias
342 664 419 716 vcro,
430 648 474 704 vel
487 648 655 722 disciplinas,
667 649 711 706 vel
725 649 842 723 vigilias,
855 665 903 704 seu
918 625 1045 720 quaelibet
1059 647 1113 702 alia
1127 646 1268 720 religionis
1282 645 1424 714 exercitia,
1439 662 1499 719 quae
1514 656 1615 705 nostrae
1629 647 1709 704 insti-

57 742 171 798 tutionis
186 759 240 800 non
255 752 327 810 suut,
348 745 415 799 nulli
442 754 576 811 nostrum,
592 746 644 801 nisi
672 745 763 818 priore
778 747 880 802 sciente
909 752 936 802 et
964 745 1081 812 favente,
1108 744 1199 800 lacere
1227 744 1300 801 licet.

95 842 123 899 2.
140 843 196 899 Sed
211 851 238 899 et
252 843 276 899 si
290 844 332 900 cni
346 845 489 916 pitantiam
503 845 621 918 aliquam
636 861 685 901 seu
699 845 754 902 cibi
782 860 831 900 sen
859 841 948 898 somni
967 841 1011 897 vel
1024 839 1136 896 alterius
1159 840 1303 910 cujuslibet
1317 839 1356 896 rei
1376 838 1477 908 tacere,
1498 849 1544 897 aut
1570 843 1670 899 durum
1684 849 1712 900 et

57 951 143 1012 grave
157 940 259 1013 aliquid
272 942 413 1014 imponere
425 944 552 1009 uoluerit,
568 960 725 1017 repugnare
739 943 780 998 ias
794 958 850 998 non
863 940 1006 1008 habemus,
1022 954 1058 995 ne
1072 955 1135 996 cum
1151 939 1177 996 ei
1196 939 1387 1010 restiterimus,
1403 955 1459 996 non
1473 940 1499 997 ei
1513 940 1563 998 sed
1581 941 1709 1012 Domino,

59 1037 137 1106 cnjus
161 1053 227 1111 erga
249 1055 300 1094 nos
321 1040 376 1112 agit
394 1040 478 1109 vices,
507 1041 641 1097 restitisse
659 1041 840 1098 inveniamur.
1584 1092 1587 1098 .

94 1137 121 1188 3.
137 1133 212 1190 Licet
227 1135 299 1191 enim
314 1136 400 1192 multa
415 1137 468 1192 sint
481 1146 508 1194 ει
522 1138 630 1195 diversa
646 1155 707 1212 quae
721 1139 909 1205 observamus,
924 1147 979 1189 uno
994 1139 1086 1189 tamen
1101 1141 1128 1191 ει
1142 1133 1201 1191 solo
1229 1133 1392 1192 obedientias
1405 1133 1495 1204 bono,
1520 1142 1619 1194 cuncta
1630 1136 1711 1195 nobis
1784 1152 1787 1159 ·

58 1230 200 1288 fructuosa
223 1231 314 1290 futura
332 1250 487 1307 speramus.

746 1331 1035 1391 COMMENTARIUS.

59 1459 101 1510 est
116 1461 142 1509 et
156 1453 276 1520 inolevit,
292 1463 320 1511 ut
338 1455 428 1528 portio
442 1457 520 1528 panis
534 1456 590 1512 albi
609 1455 688 1513 simul
703 1472 765 1514 cum
788 1456 895 1518 tortaA
945 1455 1011 1510 Car.
1026 1453 1182 1510 xxxv-
1196 1453 1237 1508 Ex
1251 1452 1294 1508 bis
1315 1452 1348 1508 ll.
1365 1453 1395 1508 P.
1411 1452 1544 1525 Gnigonis
1560 1455 1649 1511 verbis
1666 1454 1708 1511 in·

60 1542 203 1598 monachis
218 1543 430 1600 ministraretur.
911 1543 1027 1600 notescit
1042 1543 1114 1614 quod
1129 1542 1286 1597 obedientia
1299 1541 1477 1597 carthusiana
1491 1543 1644 1612 aprimaevo
1658 1545 1713 1599 ins·

95 1630 139 1685 Ex
153 1630 204 1686 hac
219 1638 309 1687 autem
333 1632 514 1689 sollicitudine
535 1633 688 1690 advehendi
703 1633 818 1690 triticum
833 1633 861 1688 in
911 1633 987 1687 tituto
1002 1632 1030 1686 in
1045 1631 1092 1686 illa
1106 1639 1147 1686 est
1162 1631 1234 1702 apud
1248 1645 1298 1686 nos
1314 1630 1522 1698 existimatione,
1534 1639 1561 1686 et
1577 1631 1637 1687 talis
1647 1648 1710 1689 esse
1737 1621 1739 1626 ’

60 1717 128 1772 ἰειεε
144 1734 225 1790 rupes
254 1719 413 1788 Carthasiae,
430 1721 503 1776 unde
516 1722 596 1794 panis
622 1722 764 1778 monacbis
792 1737 861 1778 con·
912 1718 1002 1788 debet,
1020 1726 1048 1773 nt
1063 1726 1162 1790 praeter
1177 1733 1238 1774 eam
1252 1717 1320 1772 nihil
1339 1715 1492 1788 proficuum
1518 1727 1565 1775 aut
1592 1719 1712 1775 validum

61 1805 197 1876 liceretur,
214 1807 355 1864 evidenter
373 1819 487 1880 apparet
515 1826 598 1883 quam
625 1810 743 1867 discrete
771 1810 862 1865 omnia
911 1813 1053 1878 reputetur
1078 1806 1106 1861 in
1132 1807 1238 1873 ordine,
1259 1806 1373 1878 ipsaque
1401 1814 1544 1863 censeatur
1563 1807 1646 1864 veluti
1664 1824 1712 1865 cor

63 1894 235 1966 disponenda
256 1912 318 1951 csse
333 1897 472 1954 docuisset
495 1897 621 1954 alumnos
636 1914 701 1954 suos
729 1900 757 1955 S.
772 1900 861 1954 Bruno
911 1895 1026 1951 instituti
1056 1895 1237 1951 carthusiani.

61 1982 201 2039 institutor
230 1992 334 2055 noster,
351 1994 380 2040 ut
401 1995 611 2057 perseveranter
638 1995 750 2058 possent
776 1987 862 2060 illaesa
947 1985 1006 2040 Hoc
1021 1991 1112 2039 autern
1126 1983 1274 2055 capitulum
1288 1999 1342 2040 non
1358 1982 1447 2039 solum
1462 1983 1491 2038 in
1518 1983 1636 2056 antiquis
1652 1993 1710 2040 sta·

61 2071 177 2127 sanitate
196 2071 225 2126 in
251 2088 302 2127 suo
329 2074 471 2145 proposito
500 2076 603 2130 servire
630 2076 699 2143 Deo,
716 2083 743 2131 et
765 2075 862 2148 aequali
912 2071 977 2127 tutis
991 2072 1106 2127 relatum
1128 2072 1243 2127 habetur
1253 2087 1273 2127 ιι
1287 2079 1367 2143 part,
1383 2087 1443 2143 cap,
1461 2073 1505 2139 ll,
1521 2088 1567 2128 nn.
1578 2076 1624 2142 25,
1639 2075 1674 2131 27
1685 2082 1713 2130 et

61 2174 145 2230 passu
161 2160 188 2213 in
202 2159 244 2215 sui
258 2160 372 2217 instituti
394 2162 473 2233 praxi
496 2179 606 2234 semper
629 2163 766 2230 incedere,
783 2172 862 2236 atque
911 2162 956 2229 tt,
973 2160 1023 2215 ssd
1047 2159 1128 2215 etiam
1155 2161 1184 2214 in
1213 2175 1312 2216 novam
1341 2167 1500 2215 statutorum
1522 2160 1711 2218 collectionem

63 2263 161 2304 cavere
188 2264 223 2304 ne
248 2247 302 2303 illis
330 2249 461 2318 eveniret,
492 2252 565 2324 quod
584 2251 707 2323 pluribus
736 2252 862 2309 evenisse
912 2247 985 2303 idem
1000 2247 1034 2304 de
1049 2248 1133 2305 verbo
1148 2248 1183 2304 ad
1198 2249 1314 2304 verbum
1330 2248 1491 2304 translatum
1512 2256 1562 2304 est.
1579 2248 1615 2304 Et
1630 2265 1712 2305 nemo

63 2335 177 2404 sciebat,
192 2336 239 2409 qui
258 2338 473 2394 extremitatibus
488 2340 640 2411 gaudentes
654 2339 760 2414 rigidas
774 2341 862 2396 absti-
912 2335 983 2391 inter
1010 2336 1207 2416 carthusianos
1237 2344 1406 2408 numeratur,
1423 2336 1469 2408 qui
1497 2344 1562 2393 vota
1589 2354 1638 2392 sua
1656 2353 1712 2394 non

62 2425 170 2480 nonnas
186 2425 296 2497 quidem
310 2426 496 2500 suscipiebant
511 2436 538 2484 ct
554 2428 646 2500 aliquo
662 2437 785 2501 tempore
799 2445 864 2501 per·
914 2424 1035 2481 emiserit
1057 2425 1148 2481 sciens
1163 2433 1189 2480 ct
1204 2425 1309 2495 volens,
1326 2424 1438 2480 relative
1452 2425 1487 2480 ad
1514 2426 1599 2482 verba
1617 2427 1645 2481 in
1659 2427 1712 2483 hcc

63 2512 190 2570 tinaciter
204 2514 380 2582 exercebant,
403 2515 453 2571 sed
467 2523 563 2589 postea
577 2516 642 2572 laesa
658 2517 723 2573 inde
739 2518 863 2590 corporis
913 2519 1013 2569 statuto
1023 2521 1158 2591 concepta.
1174 2514 1214 2568 Ex
1229 2512 1272 2569 his
1287 2521 1377 2569 autem
1396 2512 1489 2569 verbis
1504 2511 1599 2586 liquet.

61 2601 226 2670 valetudine,
241 2603 276 2658 ad
301 2618 396 2659 omnes
427 2605 529 2660 sensim
550 2605 739 2662 observantias
755 2605 863 2660 inhabi-
912 2620 915 2626 ·
949 2601 1051 2671 Primo,
1063 2602 1226 2658 monachum
1237 2600 1443 2657 Carthasianum
1453 2617 1505 2673 per
1512 2602 1711 2674 professionem

61 2688 103 2746 les
130 2690 325 2758 reddebantur,
342 2700 368 2748 et
382 2691 512 2766 deinceps
527 2708 582 2749 non
606 2693 694 2749 solum
707 2694 742 2749 ad
757 2693 864 2750 exerci-
913 2706 970 2744 suae
1003 2689 1176 2760 obedientias,
1205 2689 1413 2746 abrenuntiasse
1441 2690 1520 2746 etiam
1548 2691 1711 2763 quibusdam

62 2778 98 2834 tia
117 2779 265 2850 spiritualia
279 2779 470 2851 relinquenda,
486 2781 536 2837 sed
551 2781 681 2838 etiamad
696 2797 793 2855 corpus
808 2789 899 2871 stu-B
913 2778 1040 2851 operibus
1068 2778 1186 2851 pietatis,
1216 2795 1277 2851 quae
1309 2777 1426 2853 aggredi
1453 2794 1509 2834 non
1540 2787 1638 2853 potest,
1660 2781 1713 2837 nisi

63 2867 142 2923 diose
156 2866 302 2924 fovendum
318 2877 345 2923 et
358 2869 533 2925 nutriendum
556 2870 797 2942 compellebantur.
813 2871 862 2926 ilis
912 2869 1004 2942 priore
1018 2868 1121 2924 sciente
1146 2876 1173 2924 et
1186 2867 1314 2934 tavente3
1335 2867 1407 2939 qood
1422 2867 1548 2925 maximae
1562 2870 1713 2940 prudentias

62 2971 130 3029 ergo
154 2955 382 3028 inaequalitatibus
406 2957 510 3013 aditum
538 2958 684 3015 occludere
706 2959 811 3025 volens,
828 2959 862 3015 de
913 2967 965 3026 est,
981 2966 1010 3012 ut
1025 2956 1154 3012 solitariis
1173 2956 1312 3012 auferatur
1325 2956 1433 3012 occasio
1447 2956 1584 3013 incidendi
1598 2957 1626 3012 in
1644 2974 1713 3031 gra-

62 3044 136 3101 bono
150 3059 219 3115 pane
234 3044 341 3101 triticeo
354 3045 440 3101 uoluit
451 3045 507 3101 suis
515 3046 664 3118 provideri.
676 3047 806 3103 Triticum
816 3063 863 3102 au·
913 3063 961 3103 ves
979 3044 1197 3112 indiscretiones,
1223 3044 1321 3117 quibus
1333 3061 1390 3116 prae
1403 3045 1509 3101 caeteris
1537 3045 1651 3101 statibus
1664 3048 1713 3102 ob-

63 3139 120 3189 tem
134 3147 189 3188 non
203 3131 255 3188 fert
278 3149 386 3189 eremus
415 3134 564 3190 Carthasim
589 3135 658 3191 sicut
682 3152 733 3193 aec
759 3136 861 3192 vinum.
913 3134 1011 3191 noxius
1026 3140 1100 3190 esset
1115 3133 1296 3190 solitariorum
1311 3141 1406 3204 status,
1422 3133 1475 3188 nisi
1489 3133 1652 3192 obedientiae
1665 3151 1713 3192 re-

63 3223 201 3278 Accessus
229 3222 335 3293 rupium
361 3230 421 3278 erat
444 3231 508 3279 tnnc
524 3223 604 3279 valde
626 3223 741 3281 difficilis
755 3232 782 3280 ει
796 3224 864 3280 dor·
914 3222 1017 3297 gimiue
1030 3222 1186 3278 duceretur.

63 3308 103 3365 sis
130 3316 234 3365 tantum
249 3309 417 3378 animalium,
434 3311 477 3367 vel
493 3311 559 3367 solis
580 3312 721 3367 hominum
742 3313 864 3368 humeris
950 3310 1086 3379 Secundo,
1108 3316 1234 3382 paratum
1248 3325 1311 3366 esse
1336 3309 1439 3367 debere
1463 3310 1499 3366 ad
1526 3311 1713 3386 recipiendum

64 3414 99 3455 ex
114 3398 205 3470 aliqua
219 3405 307 3469 parte,
324 3407 432 3471 poterat
444 3400 497 3456 huc
512 3398 614 3456 afferri.
636 3400 766 3457 Triticum
780 3408 807 3456 et
821 3401 864 3457 vi·
914 3398 1089 3472 indulgenter
1104 3415 1119 3453 ε
1135 3398 1275 3470 superiore
1298 3398 1434 3455 levamina
1449 3400 1573 3471 quedam
1587 3401 1615 3457 in
1639 3402 1711 3471 cibo,

65 3503 132 3543 num
149 3502 251 3558 magno
275 3487 362 3558 pretio
377 3488 556 3556 constabant;
573 3496 600 3543 at
623 3489 798 3545 nihilominus
812 3504 861 3560 pa·
915 3495 991 3561 potu,
1022 3502 1119 3544 somno
1146 3494 1248 3566 praeter
1266 3494 1416 3554 statutum,
1432 3487 1505 3559 quod
1533 3488 1615 3544 etiam
1642 3507 1714 3548 veras

63 3590 128 3630 nem
142 3590 175 3630 ex
190 3573 278 3631 tritico
297 3575 382 3630 voluit
396 3577 538 3632 monachis
563 3575 671 3645 confici,
687 3593 741 3650 quo
757 3593 866 3650 semper
916 3575 1089 3634 discretionis
1116 3583 1167 3647 est,
1183 3583 1212 3631 ut
1235 3591 1269 3631 ex
1296 3574 1445 3647 superioris
1469 3575 1571 3646 judicio
1592 3577 1715 3634 sanitatis

62 3670 210 3729 uterentur,
228 3664 376 3737 vinumque
386 3680 495 3737 semper
505 3664 665 3722 ministrari.
682 3665 778 3722 Sciens
793 3665 866 3722 enim
917 3664 1101 3721 solitariorum
1116 3678 1184 3720 cura
1203 3662 1332 3735 pendeat,
1348 3671 1406 3719 eta
1432 3662 1554 3720 solitario
1579 3667 1714 3724 monacho

65 3751 167 3807 bonum
180 3767 290 3823 panem,
305 3752 407 3820 vinum,
424 3761 450 3810 et
478 3769 528 3809 ova
556 3770 618 3810 esse
632 3755 703 3826 apud
731 3771 782 3811 nos
796 3772 867 3827 prae·
917 3753 1006 3811 omnis
1024 3751 1214 3809 obstinationis
1228 3751 1256 3806 in
1280 3751 1392 3824 proprio
1406 3751 1520 3822 judicio,
1537 3761 1565 3809 et
1586 3753 1716 3813 indiscre-

64 3839 174 3912 cipnam
188 3840 332 3896 materiam
346 3841 419 3897 unde
434 3849 618 3898 sustentemur
640 3850 667 3898 et
694 3842 801 3899 firmam
815 3859 867 3900 va·
918 3841 1000 3898 tionis
1020 3841 1128 3899 occasio
1142 3847 1317 3907 amoventem
1343 3847 1429 3896 status
1444 3841 1518 3897 enim
1539 3841 1595 3909 ille,
1616 3851 1644 3898 ut
1656 3844 1714 3914 jam

64 3928 214 3985 letudinem
228 3945 369 3986 servemus
383 3931 443 3986 haec
457 3931 558 3986 nastris
574 3930 719 3987 ministrari
740 3932 867 4004 praescri·
917 3930 1020 3986 dictum
1034 3940 1084 3997 est,
1106 3928 1273 3986 discretione
1292 3928 1406 4001 indiget,
1421 3935 1450 3984 ut
1464 3929 1492 3984 in
1518 3946 1553 3987 eo
1567 3946 1628 3988 cum
1642 3932 1714 3988 sani·

63 4017 128 4089 psit.
144 4016 273 4089 Legimus
288 4018 397 4090 quidem
412 4031 463 4090 pro
479 4018 545 4075 solis
570 4017 686 4074 infirmis
710 4020 801 4092 pisces
814 4020 867 4078 emi
918 4027 971 4076 tate
986 4026 1012 4075 et
1026 4018 1165 4075 alacritate
1190 4017 1295 4090 absque
1323 4017 1518 4091 interruptione
1543 4027 1590 4076 aut
1610 4019 1717 4077 relaxa·

64 4104 161 4161 solitos
175 4104 269 4176 luisse,
286 4113 313 4162 at
327 4106 362 4162 dc
376 4107 435 4162 ovis
449 4106 516 4162 nihil
530 4107 583 4162 tale
598 4107 728 4180 scriptum
743 4115 795 4164 est.
917 4108 991 4165 tione
1006 4108 1065 4163 Deo
1081 4107 1183 4181 jugiter
1197 4106 1341 4162 serviatur.

100 4193 182 4249 Num.
200 4196 226 4250 l.
244 4195 345 4252 Caseus
358 4199 418 4252 tam
432 4198 464 4251 iu
486 4197 576 4264 cellis,
595 4204 647 4252 etc.
673 4197 739 4253 lade
752 4163 906 4269 apparetG
953 4196 1054 4262 lertio,
1069 4195 1145 4250 illum
1172 4194 1296 4250 similiter
1322 4194 1357 4249 ad
1385 4193 1566 4251 obediendam
1591 4197 1675 4255 teneri
1686 4198 1723 4256 in'

66 4282 138 4338 bene
165 4283 289 4338 ordinata
316 4283 447 4340 stabilitas
467 4292 493 4340 et
520 4284 686 4341 conveniens
713 4285 865 4357 proportio,
917 4284 993 4340 duris
1016 4292 1043 4338 et
1062 4283 1193 4355 gravibus
1212 4289 1314 4353 praeter
1330 4288 1469 4350 statutum,
1486 4300 1547 4356 quae
1560 4284 1585 4341 ei
1605 4301 1716 4360 asape-

66 4386 151 4442 quam
179 4371 280 4444 ubique
294 4387 311 4427 a
324 4372 405 4428 nobis
433 4373 539 4429 servari
553 4373 669 4443 volebat,
686 4373 793 4444 rejectis
808 4373 867 4429 sin·
916 4373 990 4429 riore
1014 4371 1202 4445 injunguntur.
1220 4370 1299 4426 Unde
1314 4378 1389 4443 patet
1417 4370 1627 4430 carthusianum
1640 4392 1674 4433 ex
1688 4376 1716 4434 vi

68 4459 273 4533 gularitatibus,
302 4459 331 4516 id
359 4468 401 4516 est
424 4461 508 4516 rebus
531 4478 565 4517 ex
591 4461 706 4534 propria
731 4461 869 4519 voluntate
920 4459 1100 4534 professionis
1114 4475 1170 4516 snae
1184 4457 1351 4517 voluntatem
1363 4460 1505 4532 propriam
1527 4461 1567 4520 sic
1581 4463 1715 4522 obedien-

65 4548 210 4620 susceptis,
226 4556 320 4605 etnon
335 4565 368 4605 ex
392 4549 542 4622 superioris
572 4550 680 4607 licentia
707 4559 753 4607 aut
779 4567 867 4622 praes-
917 4549 962 4605 ttae
975 4548 1066 4606 virtuti
1095 4547 1255 4618 subjecisse,
1270 4554 1301 4603 ut
1315 4563 1377 4605 eam
1391 4548 1450 4606 Deo
1477 4550 1615 4622 obtulerit,
1639 4554 1716 4612 aesti-

67 4635 165 4707 cripto,
184 4653 254 4709 quas
269 4637 375 4694 sciebat
390 4653 407 4693 a
420 4638 484 4695 vitae
513 4637 641 4695 solitariae
666 4639 869 4711 professoribus
917 4637 1044 4694 mandam
1058 4637 1134 4695 sicut
1150 4637 1207 4694 ovis
1221 4637 1381 4695 occisionis.

63 4740 165 4798 magno
180 4725 270 4781 studio
284 4742 346 4782 esse
363 4726 587 4799 proscribendos.
608 4728 649 4783 Ex
658 4726 712 4782 illis
726 4726 799 4783 enim
811 4744 868 4785 non
954 4725 1066 4795 Quarto,
1088 4727 1160 4782 hanc
1186 4725 1241 4782 vim
1255 4724 1418 4782 obedientiae
1438 4725 1466 4782 in
1480 4743 1514 4784 eo
1537 4736 1607 4785 statu
1621 4746 1715 4787 mona·

67 4827 133 4868 raro
160 4814 280 4870 nascitur
304 4814 444 4886 quoddam
468 4815 594 4871 vanitatis
621 4815 808 4886 supercilium,
823 4823 868 4871 aut
917 4815 999 4872 chum
1018 4814 1223 4871 Carthusianum
1253 4814 1427 4883 constituere,
1443 4823 1471 4870 ιιι
1484 4814 1513 4870 in
1535 4832 1651 4889 persona
1669 4837 1716 4877 su·

67 4901 143 4970 pacis
158 4901 291 4969 turbatio,
309 4903 482 4977 exsequenti
505 4911 595 4959 antem
614 4903 732 4976 capitulo
751 4903 867 4960 eviden-
917 4902 1034 4976 perieris
1049 4903 1240 4974 Denmipsum
1264 4903 1442 4960 considerare
1465 4904 1571 4962 debeat.

67 4988 121 5045 tius
135 4990 284 5061 apparebit,
301 4999 403 5063 quanta
417 4991 659 5064 circumspectione
669 4993 750 5065 primi
765 4991 796 5048 S.
815 4992 868 5048 Pa·
953 4991 1053 5062 Quinto
1070 4999 1096 5048 ει
1111 4999 1250 5063 postremo
1280 5008 1391 5048 sensum
1412 4991 1514 5047 ordinis
1542 5002 1569 5051 et
1590 4995 1716 5068 spiritum

66 5077 118 5132 tris
137 5078 222 5133 nostri
236 5079 371 5135 Brunonis
386 5096 562 5137 successores
586 5081 751 5138 voluntarias
770 5081 867 5154 singu·
917 5081 1031 5137 instituti
1054 5079 1226 5136 carthusiani
1241 5079 1269 5134 in
1283 5080 1437 5136 obedientia
1451 5080 1490 5137 sic
1511 5083 1716 5153 consisterent

66 5165 189 5222 laritatss
204 5174 231 5222 et
245 5167 487 5225 indiscretionesa
511 5169 567 5224 suis
590 5170 692 5226 vellent
714 5168 865 5238 eliminare,
917 5186 950 5226 ex
976 5169 1020 5224 illa
1034 5168 1093 5226 sola
1112 5168 1299 5225 observantias
1322 5168 1515 5226 carthusianae
1541 5172 1595 5228 vim
1626 5175 1716 5232 meriti

67 5263 95 5311 et
114 5255 229 5327 qualiter
243 5256 270 5311 in
298 5245 358 5313 sola
381 5258 534 5314 obedientia
555 5275 646 5314 rerum
675 5258 867 5314 Carthasiana·
916 5273 1065 5325 assumere,
1093 5265 1120 5313 et
1147 5265 1223 5313 extra
1250 5273 1312 5314 eam
1337 5256 1436 5312 nullim
1458 5260 1546 5317 meriti
1568 5278 1643 5330 esse,
1667 5278 1716 5336 pro

67 5359 130 5398 rum
145 5359 279 5398 summam
294 5352 320 5400 et
335 5345 447 5401 instituti
462 5347 548 5402 nostri
573 5347 707 5403 rationem
720 5353 864 5418 ponerent.
917 5353 991 5402 certo
1011 5346 1167 5402 babendum
1191 5345 1235 5401 sit.

105 5431 202 5488 Totum
216 5433 269 5490 boc
283 5434 432 5506 capitulum
447 5435 474 5490 ia
489 5435 607 5508 antiquis
629 5435 737 5492 statutis
749 5433 866 5492 refertur
953 5435 1018 5491 lnde
1033 5433 1133 5492 sactum
1148 5442 1191 5490 est
1204 5442 1234 5489 ut
1249 5433 1296 5506 qui
1309 5432 1425 5490 formam
1449 5436 1605 5494 celebrandi
1619 5438 1719 5511 capitu·

67 5526 147 5592 parte
162 5534 192 5590 ιι,
209 5535 270 5596 cap.
287 5522 331 5593 ll,
347 5539 394 5580 nn.
410 5525 455 5592 ts,
471 5526 504 5579 tc
519 5529 547 5582 et
561 5527 606 5581 ts.
761 5593 763 5597 y
879 5515 977 5580 Dium
991 5522 1121 5597 generale
1148 5521 1332 5590 instituerunt,
1361 5522 1395 5581 tt.
1425 5526 1513 5583 Patris
1533 5523 1668 5599 Guigonis
1693 5537 1719 5586 et
