3742 5986
111 231 163 286 etl
800 225 1076 286 annuariam.
1104 277 1109 286 .
1708 227 1760 284 6⁰2

111 367 197 416 tantae
211 357 338 431 nequitis
352 372 407 414 non
421 357 510 414 solum
532 357 623 415 lmctu
639 355 796 422 caruerint,
822 354 871 411 sed
885 361 912 411 et
919 361 948 423 Α
962 350 1127 424 profundite.
1142 350 1241 406 ltemm
1255 348 1353 407 valete.
1370 349 1519 423 Participes
1533 365 1584 407 nos
1598 349 1677 407 iaciat
1686 351 1759 408 Deus
1862 336 1866 348 ¹

112 438 223 520 poenem
239 447 384 518 senserint,
399 447 527 503 omnibus
542 446 614 518 apud
628 445 802 515 nosjustitiae
815 442 910 499 delen·
964 449 1121 497 senctomm
1137 454 1251 511 operum
1263 446 1433 504 restromm,
1458 447 1597 510 gestomm
1616 447 1642 495 et
1657 455 1760 512 geren·
1808 478 1812 485 .

111 536 222 592 sonibus
245 534 344 591 similia
367 543 429 590 sunt
451 535 606 590 metuenda.
632 533 737 590 Valere.
763 532 845 588 Orate
859 545 910 602 pro
965 530 1072 584 dorum.
1099 528 1192 584 valete
1214 527 1292 583 tertio
1316 542 1378 584 curn
1407 527 1566 584 reverendis
1592 527 1760 602 principibus

111 624 205 692 nobis,
216 632 256 690 et,
272 623 356 680 sacris
366 623 478 679 elevatis
492 622 597 680 dextris
611 637 694 694 super
702 628 806 693 partem
817 619 910 675 mundi
965 617 1088 674 blesensi
1101 623 1128 672 et
1141 615 1315 672 Nivemensi.

112 712 142 769 in
156 727 212 785 qua
224 711 269 767 siti
291 727 396 781 sumas,
420 710 639 768 benedictionem
653 718 680 766 et
692 708 910 766 obsecrationem

747 1045 1135 1185 aureolus

410 1278 585 1344 bratonis
604 1278 855 1344 CARTHUSIAE
880 1276 1045 1342 PRIORIS
1068 1276 1301 1341 GENERALIS
1325 1275 1463 1350 QUINTI
1502 1307 1504 1310 >

634 1453 1230 1600 MEDlTATlONES.

506 1693 691 1766 (Bibliotheca
705 1696 826 1752 Petrum
840 1694 980 1767 lapdon„
994 1700 1060 1751 tom.
1076 1692 1170 1762 xxii,
1186 1708 1253 1765 pag.
1278 1691 1371 1762 litii.)

327 1992 527 2049 CAPlTllLUll
550 1993 696 2050 PRIMUM.
924 1989 1067 2063 Bpateris
1082 1989 1117 2055 ei,
1133 1997 1179 2045 aut
1193 2004 1249 2044 nou
1263 2004 1326 2044 euru
1340 1986 1443 2059 diligis,
1460 1994 1507 2043 aut
1520 1985 1549 2042 id
1571 1987 1645 2060 quod
1660 1988 1766 2059 spernit

419 2107 593 2180 etquomodo
606 2109 755 2182 pendam
765 2109 915 2164 ,ml-tatem
966 2078 1020 2135 vile
1035 2078 1122 2145 ducis,
1137 2085 1265 2150 tanquam
1281 2077 1303 2132 si
1319 2083 1430 2147 respuat
1442 2091 1518 2147 teger
1525 2075 1663 2131 salubrem
1677 2076 1764 2133 medi·

110 2107 149 2165 De
165 2108 321 2165 ueritateet
331 2122 410 2180 poce,
966 2166 1055 2224 cinam

1002 2255 1151 2312 Veritatem
1174 2253 1233 2309 sine
1254 2251 1308 2309 line
1328 2250 1518 2324 persequitur
1537 2252 1765 2309 eommuniscum

965 2343 1072 2416 angelis
1085 2362 1092 2410 ;
1106 2341 1290 2409 mendacium,
1302 2340 1379 2397 labor
1393 2348 1421 2396 et
1430 2339 1518 2409 dolor,
1533 2340 1685 2397 eommunis
1702 2356 1765 2397 cum

966 2431 1085 2488 diebolo.
1107 2433 1169 2488 Non
1191 2429 1345 2486 defenditur
1368 2429 1467 2486 veritas
1488 2428 1538 2485 sed
1561 2437 1589 2485 tu
1614 2429 1661 2486 illa
1688 2429 1763 2485 indi·

423 2212 484 2268 pcx
500 2197 629 2254 babetur.

148 2302 256 2360 Veritas
270 2301 396 2374 ponenda
408 2309 451 2358 est
465 2301 492 2356 in
507 2302 610 2370 medio,
624 2309 755 2375 tanquam
771 2301 914 2374 pulebmm

109 2390 234 2463 aliquod.
268 2390 327 2447 Nec
349 2389 457 2461 iudices
480 2389 504 2445 si
528 2390 589 2463 quis
613 2407 672 2446 eam
697 2391 844 2457 abhorret,
865 2391 915 2447 sed

109 2487 279 2551 compatere.
308 2480 348 2534 Tu
372 2494 439 2561 vcro
453 2494 515 2535 cum
529 2479 562 2534 ad
578 2495 639 2535 eam
653 2479 746 2535 venire
762 2479 913 2549 desideres,

109 2585 162 2625 cur
176 2567 282 2640 respuis
297 2583 368 2633 eam,
384 2582 446 2623 cum
456 2567 491 2623 de
506 2566 559 2622 tuis
575 2567 646 2623 vitiis
656 2567 833 2638 increparis?
846 2567 914 2623 Vide

114 2663 219 2730 qum
244 2655 364 2728 pamm
386 2654 485 2711 verim
511 2656 615 2711 Dicitur
632 2655 743 2712 ebrioso
758 2673 765 2686 ⁹
781 2655 914 2711 Ebriosus
1000 2596 1100 2664 Amare
1123 2615 1150 2663 et
1173 2606 1294 2663 insuavis
1316 2613 1357 2660 est
1380 2605 1482 2662 veritas
1505 2605 1601 2678 generi
1622 2614 1668 2662 tuo
1683 2607 1765 2664 nimis

113 2761 166 2812 es;
183 2744 342 2811 luxurioso,
367 2744 487 2816 superbo
502 2743 690 2817 linguosoque,
708 2743 841 2800 similiter.
858 2745 915 2800 Hoc
964 2697 1052 2763 valde,
1068 2711 1124 2752 non
1137 2711 1204 2762 suo,
1231 2695 1279 2751 sed
1294 2710 1388 2751 eorum
1403 2703 1486 2760 rrtmt
1502 2701 1571 2750 sicut
1585 2692 1631 2749 lux
1645 2694 1765 2768 fulgens,

114 2840 206 2889 autern
222 2848 318 2889 rerum
332 2839 384 2889 est.
411 2831 550 2888 Insaniuut
564 2841 656 2888 tamen
671 2832 709 2888 illi
723 2833 864 2905 pmtinus,
888 2840 915 2889 et
964 2784 1078 2842 mimus
1093 2784 1190 2842 ⁰⁰¹¹¹¹⁵’
1207 2783 1276 2839 vm
1290 2798 1358 2855 ⁰r⁸⁰
1372 2798 1408 2838 ΠΕ
1423 2790 1450 2837 m
1464 2796 1527 2838 “m
1540 2798 1702 2839 mmmm
1723 2784 1765 2841 ἰὼ

112 2921 257 2978 veritatem
271 2920 299 2975 in
313 2935 363 2976 suo
377 2920 556 2992 predicatore
570 2929 770 2993 persequuntur
792 2929 819 2976 et
838 2920 914 2977 occi·
964 2890 1037 3031 ἒίἒὶ
1046 2870 1463 3032 ἀξξὲῃῖοέῃίἴᾘὶῑὲᾚίῐί
1469 2871 1557 3031 ,(1ιῖῐῖ
1575 2872 1728 3018 3213&
1729 2891 1766 3019 ἶ,

115 3009 195 3066 dunt.
214 3009 280 3065 Vide
295 3016 425 3081 quantum
448 3010 598 3065 honoratur
617 3009 799 3066 mendacium.
814 3008 916 3109 Dicitur
964 3069 1083 3108 amaram
1097 3068 1174 3125 Ψ)
1189 3051 1236 3106 ω
1251 3050 1400 3121 potionem,
1420 3048 1479 3103 linit
1491 3063 1568 3104 mm
1582 3049 1657 3104 mis
1669 3050 1764 3120 melle,

116 3113 247 3171 pessimus
261 3105 288 3154 et
303 3106 561 3154 vitrorumomnmm
576 3113 661 3154 servus
682 3114 689 3152 ε
710 3099 777 3154 Boni
800 3098 914 3154 domini.
964 3151 993 3198 m
1012 3142 1085 3215 quod
1103 3141 1179 3213 (dum
1202 3148 1243 3196 es,
1266 3139 1357 3207 dulce)
1380 3137 1496 3194 libente,
1517 3136 1651 3204 sumitur,
1679 3137 1762 3194 epam

117 3186 272 3256 pinsuntur,
290 3186 410 3258 gaudent
433 3192 460 3241 et
472 3186 645 3242 menducium
668 3186 756 3258 ipsum
777 3186 804 3241 in
819 3186 856 3243 ita
870 3186 914 3242 lo-
964 3231 1038 3304 quod
1052 3230 1162 3285 salubre
1178 3237 1228 3294 ω,
1242 3226 1316 3282 him„
1331 3226 1410 3283 facile
1425 3225 1556 3297 capimur,
1568 3226 1702 3283 prodesse
1715 3243 1763 3283 au.

117 3283 220 3349 ‘³⁰⁹⁰oe
242 3281 416 3331 venenum*
964 3327 974 3375 t
1033 3317 1189 3374 bom'nibus
1203 3324 1278 3371 tuum
1292 3313 1412 3371 officium
1425 3321 1519 3371 toturn.

154 3363 219 3420 Sine
242 3371 354 3435 aspecta
376 3361 525 3429 etdecore‚
541 3361 761 3434 cmciquenffixa
775 3345 950 3419 edorsndn0
976 3335 1028 3431 ⁰¹¹¹,
1064 3336 1107 3431 ,‚¹
1179 3419 1184 3429 ,
1512 3416 1517 3426 ,
1560 3417 1565 3427 ,
1653 3407 1664 3421 .
1741 3417 1747 3429 ,

1001 3421 1030 3478 Sr
1044 3421 1113 3477 diors
1127 3426 1269 3475 veritatem
1284 3433 1339 3473 nou
1354 3431 1446 3474 amore
1461 3423 1600 3483 veritatis,
1626 3417 1675 3472 sod
1689 3418 1762 3473 desi-

116 3459 160 3508 est
175 3451 283 3509 veritas.
1465 3504 1470 3514 ι
1555 3503 1561 3514 ¹
1627 3505 1633 3515 .
1714 3504 1719 3516 ¹

151 3541 259 3611 Quanto
272 3556 387 3614 quiaque
397 3549 520 3598 creatura
534 3540 653 3596 nobilior
667 3548 708 3596 est
728 3548 754 3596 et
767 3541 912 3613 potentior,
963 3508 1040 3566 ‘¹²⁶⁰
1055 3507 1172 3564 mendi
1187 3507 1286 3573 ‘flium’
1309 3521 1364 3561 ¹¹⁰⁰
1378 3520 1519 3603 Pfflum
1534 3504 1651 3602 ΨΜ
1664 3513 1763 3562 vem·

1061 3595 1111 3653 sed
1125 3611 1234 3667 poenarn
1248 3601 1440 3651 conviciatoris
1454 3607 1620 3665 assequens.

113 3639 189 3686 tanto
203 3628 330 3685 libentius
345 3629 469 3685 subditur
484 3629 607 3697 veritati3
624 3628 678 3685 imo
691 3629 754 3686 hinc
768 3636 866 3701 potens
887 3637 914 3686 et
963 3605 1035 3663 ‘⁹¹¹¹‘

111 3717 224 3786 nobilis,
240 3717 305 3791 quis
318 3716 444 3773 subditur
458 3718 493 3773 ei.
606 3766 614 3782 ,
999 3703 1068 3759 Vide
1082 3709 1214 3774 quantum
1224 3700 1349 3773 supplicii
1363 3714 1494 3771 passurus
1508 3713 1549 3764 es,
1560 3712 1622 3754 cum
1636 3698 1682 3754 lux
1696 3715 1764 3757 vera

151 3808 278 3879 Pungunt
291 3805 464 3879 temporalia,
481 3821 530 3863 cur
543 3821 597 3862 non
613 3805 685 3880 lupis
697 3806 733 3861 ad
748 3805 813 3873 alia,
829 3805 856 3862 id
873 3816 915 3863 est
962 3791 1084 3864 perfecte
1106 3789 1256 3847 ostenderit
1278 3798 1304 3845 te
1320 3788 1387 3856 tibi;
1403 3788 1543 3843 sitantum
1558 3786 1702 3855 cruciatur,
1717 3789 1763 3845 eui

114 3895 152 3952 ad
167 3894 335 3953 veritatemi
963 3895 1018 3936 uno
1033 3879 1118 3936 verbo
1134 3877 1237 3950 aliquid
1252 3875 1384 3933 malorum
1400 3891 1512 3932 suorum
1535 3875 1667 3933 ostendis.
1687 3877 1764 3935 Tunc

149 3983 215 4042 ldeo
230 3982 301 4040 ultra
315 3982 406 4040 omnia
421 3983 538 4039 adversa
552 3997 645 4038 smera
659 3991 700 4038 est
711 3983 790 4039 nobis
801 3984 912 4056 veritas,
964 3969 1036 4026 essim
1051 3968 1183 4040 1³¹uehunt
1198 3966 1311 4023 ⁰0fl⁵ffi⁸
1325 3965 1457 4021 mlum·

112 4071 179 4146 quia
195 4071 310 4143 aingulae
334 4071 532 4142 adversitates,
559 4070 682 4142 singulas
695 4081 740 4127 eut
754 4073 848 4145 plures
862 4088 914 4146 op·
999 4056 1146 4130 AEqufflws
1158 4069 1257 4127 Ρ60085
1270 4070 1334 4111 0⁰¹⁰
1348 4053 1391 4111 vel
1406 4054 1488 4110 fllium
1503 4054 1653 4128 Vitupeffissi
1669 4053 1713 4112 Vel
1727 4056 1763 4111 ⁸¹)

111 4168 239 4235 pugnam
253 4159 417 4233 voluptates,
431 4159 540 4218 peritas
555 4167 646 4216 autem
661 4160 741 4216 simul
755 4176 851 4218 omnes
865 4177 914 4218 ω.
963 4145 1017 4203 alio
1031 4145 1212 4216 vituperaris;
1232 4143 1259 4199 in
1275 4150 1391 4215 utroque
1407 4143 1480 4200 enirn
1494 4144 1638 4200 veritatem
1651 4150 1698 4199 aut
1711 4158 1762 4215 pro

113 4232 274 4306 lumniatur.
963 4234 1036 4291 malo
1050 4233 1161 4305 recipis,
1178 4240 1224 4288 sut
1234 4247 1283 4304 pro
1298 4231 1369 4287 melo
1383 4231 1502 4304 irrogas.
1519 4230 1572 4302 Qui
1586 4247 1653 4304 erqo
1668 4240 1694 4289 te
1709 4231 1763 4288 lla·

149 4337 179 4394 Si
194 4336 302 4394 colores
314 4352 428 4406 omnes,
455 4342 482 4392 et
496 4345 592 4393 coetere
616 4353 678 4409 quae
691 4353 742 4409 per
755 4337 850 4394 oculos
864 4355 915 4395 ex.
964 4323 1067 4395 gellsre
1082 4320 1206 4386 voluerit,
1223 4320 1305 4375 vitam
1322 4327 1412 4386 tuam,
1437 4319 1465 4375 id
1481 4326 1523 4375 est
1536 4320 1676 4377 veritatem
1690 4320 1762 4376 erri-

112 4423 201 4499 periri
215 4432 329 4497 possunt
344 4441 422 4481 esses
436 4434 577 4496 expertus,
592 4432 639 4480 aut
654 4425 689 4480 ab
713 4425 773 4482 eliis
789 4426 915 4484 sensibus
964 4412 1020 4484 pict
1030 4429 1041 4478 l,
1054 4425 1103 4481 l)er
1115 4409 1191 4464 illm
1205 4415 1232 4464 ²0
1246 4408 1333 4465 ⁰³³⁶*st
1346 4414 1374 4464 Εῑ
1388 4407 1499 4465 mmm·

112 4513 244 4586 corporis·
254 4513 292 4568 sis
306 4521 449 4585 expertus,
466 4513 490 4568 si
505 4528 629 4568 mmores
643 4528 738 4569 omnes
752 4522 799 4570 sut
813 4515 914 4572 recita·
1001 4516 1108 4573 Veritas
1122 4522 1164 4572 est
1178 4514 1231 4572 rita
1246 4521 1272 4570 et
1286 4514 1359 4570 salus
1373 4521 1484 4571 stema.
1501 4514 1592 4572 Debes
1606 4531 1675 4591 ergo
1689 4531 1765 4574 corn·

112 4618 172 4668 res,
186 4609 231 4656 aut
245 4602 364 4669 audires,
381 4618 442 4674 quae
456 4601 582 4657 utilitas?
596 4601 641 4658 Sic
655 4616 707 4658 nec
722 4603 748 4658 in
764 4603 844 4660 tentis
854 4621 916 4677 quse
964 4606 1021 4678 pati
1035 4606 1061 4662 ei
1075 4605 1119 4662 cui
1134 4603 1269 4676 displicet.
1287 4603 1317 4658 ln
1331 4609 1435 4659 tanturn
1449 4602 1521 4660 enim
1536 4612 1578 4660 est
1600 4612 1722 4662 mortuus
1736 4614 1764 4665 et

112 4697 247 4761 expertus
262 4704 292 4745 es
308 4690 351 4746 vel
371 4689 481 4746 audisti.
929 4695 1100 4768 Dperditus.
1117 4695 1157 4751 Tu
1171 4703 1261 4749 nutem
1276 4708 1422 4764 perversus
1435 4708 1489 4750 non
1504 4693 1529 4749 ei
1543 4693 1650 4751 diceres
1664 4694 1763 4750 verita·

150 4777 295 4833 Neminem
309 4778 401 4835 odisse
426 4788 513 4850 potes.
530 4779 582 4836 uisi
597 4788 640 4835 tus
662 4780 817 4854 iniquitate.
843 4783 915 4838 Nam
965 4792 1028 4853 tem,
1046 4783 1098 4838 nisi
1112 4791 1223 4854 putares
1237 4796 1355 4836 amarem
1370 4781 1408 4836 illi
1431 4797 1493 4841 esse
1507 4790 1588 4854 atque
1602 4782 1763 4838 intolerabi-

112 4865 199 4924 etiam
213 4865 313 4939 iniquis
334 4874 428 4939 optare
443 4867 562 4936 bonum,
590 4878 748 4926 sanctorum
762 4878 817 4926 est.
836 4871 914 4926 Veri·
965 4872 1031 4928 lem.
1049 4873 1089 4928 Ex
1116 4880 1142 4927 te
1166 4870 1238 4927 enim
1260 4870 1367 4926 metiris
1379 4870 1457 4926 alios.
1475 4870 1531 4927 Sed
1544 4871 1595 4926 boc
1613 4870 1763 4941 pessimum

112 4961 200 5011 tatem
212 4962 315 5010 tantum
338 4963 365 5011 el
380 4971 489 5027 pacem,
505 4973 566 5029 quae
580 4973 613 5013 er
632 4974 663 5013 ea
687 4959 810 5030 procedit
824 4974 915 5015 amare
965 4968 1007 5018 est
1021 4959 1130 5033 (quando
1144 4967 1174 5014 ut
1187 4959 1298 5030 placeas
1318 4958 1494 5025 bominibus,
1520 4958 1589 5016 dicia
1612 4959 1763 5030 veritatem,

113 5050 231 5115 oportet.
966 5066 1048 5124 quam
1071 5048 1189 5120 diligunt
1213 5054 1239 5103 et
1263 5047 1394 5103 mirantur
1415 5047 1484 5104 sicut
1497 5047 1603 5104 diceres
1621 5049 1764 5107 mendacin

150 5130 274 5187 Minister
288 5131 409 5188 veritatis
423 5141 496 5189 amet
512 5134 584 5206 quod
599 5134 748 5203 ministrat,
765 5144 792 5193 et
805 5135 848 5194 cui
861 5138 915 5192 mi·
965 5146 1009 5195 aut
1025 5137 1206 5194 adulationes.
1217 5136 1280 5192 Non
1294 5152 1361 5210 ergo
1376 5135 1419 5192 vel
1430 5135 1493 5208 quia
1507 5136 1632 5210 displicet
1647 5137 1690 5195 vel
1700 5139 1765 5212 quia

114 5218 256 5276 nistratur.
273 5220 316 5288 lit,
332 5236 393 5277 eum
410 5221 528 5293 idipsum
541 5223 576 5279 ab
590 5222 645 5279 elio
660 5225 829 5280 ministretur
851 5226 913 5292 sibi,
965 5228 1071 5299 placet,
1096 5225 1211 5282 dicende
1235 5233 1276 5280 est
1291 5224 1407 5293 veritas,
1430 5225 1479 5282 sed
1501 5232 1529 5281 ut
1543 5226 1639 5297 prosit.
1655 5227 1765 5284 Silenda

114 5322 179 5365 aum
202 5307 350 5382 qratiemm
365 5309 470 5365 notione
493 5311 637 5382 suscipiat,
658 5320 786 5386 tanquam
801 5313 826 5368 id
843 5314 916 5386 quod
965 5324 1007 5372 est
1034 5324 1122 5373 nutem
1148 5322 1250 5370 mutum
1278 5330 1313 5370 ne
1340 5320 1457 5382 noceat,
1486 5314 1555 5371 sicut
1581 5315 1626 5370 lux
1650 5313 1764 5371 inlirrnis

114 5404 202 5453 amat.
965 5405 1060 5462 oeulis.

152 5484 278 5541 Charitas
291 5484 326 5540 ait
341 5485 389 5542 tibi
403 5501 485 5543 causa
497 5486 605 5570 dicendi
620 5487 769 5558 veritatem,
785 5496 913 5563 tanquam
1000 5493 1099 5563 Panis,
1124 5491 1152 5546 id
1176 5498 1218 5548 est
1230 5489 1345 5559 veritas,
1371 5491 1514 5549 confirmat
1533 5505 1582 5548 cer
1595 5490 1714 5549 bominis
1728 5506 1764 5549 ne

114 5572 255 5630 medendi.
270 5570 351 5644 Quod
365 5573 464 5648 siquis
478 5575 560 5632 etiarn
575 5591 631 5633 non
646 5577 758 5650 recipit,
782 5586 827 5635 aut
841 5594 915 5636 com·
964 5580 1124 5639 succumbat
1138 5593 1284 5652 corporum
1299 5574 1405 5637 formis.
