3742 5986
104 158 137 212 tb
382 156 411 215 S.
431 156 609 215 BRUNONlS
628 156 951 215 CARTHUSIANORUM
971 155 1212 215 lNSTlTUTORIS
1231 157 1306 215 OPP.
1328 158 1416 214 Patts
1435 159 1469 214 ll.
1719 160 1753 212 ld

101 280 256 336 iudaeorum
270 281 329 338 haec
353 290 419 351 erat,
435 282 497 354 quia
522 281 697 353 repromissio
711 282 791 352 hujus
806 281 934 343 salva-A
949 297 998 336 seu
1013 280 1140 353 gentiles,
1156 282 1191 337 ad
1206 280 1287 338 fidem
1302 298 1463 349 conversos
1479 283 1620 354 dequibus
1634 281 1663 337 in
1676 283 1750 338 hunc

102 367 181 424 tionis
197 368 268 426 lacta
282 378 342 425 erat
360 369 481 442 patribus
495 385 599 437 eorum,
615 379 644 426 ut
654 371 801 438 Abraham,
814 370 900 426 David
949 370 1060 424 modum
1073 369 1145 443 agit:
1156 371 1363 441 comprimendo
1377 371 1496 442 primum
1510 371 1636 443 gentiles,
1654 387 1689 428 ne
1705 370 1750 426 ei-

104 464 131 513 et
141 457 269 525 caeteris;
295 458 356 530 quia
374 458 455 514 etiam
471 468 498 514 et
521 460 594 514 Deus
611 459 665 514 illis
681 459 795 515 dederat
809 458 901 532 legem
949 456 1064 513 terendo
1078 475 1118 526 se,
1136 475 1185 514 seu
1200 458 1233 514 de
1249 459 1392 530 sapientia,
1409 476 1457 514 seu
1481 459 1515 514 de
1536 459 1660 515 libertate
1675 459 1753 515 arbi-

103 552 130 601 et
144 546 301 617 prophetas,
319 563 380 619 quae
394 546 486 602 omnia
506 547 709 620 praesignabant
724 547 901 603 salvationem
950 545 1002 612 trii,
1019 547 1112 619 sicque
1126 546 1295 602 detrahendo
1310 547 1406 620 gratiae
1422 547 1530 614 Christi,
1542 547 1705 603 arbitrentur
1720 563 1751 604 se

103 649 155 705 per
168 633 306 690 Christum
322 634 450 703 futuram,
474 636 597 708 gentium
611 644 701 692 autem
724 635 834 691 inuullo
850 637 900 691 ho·
950 633 1091 705 digniores
1112 633 1206 690 infide
1231 635 1395 707 quibuslibet
1411 636 1457 707 qui
1473 634 1554 691 fidem
1567 635 1750 708 susceperint,

104 738 165 777 rum
173 722 353 792 meminerat;
369 723 485 797 ideoque
493 740 541 780 eos
551 725 634 798 digne
644 724 831 796 praeferendos
839 739 901 780 esse
949 737 1011 777 cum
1027 722 1207 794 pergratiam
1222 722 1272 778 Dei
1287 722 1375 778 solam
1391 721 1459 778 tides
1475 730 1502 778 et
1518 722 1638 779 salvatio
1653 723 1755 779 tribua-

104 809 231 883 gentibus
246 811 273 867 in
288 813 341 868 hac
365 812 523 869 salvatione.
547 813 705 869 Econtrario
721 813 838 886 gentiles
852 828 901 883 op·
951 817 1004 865 tur.
1021 810 1049 864 Si
1064 811 1136 865 enim
1165 810 1199 866 de
1224 810 1312 868 libero
1336 811 1448 867 arbitrio
1469 828 1498 867 se
1524 810 1651 883 ellerunt,
1676 812 1704 866 in
1718 827 1753 868 eo

104 899 251 970 ponebant,
269 899 332 956 idco
346 901 455 956 tudaeos
469 900 571 957 debere
591 901 707 972 judicari
723 901 899 974 indigniores,
950 898 1042 970 utique
1057 898 1200 969 plurimum
1213 900 1252 954 rei
1272 907 1344 966 sunt,
1360 916 1421 955 cum
1438 900 1583 956 habuerint
1597 899 1754 956 naturalem

103 987 166 1059 qnia
180 988 203 1043 si
217 989 291 1044 Deus
306 995 407 1044 tantmn
419 1005 513 1045 eorum
528 989 698 1063 diligentiam
712 991 856 1057 habuerat,
872 996 902 1044 ut
950 987 1100 1053 scientiam,
1117 1003 1170 1060 qua
1186 1004 1354 1060 cognoscere
1373 996 1486 1059 possent
1509 997 1658 1045 creatorem
1672 1005 1754 1045 suum

104 1091 164 1147 quae
182 1076 322 1147 premissa
346 1085 408 1132 sunt
421 1077 474 1133 illis
493 1078 635 1145 tribueret,
658 1078 710 1149 ipsi
732 1079 760 1133 in
774 1077 901 1134 omnibus
951 1074 1010 1130 sine
1026 1076 1100 1130 omui
1113 1076 1236 1143 docente,
1252 1076 1423 1150 negligentes
1434 1077 1753 1144 Creatorem,creaturas

103 1164 181 1219 abusi
196 1162 301 1221 luerent
316 1164 395 1220 bonis
414 1165 483 1221 liei:
499 1167 704 1237 praevaricando
714 1166 803 1239 legem
818 1182 901 1239 quam
950 1164 1142 1231 adoraverunt,
1159 1171 1187 1219 et
1200 1172 1300 1220 caetera
1314 1165 1409 1232 multa,
1426 1165 1461 1221 ad
1476 1164 1682 1237 deprimendam
1692 1165 1753 1220 ola-

104 1250 218 1308 dederat
234 1271 241 1307 :
258 1254 457 1308 contemnendo
471 1255 618 1326 propbetas
640 1270 708 1327 quos
722 1255 835 1310 miserat
848 1254 902 1310 :ad
950 1251 1052 1307 tionem
1075 1252 1215 1324 gentilium
1235 1252 1320 1324 ponit.
1336 1254 1366 1307 ln
1393 1253 1572 1325 depressione
1590 1261 1681 1309 autem
1700 1254 1753 1308 Ju-

103 1339 226 1396 ultimum
242 1340 413 1397 salvatorem
428 1342 480 1397 sibi
504 1343 619 1398 missum
646 1343 808 1399 damnantes
834 1359 901 1399 cru·
953 1340 1085 1408 daeorum,
1100 1341 1222 1412 quiaeos
1240 1341 1328 1412 draps
1337 1342 1486 1398 obstinatos
1500 1341 1595 1408 sensit,
1616 1341 1695 1414 quasi
1706 1341 1754 1414 qui

104 1427 145 1484 cis
158 1429 298 1500 patibulo;
314 1444 400 1502 quare
410 1430 501 1501 potius
515 1431 542 1486 in
557 1432 599 1486 bis
610 1431 725 1503 deprimi
735 1447 816 1504 quam
831 1431 902 1487 exal·
950 1427 1043 1499 plures
1059 1444 1157 1485 causas
1181 1430 1368 1498 obtenderent,
1385 1431 1485 1486 diutius
1500 1430 1667 1499 immoratur,
1684 1445 1754 1501 pro-

103 1517 154 1572 tari
177 1518 326 1589 deberent;
357 1519 406 1575 sed
434 1520 487 1591 ipsi
510 1520 626 1592 gentiles
654 1521 750 1576 merito
778 1519 902 1592 praelerri
951 1517 1021 1573 bans
1038 1533 1093 1573 non
1104 1533 1168 1574 esse
1180 1518 1393 1590 superbiendum
1408 1519 1449 1575 eis
1457 1520 1481 1574 si
1495 1518 1586 1592 legem
1600 1527 1626 1575 et
1634 1520 1757 1591 prophe-

103 1603 246 1675 deberent,
272 1605 327 1676 qui,
342 1614 372 1661 ut
395 1605 513 1677 primum
537 1604 679 1661 audierunt
697 1605 811 1662 verbum
836 1604 898 1672 Dei,
914 1606 1172 1705 Btashabuerunt,
1200 1623 1273 1676 cum,
1291 1607 1320 1663 in
1348 1608 1445 1679 quibus
1467 1608 1579 1678 placare
1606 1607 1757 1663 Dominum

103 1692 186 1749 tidem
195 1692 236 1750 4
246 1700 435 1764 susceperunt,
448 1701 474 1749 et
484 1693 827 1762 siantenoncrediderant,
839 1695 901 1767 quia
952 1694 1121 1762 debuissent,
1137 1695 1342 1767 prevideando
1353 1712 1463 1768 semper
1473 1695 1637 1752 offenderint
1651 1697 1753 1753 Deum.

102 1797 155 1838 nec
169 1781 259 1853 legem
267 1798 319 1838 nec
327 1783 477 1854 prophetas
486 1782 648 1849 habuerant,
660 1781 831 1839 excusabiles
839 1799 901 1840 sese
951 1783 1016 1839 llaec
1030 1790 1057 1839 et
1072 1781 1126 1839 alia
1153 1783 1239 1842 multa
1252 1783 1286 1839 ad
1308 1785 1523 1855 compescendos
1541 1785 1650 1840 iudaeos
1664 1784 1755 1839 addu-

103 1871 274 1926 asserebant.
291 1869 379 1940 Quam
395 1870 557 1927 seditionem
565 1870 628 1943 quia
640 1871 775 1943 discipuli,
785 1886 901 1942 quorum
950 1870 996 1937 cit,
1012 1879 1039 1926 et
1053 1886 1086 1927 eo
1101 1869 1153 1927 sine
1178 1871 1217 1928 sic
1232 1871 1289 1943 agit
1302 1878 1332 1926 ut
1358 1880 1500 1944 utrosque,
1516 1873 1625 1929 Judaeos
1640 1881 1667 1928 et
1680 1888 1755 1945 gauf

103 1959 295 2030 praedicatione
315 1959 441 2016 conversi
456 1958 572 2026 luerent,
596 1958 695 2015 sedare
709 1975 764 2015 non
779 1958 900 2016 sullicie-
951 1958 1022 2025 tiles,
1039 1958 1164 2028 subjiciat
1178 1959 1271 2032 graue
1285 1960 1345 2028 Dei,
1370 1961 1513 2017 credentes
1527 1960 1594 2015 nihil
1609 1959 1754 2033 provenire

104 2048 179 2110 bant,
196 2048 330 2104 miserunt
349 2047 383 2102 ad
406 2046 536 2112 Paulum,
552 2054 581 2101 ut
604 2063 653 2118 per
667 2046 828 2120 magistrum
851 2045 900 2120 [id]
950 2045 1053 2101 Judaeis
1068 2061 1101 2101 ex
1116 2062 1229 2119 genere,
1240 2047 1303 2118 lege
1319 2047 1362 2104 rel
1374 2049 1515 2120 prophetis
1526 2067 1534 2116 ;
1546 2064 1635 2120 neque
1645 2047 1757 2121 gentili-

104 2134 254 2202 efficerent,
265 2136 300 2192 ad
309 2135 381 2209 quod
391 2135 538 2192 auctoritas
550 2150 644 2191 eorum
655 2133 825 2191 insufficiens
832 2144 899 2192 crat.
952 2132 1003 2188 bus
1018 2148 1054 2189 ex
1069 2133 1222 2207 ignorantia
1234 2151 1316 2207 quam
1329 2136 1489 2205 obtendunt,
1503 2153 1553 2194 seu
1567 2153 1600 2193 ex
1610 2136 1698 2193 libero
1711 2151 1755 2191 ar-

104 2225 163 2281 llac
177 2232 267 2280 autern
282 2224 380 2280 Paulus
394 2232 506 2297 accepta
516 2223 670 2294 occasione,
686 2223 780 2280 scribit
796 2223 901 2280 adillos
952 2221 1043 2278 bitrio.

104 2313 176 2369 banc
190 2313 341 2385 epistolam,
359 2312 387 2368 in
400 2328 454 2386 qua
476 2312 620 2369 materiam
642 2313 729 2369 habes
751 2313 899 2380 Romanos,

576 2671 852 2758 epistota
883 2671 957 2757 Ab
993 2670 1279 2759 ROMANOS.

91 2947 96 2958 ,
341 2884 454 2942 CAPUT
468 2884 614 2942 PRIMUM.

144 2970 272 3028 rPaulus
292 2986 389 3026 servus
413 2971 478 3027 lesu
500 2969 611 3039 Christi,
626 2978 738 3026 vocatus
752 2969 902 3042 apostolus,

108 3081 120 3112 ι
137 3067 301 3133 segregatus
315 3058 343 3113 in
358 3057 538 3131 Evangelium
560 3058 621 3127 Dei,
637 3059 711 3131 quod
723 3066 786 3115 ante
797 3058 903 3131 promi-
956 3083 967 3112 ι
984 3061 1111 3132 primum,
1130 3068 1156 3116 et
1171 3060 1278 3117 Graeco.
1290 3060 1398 3116 lustitia
1408 3061 1480 3117 enim
1490 3061 1540 3116 Dei
1555 3061 1582 3115 in
1598 3076 1632 3117 eo
1646 3061 1752 3117 revela·

107 3169 119 3200 ι
136 3155 209 3204 serat
221 3163 272 3218 per
293 3148 441 3219 prophetas
464 3162 529 3203 suos
542 3147 571 3200 in
590 3146 738 3219 Scripturis
753 3147 854 3204 sanctis
868 3148 903 3203 de
955 3170 967 3201 ι
985 3157 1076 3205 turer
1091 3149 1182 3204 tidein
1197 3148 1288 3216 fidem,
1299 3150 1368 3205 sicut
1383 3149 1564 3222 scriptumest
1581 3166 1587 3203 :
1603 3149 1695 3205 iustus
1702 3165 1751 3205 au·

107 3258 119 3289 ι
137 3235 206 3292 Filio
222 3250 281 3301 suo,
307 3234 352 3307 qui
365 3233 454 3290 lectus
478 3242 520 3290 est
534 3235 559 3290 ei
574 3251 607 3291 er
630 3235 734 3292 semine
755 3235 841 3291 Dauid
856 3252 903 3292 se·
956 3259 967 3287 ι
985 3244 1039 3293 tem
1055 3254 1088 3293 ex
1103 3236 1156 3292 fide
1166 3237 1241 3293 vivit.
1258 3238 1403 3294 Revelatur
1416 3237 1488 3294 enim
1512 3237 1552 3292 ira
1566 3237 1617 3292 Dei
1631 3237 1666 3293 de
1681 3237 1750 3294 coelo

108 3347 120 3376 ι
138 3323 257 3382 cundum
272 3338 400 3391 carnem,
418 3323 464 3395 qui
478 3322 687 3394 praedestinatus
701 3332 742 3380 est
756 3324 839 3380 Filius
852 3323 904 3381 Dei
955 3345 967 3376 a
985 3341 1067 3397 super
1081 3342 1189 3382 omnem
1205 3326 1372 3397 impietatem
1386 3334 1414 3382 et
1437 3325 1593 3395 injustitiam
1610 3326 1752 3381 hominum

108 3413 164 3468 «in
185 3412 297 3481 virtute,
325 3411 474 3467 secundum
490 3411 619 3484 Spiritum
634 3412 855 3470 sanctificationis
870 3429 903 3470 er
955 3430 1078 3472 «eorum
1099 3415 1146 3486 qui
1160 3415 1304 3469 veritatem
1327 3414 1377 3470 Dei
1398 3414 1426 3468 in
1450 3413 1576 3482 injustitia
1603 3413 1748 3468 detinent:

107 3501 337 3557 «resurrectione
377 3508 545 3556 mortuorum
571 3501 636 3557 lesu
665 3501 765 3557 Christi
795 3501 904 3557 Domini
956 3503 1053 3575 «quia
1068 3503 1141 3574 quod
1156 3510 1249 3558 notum
1264 3502 1353 3559 es15
1367 3501 1427 3568 Dei,
1437 3501 1608 3557 manifestum
1623 3508 1664 3555 est
1678 3500 1706 3555 in
1717 3499 1751 3555 il·

107 3611 119 3642 ι
137 3589 233 3657 nostri,
248 3604 394 3661 perquem
416 3588 573 3660 accepimus
595 3589 711 3663 gratiam
724 3598 751 3645 et
764 3589 903 3660 apostola·
956 3613 967 3639 i
988 3590 1032 3646 lis.
1048 3592 1122 3646 Deus
1137 3590 1210 3646 enim
1224 3591 1278 3646 illis
1302 3589 1440 3647 revelavit.
1458 3587 1608 3645 luvisibilia
1623 3587 1695 3643 enim
1709 3589 1751 3660 ip·

108 3699 120 3730 ι
133 3687 198 3744 turn,
215 3677 251 3733 ad
262 3677 444 3733 obediendum
452 3676 516 3734 fidei
530 3677 558 3732 in
573 3677 699 3733 omnibus
713 3678 841 3750 gentibus
854 3692 904 3748 pro
958 3700 968 3733 r
984 3679 1042 3734 sius
1056 3686 1210 3735 acrearum
1224 3678 1318 3734 mundi
1333 3694 1383 3749 per
1397 3693 1431 3733 ea
1445 3677 1585 3749 quaesacta
1595 3685 1658 3732 sunt
1672 3676 1753 3732 intel·

109 3766 247 3822 «nomine
261 3766 319 3834 ejus
334 3782 340 3818 :
357 3765 385 3820 in
408 3765 506 3836 quibus
516 3765 582 3822 estis
606 3773 633 3822 et
647 3781 696 3823 ros
723 3765 811 3823 vocati
838 3766 904 3821 lesu
956 3789 967 3815 u
985 3767 1056 3823 lecta
1070 3767 1281 3838 conspiciuntur,
1305 3767 1473 3838 sempiterna
1487 3780 1595 3839 quoque
1619 3765 1679 3834 ejus
1692 3764 1751 3820 vir-

110 3875 122 3906 ι
143 3852 244 3910 Christi
259 3871 267 3920 3
282 3853 408 3909 omnibus
422 3853 468 3925 qui
483 3860 547 3909 sunt
560 3854 654 3911 Romae
668 3854 773 3911 dilectis
788 3854 838 3910 Dei
853 3868 904 3910 ro·
957 3876 969 3907 ι
986 3862 1030 3910 tus
1044 3863 1071 3911 et
1079 3855 1218 3922 divinitas,
1229 3855 1266 3910 ita
1279 3862 1308 3910 ut
1318 3854 1372 3909 sint
1380 3853 1589 3911 inexcusabiles.
1601 3852 1672 3922 Quia
1687 3868 1751 3909 cum

111 3966 122 3992 u
140 3942 208 4000 catis
224 3941 325 3997 sanetis
332 3940 427 3997 Gratia
439 3942 518 3999 vobis
529 3950 555 3998 et
565 3959 616 4014 pax
626 3958 643 3998 a
653 3945 710 3999 Deo
720 3944 808 4010 Patre,
819 3944 905 3999 etilo
956 3967 967 3991 «ι
987 3943 1180 4017 cognovissent
1195 3945 1292 4011 Deum,
1313 3958 1368 3999 non
1383 3943 1452 3999 sicut
1475 3943 1563 3998 Deum
1577 3939 1751 4013 glorificave-

111 4054 122 4080 ι
140 4031 215 4087 mino
228 4038 323 4086 nostro
337 4030 529 4087 JesuChristo.
541 4031 661 4087 Primum
677 4031 785 4104 quidem
800 4031 905 4105 gratias
957 4053 969 4082 ι
986 4040 1059 4096 runt,
1074 4040 1120 4087 aut
1137 4032 1241 4104 gratias
1262 4039 1398 4105 egerunt:
1415 4030 1465 4087 sed
1486 4037 1655 4086 evanuerunt
1665 4029 1692 4084 iu
1704 4045 1752 4086 co·

111 4143 122 4170 a
142 4135 195 4194 ago
209 4121 267 4176 Deo
289 4135 351 4175 meo
372 4120 528 4191 pertesum
552 4120 688 4176 Christum
707 4137 757 4192 pro
779 4120 905 4176 omnibus
957 4120 1162 4194 agitationibus
1172 4120 1239 4189 suis,
1254 4127 1281 4176 et
1294 4119 1469 4176 obscuratum
1480 4126 1522 4175 est
1546 4117 1678 4189 insipiens
1701 4132 1752 4174 cor

113 4231 124 4258 r
141 4208 220 4266 vobis
237 4207 320 4281 :quia
334 4206 403 4264 lides
425 4216 516 4264 vestra
538 4209 714 4265 annuntiatur
728 4209 756 4265 in
779 4209 941 4300 universoD
957 4231 968 4257 a
987 4224 1092 4265 eorum.
1109 4209 1247 4277 Dicentes,
1263 4207 1377 4264 enimse
1392 4223 1454 4263 esse
1469 4207 1617 4278 sapientes,
1629 4205 1725 4261 stultit
1739 4235 1752 4248 ·

918 2886 966 2947 cu
984 2883 1078 2941 lizare.
1097 2884 1159 2940 Non
1183 2883 1256 2940 enim
1284 2883 1419 2940 erubeseo
1444 2883 1630 2956 Evangelium.
1657 2884 1748 2941 Virtus

956 2972 1058 3029 renim
1073 2971 1122 3027 Dei
1137 2980 1178 3028 est
1198 2972 1226 3027 in
1248 2972 1362 3028 salutem
1392 2973 1466 3027 omni
1494 2972 1627 3040 eredenti,
1657 2973 1752 3030 Judaeo

112 4317 124 4348 a
141 4296 256 4352 mundo.
275 4297 447 4352 Testisenim
462 4296 527 4351 mibi
538 4304 580 4352 est
603 4298 687 4367 Deus,
703 4297 747 4354 cui
762 4297 853 4354 servio
877 4297 905 4353 iu

113 4408 124 4437 ι
143 4385 238 4458 spiritu
249 4399 310 4441 meo
324 4384 352 4439 in
366 4385 518 4458 Evangelio
534 4385 591 4441 lilii
606 4386 682 4454 ejus,
700 4387 774 4459 quod
788 4386 846 4442 sine
861 4386 905 4441 in-

112 4494 124 4525 «
141 4473 315 4529 termissione
326 4473 487 4529 memoriam
502 4474 585 4530 vestri
599 4473 668 4530 facio
677 4490 787 4547 semper
801 4475 829 4529 in
844 4489 906 4531 ora-

112 4583 124 4614 a
142 4562 261 4618 tionibus
274 4561 344 4617 meis
360 4576 366 4616 :
384 4562 544 4628 obsecrans,
556 4563 580 4617 si
595 4563 847 4634 quomodotandem
856 4563 906 4619 ali-

113 4651 252 4724 equando
275 4665 439 4722 prosperum
447 4649 497 4706 iter
519 4651 635 4706 habeam
649 4650 676 4706 in
690 4651 828 4709 voluntate
855 4652 906 4710 Dei

113 4760 125 4791 ι
146 4737 274 4795 veniendi
288 4738 322 4793 ad
337 4753 396 4794 vos.
412 4737 545 4793 Desidere
555 4737 627 4793 enim
641 4738 734 4795 videre
748 4754 808 4806 vos,
819 4747 848 4794 ut
857 4740 906 4796 ali-

112 4850 123 4875 ·
141 4827 207 4899 quid
221 4826 360 4898 impertiar
369 4826 448 4882 vobis
471 4825 566 4897 gratiae
581 4826 738 4897 spiritualis,
753 4827 787 4882 ad
801 4827 906 4885 confrr-

958 4297 1023 4352 ‹cti
1038 4305 1109 4354 sunt.
1136 4297 1171 4352 Et
1204 4304 1379 4353 mutaverunt
1393 4294 1511 4369 gloriam
1538 4294 1752 4365 incormptibilis

958 4407 969 4436 ι
989 4385 1050 4452 Dei,
1065 4385 1094 4440 in
1109 4385 1313 4442 similitudinem
1320 4384 1449 4458 imaginis
1464 4383 1647 4455 cormptibilis
1661 4383 1753 4439 homi-

957 4494 969 4525 «
987 4474 1040 4541 nis,
1055 4481 1082 4530 et
1096 4475 1247 4541 voluerum,
1268 4481 1295 4530 et
1310 4472 1529 4546 quadrupedum,
1541 4480 1568 4527 et
1581 4479 1750 4543 serpentum.

956 4586 968 4611 ι
985 4563 1100 4633 Propter
1108 4562 1180 4635 quod
1191 4562 1302 4618 tradidit
1311 4562 1372 4619 illos
1386 4564 1461 4618 Deus
1469 4561 1497 4616 in
1507 4560 1644 4617 desideria
1657 4559 1751 4615 cordis

957 4665 1082 4706 «eorum
1104 4650 1134 4707 in
1155 4650 1364 4717 immunditiam,
1391 4657 1419 4705 ut
1438 4647 1608 4706 contumeliis
1630 4644 1751 4701 alliciant

958 4761 969 4788 ι
985 4753 1102 4811 corpora
1115 4754 1166 4795 sua
1194 4740 1222 4794 in
1243 4738 1397 4811 semetipsis
1413 4756 1420 4792 ε
1438 4737 1502 4811 quia
1516 4726 1763 4793 commutaverunt

957 4848 969 4879 ι
991 4827 1131 4883 ueritatem
1147 4828 1196 4884 Dei
1213 4828 1240 4883 in
1251 4827 1432 4894 mendacium,
1444 4833 1472 4882 et
1485 4824 1634 4890 coluerunt,
1650 4829 1677 4879 et
1692 4838 1752 4878 ser-

112 4935 124 4966 ι
141 4914 258 4971 mandes
272 4929 321 4970 ros
337 4931 345 4968 ε
360 4914 444 4969 idest
465 4913 546 4969 simul
559 4913 694 4971 consolari
711 4915 738 4970 in
753 4915 841 4984 robis,
856 4933 907 4989 per
956 4938 967 4965 ι
986 4916 1093 4972 vierunt
1107 4925 1238 4974 creature
1252 4916 1341 4988 potius
1356 4931 1438 4988 quam
1446 4912 1579 4980 Creatori,
1591 4911 1638 4984 qui
1647 4919 1689 4967 est
1699 4912 1751 4968 be-

111 5023 123 5054 «
144 5018 277 5074 eamque
292 5001 408 5058 invicem
422 5009 464 5057 est
478 5000 560 5057 sidem
579 5010 698 5059 vestram
714 5011 793 5076 atque
803 5020 903 5061 meam.
956 5024 968 5055 a
985 5004 1109 5061 nedictus
1122 5004 1150 5059 in
1165 5003 1276 5061 saecula.
1293 5005 1389 5059 Arnen.
1402 5003 1551 5074 Propterea
1566 5000 1676 5056 tradidit
1689 4999 1751 5056 illos

111 5113 122 5140 ι
140 5090 211 5146 ΝοΙο
225 5097 315 5145 autern
330 5105 379 5145 vos
394 5089 532 5163 ignorare,
550 5090 656 5163 fratres,
673 5091 737 5164 quia
751 5109 824 5165 saepe
839 5109 905 5165 pro·
957 5113 969 5144 ι
985 5094 1059 5149 Deus
1073 5094 1101 5148 in
1115 5092 1259 5165 passiones
1274 5091 1520 5166 ignominiarum
1536 5089 1643 5147 leminae
1658 5105 1751 5146 eorum

112 5203 123 5229 i
142 5177 221 5251 posui
241 5177 333 5234 venire
347 5177 382 5232 ad
396 5193 454 5245 vos,
472 5186 498 5234 et
512 5179 664 5251 prohibitus
678 5197 738 5236 sum
752 5197 839 5254 usque
853 5181 905 5238 ad·
955 5204 966 5229 a
984 5181 1195 5238 immutaverunt
1209 5180 1359 5237 naturalem
1381 5196 1470 5247 usum,
1487 5179 1515 5234 in
1530 5194 1593 5235 eum
1611 5194 1690 5234 usum
1705 5177 1752 5251 qui

110 5291 122 5316 ·
139 5269 204 5337 huc,
214 5273 244 5322 ut
256 5265 373 5338 aliquem
388 5266 505 5323 fructum
520 5267 635 5325 habeam
645 5276 673 5325 et
687 5269 715 5324 in
729 5269 818 5338 vobis,
835 5269 905 5327 sicut
956 5292 968 5322 ι
984 5277 1027 5327 est
1041 5277 1137 5327 contra
1156 5278 1291 5326 naturam.
1316 5269 1446 5325 Similiter
1469 5276 1558 5324 autem
1574 5276 1602 5323 et
1625 5265 1750 5334 masculi,

112 5380 123 5406 ι
140 5364 167 5412 et
180 5356 208 5412 in
218 5354 325 5412 ceteris
339 5355 475 5429 gentibus.
491 5356 594 5414 Grecis
608 5358 783 5429 acBarbaris,
798 5357 905 5431 sapien·
956 5379 968 5410 ι
985 5359 1079 5416 relicto
1089 5358 1205 5415 naturali
1218 5376 1269 5416 usu
1283 5357 1401 5429 lemine,
1417 5364 1580 5414 exarserunt
1594 5355 1622 5411 in
1637 5355 1751 5412 deside-

109 5444 211 5499 «tibus
225 5442 454 5516 acinsipientibus
468 5444 575 5502 debitor
588 5462 659 5516 sum,
672 5446 711 5503 ita
729 5447 803 5520 quod
817 5447 846 5503 in
858 5461 904 5504 me
954 5447 1030 5504 «riis
1044 5447 1101 5504 suis
1115 5447 1143 5503 in
1164 5447 1304 5506 invicem:
1329 5444 1444 5503 masculi
1456 5445 1485 5501 in
1508 5442 1647 5501 masculos
1661 5442 1751 5516 turpi·

109 5553 121 5585 ι
138 5540 294 5607 promptum
316 5540 358 5590 est
380 5540 408 5592 et
421 5532 509 5605 robis,
525 5533 680 5607 quittamus
694 5535 769 5605 esda,
786 5550 904 5610 evange·
954 5557 966 5589 ι
983 5536 1105 5596 tudinem
1118 5543 1275 5611 operantes,
1291 5543 1319 5594 et
1338 5533 1506 5606 mercedem,
1522 5547 1605 5607 quarn
1620 5529 1751 5606 oportuit,
