3742 5986
100 194 134 248 bb
376 187 405 244 S.
425 185 604 245 BRUNONIS
623 186 947 247 caafflUStANORttlt
966 186 1209 246 lNSTlTUTORlS
1227 188 1304 245 OPP.
1326 190 1414 248 PARS
1433 191 1466 247 ll.
1709 193 1744 245 56

103 313 229 371 stificavit
244 331 251 368 :
267 313 310 368 lex
322 320 411 368 autem
426 312 555 368 delictum
578 312 719 368 abundare
738 311 801 369 lecit
817 331 824 368 :
841 313 894 379 lex,
906 315 935 375 Α
950 336 961 363 α
974 314 1129 369 minabitur.
1145 313 1225 382 Quod
1244 315 1315 370 enim
1336 323 1460 371 mortuus
1473 322 1515 371 est
1529 323 1657 386 peccato,
1673 329 1745 369 mor-

101 403 198 476 inquit,
215 401 393 468 subintravit,
411 400 474 473 quia
488 408 630 472 peccatum
648 401 724 472 prius
739 401 896 458 intraverat.
951 424 962 455 ι
980 411 1042 457 tuus
1057 411 1099 458 est
1109 403 1213 458 semel:
1230 403 1304 474 quod
1318 412 1408 459 autem
1422 404 1496 469 vivit,
1513 403 1579 459 vivit
1589 404 1658 458 Deo.
1670 404 1708 456 lta
1718 411 1745 458 ει

104 493 228 548 Intravit
238 493 285 547 lex
299 490 334 544 ud
344 491 435 545 hocut
446 489 603 546 abundaret
613 489 759 556 delictam,
770 506 825 545 non
836 491 900 562 quia
951 512 963 543 ι
981 507 1030 547 vos
1045 490 1197 546 existimate
1212 507 1261 546 vos
1277 488 1400 548 mortuos
1416 492 1526 564 quidem
1542 508 1603 547 esse
1618 498 1744 563 peccato,

105 581 150 637 lex
164 580 234 635 mala
249 586 331 645 esset,
348 579 397 633 sed
412 577 474 651 quia
488 578 539 632 sub
553 577 598 632 illa
613 587 688 633 erant
702 594 770 649 quos
789 594 852 635 reos
861 578 901 633 la·
951 602 962 627 a
981 579 1103 635 viventes
1118 587 1209 634 autem
1225 581 1282 635 Deo
1296 580 1324 635 iu
1335 580 1443 636 Christo
1452 582 1528 636 Jesu.
1543 581 1605 635 Non
1619 595 1687 653 ergo
1702 595 1746 634 re-

104 677 190 735 ceret,
203 667 281 724 34
289 666 421 737 jubendo,
435 681 490 722 non
498 666 660 735 adjuvando.
674 666 728 722 Lex
743 667 829 721 tribus
842 682 901 722 mo·
952 676 1041 740 ‹gnet
1055 676 1198 739 peccatum
1217 668 1244 722 iu
1254 676 1346 725 vestro
1361 669 1469 725 mortali
1493 685 1617 740 corpore,
1634 677 1663 723 ut
1677 668 1747 722 obe-

107 757 150 814 dis
165 756 317 812 habebatur
330 755 491 826 intempore
505 771 564 810 suo.
577 754 744 824 Quibusdam
759 756 829 811 euim
845 763 902 811 erat

107 844 279 901 solummodo
294 844 322 898 in
343 843 469 917 signum,
485 850 513 898 ut
534 843 651 899 Abrahae
668 860 674 897 :
690 845 736 915 qui
758 844 901 900 circumci-

106 951 153 990 sus
168 942 226 1000 est,
243 948 297 989 nou
317 940 345 986 ut
373 948 422 1003 per
446 931 498 987 hoc
521 929 721 1001 justificaretur,
737 932 786 987 sed
801 932 828 986 in
842 932 902 1003 sig-

107 1038 173 1078 num
193 1019 394 1092 justificationis
412 1020 469 1089 jam
498 1028 617 1090 acceptae
644 1036 695 1092 per
717 1019 809 1076 iidem,
834 1020 902 1076 Aliis

110 1109 155 1166 lex
169 1117 228 1165 erat
241 1109 410 1181 pedagogus
426 1123 432 1162 :
449 1115 477 1163 ut
496 1108 727 1181 quemadmodum
741 1125 853 1180 puerum
868 1125 903 1165 ue

108 1198 252 1254 insolescat
267 1198 394 1271 vagando
416 1197 562 1270 pedagogi
589 1205 696 1254 coercet
710 1197 847 1264 custodia3
863 1197 903 1254 sic

109 1287 153 1343 lex
177 1287 304 1342 minando
326 1301 435 1357 poenam
459 1285 604 1341 coercebat
625 1284 758 1357 quosdam
786 1286 821 1340 ab
843 1295 904 1341 actu

108 1374 224 1447 peccati.
245 1374 312 1430 Aliis
327 1381 417 1429 autem
433 1382 489 1429 erat
502 1373 547 1428 lex
565 1389 646 1429 causa
659 1374 901 1445 praevaricationis,

953 756 1060 811 «distis
1076 756 1305 827 concupiscentiis
1320 759 1387 827 ejus.
1405 758 1459 813 Sed
1483 774 1572 829 neque
1596 756 1748 811 exhibeatis

953 866 964 897 ι
983 845 1108 900 membru
1122 854 1213 901 vestra
1228 860 1304 900 arma
1326 845 1473 918 iniquitatis
1485 854 1596 917 peccato
1614 864 1620 901 :
1636 845 1685 900 sed
1701 861 1748 900 eu-

954 955 965 983 ι
983 933 1074 990 hibete
1089 950 1138 990 vos
1155 935 1223 1002 Deo,
1240 942 1368 1007 tanquam
1384 951 1416 990 ox
1438 935 1552 990 mortuis
1574 933 1704 998 viventes,
1722 942 1749 988 et

954 1041 965 1072 c
984 1022 1107 1078 membra
1121 1030 1212 1077 vestra
1227 1038 1300 1077 arma
1311 1023 1423 1092 justitia
1436 1023 1504 1078 Deo.
1520 1024 1664 1078 Peccatum
1675 1020 1749 1077 enim

954 1130 966 1161 ι
983 1110 1061 1166 vobis
1077 1127 1131 1166 non
1146 1111 1344 1167 dominabitur.
1368 1112 1426 1166 Nos
1440 1111 1512 1167 euim
1529 1111 1655 1183 sublege
1670 1110 1748 1175 estis,

955 1218 966 1249 ι
985 1198 1034 1254 sed
1054 1198 1105 1254 sub
1120 1200 1216 1270 gratia.
1234 1199 1305 1269 Quid
1315 1199 1406 1272 ergo?
1421 1200 1607 1265 Peccabimus,
1623 1198 1751 1270 quoniam

956 1303 1043 1342 cnon
1067 1303 1160 1342 sumus
1188 1289 1239 1343 sub
1268 1288 1344 1362 lege,
1374 1288 1422 1343 sed
1441 1289 1492 1343 sub
1519 1287 1628 1360 gratia?
1652 1284 1749 1342 Absitl

957 1397 968 1423 u
986 1379 1027 1431 Aa
1043 1376 1155 1431 nescitis
1181 1377 1309 1449 quoniam
1325 1377 1368 1432 cui
1391 1376 1524 1432 exhibetis
1539 1392 1588 1432 vos
1607 1391 1702 1431 servos
1716 1375 1751 1429 od

107 1464 139 1519 lu
152 1463 195 1518 his
211 1470 301 1518 autem
316 1462 422 1517 duobus
444 1462 542 1534 quibus
556 1462 599 1518 lex
616 1462 644 1516 in
658 1462 766 1534 signum
792 1462 904 1531 justitia
960 1489 970 1513 ι
990 1464 1182 1532 obediendum,
1200 1465 1271 1521 servi
1295 1466 1361 1520 estis
1392 1466 1450 1535 ejus
1469 1465 1512 1520 cui
1535 1464 1674 1530 obedistis,
1693 1463 1750 1520 sive

109 1551 152 1607 vel
168 1551 336 1624 paedagogus
350 1550 484 1605 eratnihil
499 1551 662 1622 operabatur
680 1566 685 1605 :
703 1550 767 1622 quia
780 1551 826 1622 qui
837 1551 905 1620 justi
957 1577 968 1602 a
986 1553 1093 1626 peccati
1110 1554 1145 1608 ad
1158 1562 1285 1619 mortem,
1298 1554 1355 1610 sive
1365 1553 1529 1609 obeditionis
1542 1554 1575 1607 ad
1596 1552 1754 1622 justitiam?

110 1646 188 1696 eraut
202 1649 232 1695 ut
254 1640 402 1708 Abraham,
417 1655 467 1711 per
491 1637 572 1694 fidem
600 1640 653 1696 hoc
680 1648 759 1695 erant
785 1656 839 1695 non
854 1654 940 1729 perB
956 1666 967 1692 ι
985 1643 1095 1699 Gratias
1110 1651 1200 1697 autem
1216 1643 1293 1712 Deo,
1320 1643 1392 1715 quod
1419 1642 1507 1697 luistis
1535 1642 1606 1698 servi
1635 1641 1751 1712 peccati,

109 1727 220 1805 legem3
238 1728 363 1801 quivero
378 1743 409 1783 se
423 1728 520 1783 timore
544 1729 707 1784 coercebant
720 1745 735 1783 a
750 1728 832 1796 malo,
848 1743 903 1783 nou

109 1817 164 1874 hoc
176 1817 337 1890 perlegam,
354 1817 403 1872 sed
422 1816 584 1889 pardonum
614 1817 730 1888 Spiritus
754 1817 850 1881 sancti,
876 1816 904 1871 id

110 1914 153 1964 est
170 1922 221 1977 per
244 1904 367 1977 spiritum
391 1904 496 1961 timoris
523 1905 669 1962 iaciebant.
686 1905 754 1960 Aliis
783 1904 905 1960 verolex

112 2010 194 2053 causa
209 2001 269 2050 erat
283 1993 385 2060 delicti,
402 1993 464 2065 quia
490 1993 731 2064 prevaricationis.
748 1995 799 2048 Per
813 1993 905 2065 legem

111 2083 240 2139 delictum
253 2081 410 2148 abundavit,
427 2081 477 2136 sed
492 2097 542 2152 per
555 2081 670 2155 gratiam
678 2089 838 2137 evacuatum
853 2089 903 2137 est.

114 2172 271 2242 Ubicunque
286 2169 360 2224 enim
373 2169 527 2224 obundovit
552 2169 700 2236 delictum,
722 2169 765 2225 vel
778 2169 828 2224 sub
842 2169 905 2242 lege

110 2259 154 2315 vel
177 2266 252 2313 extra
275 2257 375 2330 legem,
399 2257 438 2313 ibi
456 2259 551 2330 pretio
565 2258 718 2314 abundauit
735 2273 820 2330 saper
834 2256 906 2312 deli·

109 2354 200 2402 ctum:
218 2345 349 2418 quianon
364 2345 452 2401 solum
469 2344 571 2400 remisit
585 2354 716 2416 peccata,
733 2345 782 2401 sed
797 2353 823 2400 ει
835 2347 907 2415 juste

112 2434 223 2509 operari
237 2433 383 2492 concessit.
395 2433 463 2503 Quia
477 2434 575 2489 iterum
589 2433 673 2505 aliqui
687 2435 815 2489 errabant
825 2450 857 2489 ex
874 2450 907 2490 eo

112 2525 185 2598 quod
200 2523 302 2578 dictum
326 2529 367 2577 est
390 2522 508 2594 gratiam
532 2522 769 2593 superabundasse
785 2522 831 2578 uhi
859 2521 909 2577 luit

113 2612 251 2678 delictum,
268 2611 390 2667 dicentes
406 2626 436 2665 se
450 2610 559 2681 impune
574 2618 727 2682 opportune
743 2611 825 2666 etiam
839 2626 908 2682 pec·

113 2716 186 2767 care,
208 2700 273 2774 quia
286 2698 376 2773 gratia
395 2698 446 2754 Dei
469 2698 559 2753 omnia
585 2698 742 2766 dimitteret,
765 2707 792 2754 ει
807 2707 908 2771 quanto

112 2787 202 2861 plura,
227 2795 301 2843 tauto
329 2786 476 2861 gloriosior
503 2794 586 2855 esset,
613 2786 775 2842 determinat
800 2786 909 2860 quidem

113 2876 212 2933 Paulus
228 2875 345 2950 gratiam
368 2875 429 2943 Dei,
446 2882 578 2948 quotquot
592 2882 705 2946 peccata
719 2874 784 2944 sint,
805 2875 834 2929 iu
857 2874 909 2930 ba·

113 2965 213 3037 ptismo
240 2963 330 3020 omnia
357 2964 502 3033 dimittere,
533 2964 581 3019 sed
608 2971 753 3035 postquam
771 2962 911 3032 justificati

114 3061 186 3120 sunt,
202 3053 225 3108 si
240 3054 337 3108 iterum
352 3059 476 3123 peccant,
494 3068 549 3131 nou
577 3052 646 3107 sicut
658 3051 735 3123 prius
749 3067 783 3108 ex
812 3051 908 3124 gratia,

113 3142 164 3197 sed
178 3141 274 3197 merito
288 3141 454 3213 poenitentiae
469 3139 767 3212 dimittenturpeccatu.
777 3139 855 3196 Unde
870 3139 911 3196 sio

115 3230 151 3286 ait
168 3245 174 3284 :
192 3229 283 3286 Gratia
293 3229 386 3302 utique
400 3228 450 3284 Dei
461 3228 611 3284 abundavit
625 3229 676 3284 hac
686 3229 748 3301 lege
764 3245 769 3283 :
789 3231 821 3288 tte
837 3231 912 3285 εἰειιι

114 3321 265 3393 peecatum
287 3326 349 3373 ante
372 3315 593 3387 justificationem
622 3319 760 3390 repetebat
786 3316 911 3374 ducendo

116 3409 149 3463 io
163 3411 294 3475 mortem,
303 3407 347 3462 ito
357 3410 385 3463 et
398 3407 504 3479 pretio,
516 3413 659 3479 postquam
674 3405 779 3462 remisit
789 3414 909 3478 peccata,

116 3497 217 3568 aequet
234 3512 286 3569 per
299 3504 440 3568 acceptam
450 3495 601 3566 justitiam
616 3495 686 3550 bene
701 3502 910 3560 conservatam,

118 3585 208 3641 eundo
234 3585 267 3640 t'n
282 3586 369 3641 vitem
390 3587 530 3640 aeternam
545 3602 554 3640 :
569 3598 625 3639 uon
644 3584 701 3652 jam
715 3582 832 3653 amplius
854 3598 913 3638 τεε-

117 3673 244 3745 picieudo
260 3673 295 3730 ad
305 3673 483 3746 iniquitatem.
497 3675 601 3744 lteprret
612 3671 684 3737 dico,
698 3687 750 3742 per
759 3671 912 3726 llomtaom

957 1753 969 1784 ι
986 1731 1119 1788 obedistis
1134 1739 1226 1787 autem
1241 1748 1273 1786 ex
1285 1732 1369 1788 corde
1382 1731 1410 1786 in
1426 1747 1487 1787 eam
1509 1731 1624 1786 sormam
1646 1730 1752 1785 doctri-

956 1843 967 1869 «
987 1837 1041 1887 uae,
1057 1820 1084 1874 in
1101 1836 1155 1892 qua
1169 1820 1259 1874 traditi
1273 1820 1349 1876 estis.
1366 1819 1481 1876 liberati
1491 1828 1582 1875 autem
1596 1835 1613 1874 a
1626 1826 1749 1890 peccato,

958 1932 969 1957 u
986 1908 1060 1965 servi
1075 1907 1138 1964 lacti
1157 1908 1223 1963 estis
1235 1908 1357 1977 justitiae.
1378 1910 1532 1963 Humanum
1547 1909 1619 1976 dico,
1640 1915 1754 1978 propter

958 2018 969 2049 ι
987 1996 1173 2053 infirmitatem
1188 1997 1280 2052 caruis
1295 2004 1402 2053 vestrae.
1419 1997 1494 2053 Sicut
1504 1996 1576 2052 euim
1589 1996 1665 2052 35
1678 1995 1754 2050 exhi-

958 2109 969 2134 ·
987 2085 1082 2140 buistis
1098 2086 1219 2141 membra
1234 2093 1326 2141 vestra
1341 2085 1444 2141 servire
1467 2084 1644 2140 immunditia
1659 2092 1685 2140 ot
1699 2084 1753 2138 ini-

959 2192 970 2219 «
987 2169 1083 2242 quitali
1097 2169 1133 2225 ad
1147 2169 1334 2241 iniquitatem,
1351 2169 1387 2224 ita
1402 2185 1473 2225 nunc
1488 2169 1614 2225 exhibete
1628 2169 1754 2223 membru

959 2268 1080 2313 «vestra
1107 2257 1212 2314 servire
1228 2258 1339 2326 justitiae
1360 2257 1388 2312 in
1414 2256 1665 2314 sanctificationem.
1686 2256 1753 2311 Cum

960 2347 1060 2402 «enim
1075 2345 1147 2401 servi
1161 2346 1257 2401 essetis
1281 2346 1396 2417 peccati,
1419 2346 1496 2401 liberi
1517 2346 1605 2401 fuistis
1630 2345 1751 2415 justitia.

960 2458 971 2483 a
989 2433 1077 2504 Quem
1093 2450 1161 2508 crgo
1176 2434 1296 2491 fructum
1308 2434 1441 2490 habuistis
1456 2443 1519 2489 tunc
1533 2433 1561 2488 in
1575 2432 1638 2499 illis,
1655 2433 1682 2487 iu
1694 2433 1754 2503 qui·

960 2547 971 2572 r
989 2525 1039 2578 bus
1054 2539 1127 2579 nunc
1141 2523 1324 2580 erubescitis?
1337 2523 1407 2578 Nam
1423 2521 1484 2577 finis
1498 2522 1606 2577 illorum
1617 2537 1692 2576 mors
1700 2529 1751 2576 est.

961 2614 1066 2669 «Nunc
1081 2627 1146 2668 vero
1168 2612 1275 2667 liberati
1299 2626 1316 2665 a
1339 2621 1462 2683 peccato,
1479 2612 1552 2667 servi
1573 2619 1663 2666 autem
1692 2609 1754 2666 lacti

961 2724 972 2749 r
988 2703 1055 2766 Deo,
1068 2701 1174 2756 habetis
1189 2700 1306 2756 fructum
1320 2707 1442 2755 vestrum
1457 2701 1484 2754 iu
1499 2698 1752 2764 sanctificationem,

961 2809 973 2840 ι
991 2788 1074 2845 finem
1090 2805 1156 2845 vero
1171 2790 1253 2844 vitam
1281 2796 1422 2844 aeternam.
1439 2788 1577 2859 Stipendia
1604 2787 1676 2842 enim
1691 2802 1755 2858 pec-

962 2899 974 2930 ι
990 2878 1053 2945 cati,
1069 2893 1154 2934 mors.
1168 2877 1262 2934 Gratia
1272 2885 1362 2933 autem
1374 2877 1433 2944 Dei,
1448 2877 1624 2945 ritaaeterna,
1635 2876 1662 2930 iu
1673 2875 1754 2931 Chri-

963 2990 974 3018 «
992 2975 1034 3023 sto
1049 2967 1114 3022 lesu
1129 2965 1245 3022 Domino
1274 2974 1377 3021 nostro.
1394 2986 1406 3016 s

1240 3068 1398 3110 nxrosrrro.

996 3142 1225 3216 Quandoquidem
1238 3143 1328 3215 gratia
1344 3157 1462 3215 regnare
1472 3142 1553 3197 debet
1562 3157 1612 3214 ρετ
1623 3141 1755 3212 justitiam

960 3240 1148 3289 conservatam
1163 3248 1282 3303 semper,
1302 3231 1390 3286 donec
1405 3231 1495 3287 veniat
1516 3231 1542 3285 in
1571 3231 1654 3285 vitam
1676 3238 1756 3285 aeter-

960 3336 1035 3388 nam,
1051 3338 1115 3394 erpo
1143 3321 1209 3394 qaid
1232 3322 1356 3377 dicemus
1374 3324 1385 3376 t
1402 3320 1632 3376 Permanebimus
1659 3319 1756 3373 iterum

960 3417 991 3467 ia
1005 3415 1122 3484 peccato
1129 3411 1288 3481 justificati
1300 3410 1356 3478 jam
1370 3424 1420 3478 per
1440 3408 1571 3478 gratiam,
1587 3411 1619 3461 ut
1634 3407 1757 3462 obtendet

961 3496 1064 3567 pratia,
1081 3493 1179 3548 iterum
1190 3492 1353 3547 remittendo
1368 3491 1452 3563 gratis
1466 3505 1526 3561 quae
1535 3490 1632 3543 iterum
1646 3488 1759 3558 deliqui-

961 3581 1045 3637 musi
1065 3582 1144 3636 loeta
1158 3580 1219 3647 hoc,
1236 3587 1264 3635 ut
1278 3587 1332 3633 ιετττ
1354 3593 1484 3649 perversa
1498 3575 1648 3631 intentione
1662 3592 1758 3630 rever-

961 3677 1051 3725 tamur
1064 3669 1093 3722 iu
1106 3667 1265 3739 peccatum!
1291 3667 1340 3722 llic
1354 3665 1447 3736 incipit
1460 3665 1533 3736 loqui
1547 3666 1581 3719 de
1595 3665 1695 3734 duplici
1711 3681 1757 3719 re-

962 3757 1140 3814 surrectione.
1156 3756 1247 3811 Prima
1260 3770 1313 3827 qua
1330 3754 1479 3811 secundum
1494 3753 1611 3807 animum
1624 3751 1757 3822 justifica-

117 3774 248 3827 nostrum
262 3772 357 3826 desum
373 3769 526 3835 Christum,
543 3768 598 3840 qui,
614 3775 759 3840 postquam
777 3765 912 3837 Justilica·

118 3857 156 3915 vit
168 3873 219 3929 per
233 3857 360 3932 gratiam,
376 3857 422 3913 dat
436 3856 519 3913 vitam
541 3863 680 3919 aeoerpam.
962 3863 1023 3902 mur
1036 3846 1064 3901 in
1078 3844 1250 3916 baptismate,
1272 3843 1345 3916 quod
1364 3843 1499 3914 baptisma
1518 3842 1690 3898 consecravit
1705 3858 1758 3897 uo-

962 3936 1006 3991 bis
1019 3935 1142 3991 Christus
1156 3933 1184 3988 in
1198 3942 1284 3989 morte
1300 3948 1360 4002 sua,
1376 3932 1515 3998 fundendo
1532 3947 1628 4002 aquam
1657 3930 1758 3984 remis-

438 3998 551 4055 CAPUT
574 3997 621 4052 Vl·
964 4024 1049 4080 sionis
1062 4024 1097 4079 de
1112 4022 1197 4078 latere
1211 4037 1279 4087 suo;
1295 4021 1437 4076 iusiuuaus
1448 4035 1498 4074 nos
1514 4020 1616 4074 debere
1625 4018 1758 4074 commori

158 4149 169 4174 ι
188 4123 260 4194 Quid
272 4139 340 4197 ergo
354 4123 504 4180 dicemus?
518 4120 688 4178 Habebimus
703 4121 731 4176 iu
745 4129 869 4193 peccato,
885 4128 915 4177 ut
965 4112 1016 4169 sibi
1031 4113 1059 4168 in
1073 4111 1207 4183 baptismo
1226 4119 1272 4167 :ut
1287 4109 1517 4182 quemadmodum
1531 4108 1577 4163 ille
1588 4108 1672 4162 semel
1683 4122 1759 4161 mor-

88 4208 91 4216 ‘
122 4213 235 4287 agretia
249 4211 387 4268 abundet?
402 4209 495 4267 Absit!
513 4209 567 4279 Qui
594 4210 667 4266 euim
695 4211 792 4266 mortui
822 4226 914 4266 sumus
965 4201 1076 4256 tuusad
1091 4208 1168 4256 actus
1183 4199 1283 4255 veteris
1297 4197 1415 4254 hominis
1431 4213 1485 4252 nou
1500 4203 1541 4251 est
1563 4212 1701 4259 reversus,
1719 4195 1759 4250 sic

122 4323 133 4354 ι
150 4309 273 4374 peccato,
283 4300 420 4373 quomodo
428 4299 518 4356 adhue
527 4299 649 4356 vivemus
663 4298 690 4353 in
700 4298 766 4354 illo?
780 4302 823 4354 An
837 4299 917 4370 iguo.
966 4298 992 4345 et
1006 4305 1056 4345 nos
1071 4288 1156 4345 semel
1167 4286 1304 4357 justificati
1319 4287 1347 4341 iu
1357 4286 1502 4356 baptismo,
1517 4300 1625 4340 omnum
1636 4291 1759 4339 vetusta-

121 4413 133 4440 ·
151 4389 225 4457 ratis,
241 4388 350 4454 iratres,
366 4387 431 4461 quia
450 4387 604 4460 quicunque
628 4387 756 4458 baptizati
778 4404 872 4443 sumus
887 4373 952 4443 inl)
966 4386 1021 4434 tem
1036 4377 1139 4449 peccati
1166 4376 1267 4431 ibidem
1287 4373 1500 4439 interficientes,
1529 4372 1757 4428 resurrectionem

121 4501 133 4527 ι
151 4477 259 4535 christo
271 4478 347 4547 Jesu,
362 4476 391 4531 in
404 4484 493 4532 morte
502 4476 587 4548 ipsius
596 4475 723 4547 baptizati
731 4492 835 4532 sumus,
847 4477 917 4532 con.
968 4467 1065 4523 animae
1080 4466 1128 4536 (ibi
1147 4465 1219 4521 euim
1233 4463 1379 4534 justificata
1399 4461 1526 4535 resurgit)
1550 4460 1734 4517 custodiamus
1754 4476 1759 4514 :

122 4590 133 4617 ι
151 4565 250 4638 sepulti
261 4565 332 4621 euim
339 4581 433 4620 sumus
444 4580 508 4622 curn
518 4565 565 4622 illo
572 4581 623 4636 per
631 4564 795 4635 baptismum
804 4564 832 4619 in
841 4580 915 4621 mor·
963 4555 1129 4611 ambulando
1143 4553 1171 4608 in
1185 4553 1303 4608 novitate
1318 4551 1389 4617 vitae,
1402 4550 1475 4622 quia,
1491 4549 1514 4604 si
1529 4549 1760 4605 resurrectionem

122 4677 134 4708 ι
151 4663 215 4722 ιετττ,
232 4663 262 4710 ut
275 4653 412 4726 quomodo
427 4653 550 4710 Christus
570 4652 687 4709 surrexit
702 4669 718 4708 a
732 4653 847 4708 mortuis
865 4669 916 4724 per
964 4644 1061 4699 animae
1076 4643 1102 4698 in
1114 4642 1218 4712 justitia
1242 4639 1513 4705 conservaverimus,
1532 4638 1649 4692 luturam
1664 4653 1760 4692 resur-

125 4743 268 4817 ‹qloriam
282 4741 379 4810 Patris,
395 4742 432 4796 ita
448 4749 475 4797 et
488 4756 539 4796 nos
554 4741 581 4795 in
594 4741 711 4797 novitate
739 4740 801 4798 vitm
816 4741 915 4796 ambu-
965 4733 1112 4790 rectionem
1129 4745 1276 4801 corporum
1293 4744 1355 4785 cum
1374 4727 1497 4795 Christo,
1514 4727 1541 4781 iu
1560 4726 1761 4795 incorruptione

124 4832 251 4887 «lemos.
268 4830 297 4885 Si
312 4829 385 4886 euim
403 4829 577 4901 complantati
588 4829 650 4885 lacti
679 4845 772 4884 sumus
788 4828 915 4883 similitu·
966 4821 1089 4893 prolecto
1112 4818 1284 4874 habebimus.
1307 4819 1487 4873 Revertamur
1511 4815 1547 4870 ad
1570 4814 1694 4879 litteram,
1716 4813 1762 4868 ubi

124 4919 211 4974 adini
225 4918 323 4975 mortis
338 4920 407 4990 ejus,
422 4918 502 4974 simul
517 4927 544 4974 et
571 4917 780 4973 resurrectionis
803 4916 916 4973 erimus,
967 4910 1063 4981 probat
1077 4923 1131 4964 non
1154 4907 1253 4963 debete
1278 4905 1380 4961 reverti
1407 4905 1441 4959 ad
1468 4912 1618 4974 peccatum,
1643 4902 1761 4957 dicens:

125 5030 135 5059 ι
153 5009 212 5064 Ηοε
226 5008 355 5078 scientes,
371 5007 436 5080 qula
449 5015 527 5064 vetus
540 5007 622 5062 homo
640 5014 734 5062 noster
757 5005 838 5060 simul
852 5020 918 5062 cru-
967 4999 1036 5054 Veru
1052 4996 1138 5053 semel
1148 4993 1302 5066 justificatis
1326 5009 1380 5048 non
1399 5000 1441 5048 est
1464 4993 1576 5047 ulterius
1594 5006 1762 5062 permanen-

124 5117 135 5148 ι
152 5095 249 5153 cilixus
260 5104 310 5162 est,
327 5104 356 5151 ut
369 5096 523 5152 destruatur
538 5106 639 5167 corpus
661 5093 782 5165 peccati,
798 5101 824 5149 ει
846 5093 919 5150 ultra
967 5088 1030 5142 dum
1046 5086 1073 5141 in
1088 5093 1210 5156 peccato.
1221 5084 1289 5137 Nam
1306 5098 1356 5137 nos
1379 5082 1427 5155 qut
1449 5081 1476 5136 iu
1492 5081 1627 5150 baptismo
1658 5081 1765 5135 mortui

125 5201 208 5241 «uon
224 5185 375 5240 serviamus
398 5193 521 5256 peccato.
546 5183 599 5254 Qui
620 5183 693 5239 euim
720 5190 843 5238 mortuus
866 5189 917 5248 est,
967 5192 1065 5232 sumus
1080 5176 1202 5246 peccato,
1225 5171 1253 5225 id
1276 5171 1367 5225 estad
1395 5171 1447 5225 hoc
1471 5185 1505 5224 ne
1526 5169 1598 5223 ultra
1618 5183 1765 5238 operemur

125 5297 137 5323 υ
151 5272 316 5345 justificatus
331 5280 371 5328 est
385 5288 401 5327 a
414 5280 537 5344 peccato.
554 5271 583 5326 Si
597 5279 689 5327 autern
703 5270 803 5327 mortui
826 5285 919 5325 sumus
968 5272 1109 5336 peccatum
1128 5277 1133 5315 :
1151 5259 1251 5315 mortui
1264 5260 1325 5315 dico
1341 5259 1492 5314 secundum
1513 5257 1667 5327 depositam
1685 5264 1765 5311 vetu-

124 5382 136 5413 «
153 5378 215 5418 cum
231 5362 349 5429 Christo,
366 5361 504 5416 oredimus
518 5360 581 5432 quia
605 5360 684 5415 simul
704 5359 783 5414 etiam
797 5358 920 5414 vivemus
968 5361 1067 5408 statem
1080 5350 1195 5422 peccati,
1208 5349 1355 5423 quomodo,
1367 5348 1394 5402 id
1409 5355 1450 5402 est
1466 5362 1519 5418 qua
1534 5347 1638 5400 ratione
1653 5360 1704 5398 uos
1720 5345 1766 5415 qui

124 5473 135 5500 α
153 5466 217 5507 curn
231 5449 338 5506 Christo
355 5465 362 5504 ε
377 5449 495 5505 scientes
510 5449 583 5521 quod
591 5448 713 5505 Christus
731 5462 878 5519 resurgens
887 5462 920 5501 ex
969 5441 1009 5498 sic
1028 5439 1190 5498 commortui
1216 5455 1312 5494 sumus
1324 5437 1455 5504 Christo,
1475 5434 1567 5490 adbuc
1588 5435 1723 5502 vivemus,
1739 5432 1787 5486 id·

124 5561 136 5589 s
153 5537 279 5607 mortuis,
290 5538 349 5608 jam
364 5553 419 5596 non
435 5536 560 5605 moritur,
576 5551 650 5593 mors
665 5533 704 5590 illi
718 5534 790 5591 ultra
803 5549 859 5591 uon
872 5533 922 5592 do-
969 5538 1010 5587 εει
1024 5528 1261 5602 perseverabimus
1280 5528 1312 5584 ιιι
1330 5527 1379 5584 illo
1401 5524 1538 5596 peccato?
1564 5524 1599 5579 Ει
1619 5537 1685 5580 τετε
1713 5536 1769 5576 nou
