3742 5986
95 246 100 253 ⁶
164 175 234 230 rus
600 181 629 237 s.
648 181 807 241 ancoras
824 182 937 241 nerse.
959 183 1122 243 undem.
1143 183 1230 248 uno.
1247 149 1388 252 ‘clara
1748 201 1821 255 rua

164 297 208 354 nis
221 295 330 354 babitus
347 298 375 354 in
385 298 480 358 eadem
493 301 576 360 domo
590 303 732 376 tribuatur,
741 306 830 364 donec
843 296 999 374 minutusA
1013 316 1040 366 et
1054 325 1173 380 sorores,
1189 329 1270 387 quarn
1279 314 1402 387 hospites
1424 323 1577 386 vescantur,
1594 326 1621 375 et
1648 327 1745 392 potum
1759 322 1815 379 ha·

165 383 376 458 lueritpraesans
390 398 539 446 conventus
554 391 589 448 ad
604 409 747 450 numerum
769 402 959 467 praetaxatum,
1013 399 1095 456 beant
1109 402 1249 469 eumdem3
1266 411 1379 475 excepto
1394 404 1466 476 quod
1493 404 1662 464 infirmorum
1685 410 1816 466 necessi·

165 473 218 529 nisi
231 482 344 546 propter
357 476 528 533 manifestam
539 480 638 536 domus
652 482 804 550 utilitatem,
821 491 847 539 et
862 484 914 540 hoc
929 499 962 540 ex
1012 487 1071 554 tati,
1086 496 1168 559 prout
1188 498 1369 562 opportunum
1383 491 1474 557 fuerit,
1495 492 1637 550 delicatius
1663 497 1816 568 providea-

164 561 277 632 specieli
292 561 399 619 licentia
414 564 573 622 dioecesani.
590 568 715 642 Sigillum
731 571 828 626 domus
839 571 888 627 sub
900 586 962 627 cus·
1011 581 1065 631 tur.
1079 574 1148 644 Quia
1170 593 1235 633 vcro
1259 594 1310 649 per
1338 579 1517 652 frequentiam
1537 583 1707 640 secularium
1733 586 1816 658 quies

164 648 238 705 todia
253 650 390 724 magistri,
406 653 543 724 priorissae
558 663 583 711 el
597 657 755 714 monialium
771 658 806 714 nd
820 659 873 715 hoc
887 674 961 716 com·
1012 663 1200 736 religiosorum
1215 666 1318 722 turbari
1332 666 1411 736 solet,
1426 668 1624 739 prohibuimus,
1647 687 1682 728 ne
1697 673 1749 739 vir,
1766 673 1814 730 vel

164 736 282 793 munirer
296 737 400 808 electae,
416 741 493 810 cujus
507 741 604 814 religio
618 742 707 812 luerit,
723 752 750 801 et
764 745 894 803 discretio
909 762 960 818 ap·
1011 752 1109 807 mulier
1118 752 1264 823 recipiatur
1273 754 1301 808 in
1315 754 1407 810 habitu
1422 755 1546 812 saeculari
1561 773 1664 813 moram
1684 759 1813 818 facturus

163 824 285 896 probata,
297 826 347 881 sub
366 827 435 884 clavi
461 829 559 900 triplici
581 841 747 900 reservetur,
771 849 823 890 nec
851 833 961 906 aliquod
1011 837 1039 893 in
1055 839 1137 896 domo
1152 849 1303 896 memorata
1312 881 1320 909 ,
1337 841 1390 897 nisi
1407 841 1498 898 forsan
1518 844 1708 916 hospitalitatis
1722 847 1816 921 gratia

164 912 295 983 scriptum
305 912 369 969 iude
383 914 517 988 signetur,
534 921 593 974 sinc
602 919 767 977 conscientia
783 921 863 977 totius
883 920 960 992 capi·
1011 927 1073 1000 quis
1086 927 1124 982 ibi
1136 929 1345 999 pernoctaverit.
1361 931 1428 986 ltem
1439 947 1474 986 ne
1488 932 1550 1004 quis
1564 932 1608 989 vel
1617 950 1680 1006 qua,
1692 936 1751 992 sive
1760 953 1816 993 sae·

163 998 221 1067 tuli,
238 999 283 1056 tel
296 1001 416 1072 majoris,
433 1004 477 1060 vel
491 1005 607 1063 sanioris
619 1008 705 1078 partis
729 1009 861 1078 ejusdem.
885 1008 960 1065 lied·
1010 1015 1121 1082 cularis,
1137 1016 1195 1072 sire
1208 1016 1345 1089 religiosae
1359 1016 1537 1089 professionis
1552 1020 1662 1078 aliunde
1680 1023 1809 1092 veniens,

163 1087 236 1143 ditus
246 1102 342 1147 ornnes
354 1089 484 1161 instaura,
500 1103 647 1164 proventus
662 1095 835 1169 quicumque,
845 1095 962 1170 singulis
1010 1119 1070 1160 cum
1081 1104 1139 1160 sola
1152 1103 1263 1160 moniali
1277 1105 1400 1160 solusne}
1411 1105 1469 1161 sola
1480 1105 1615 1179 loquatur,
1631 1110 1680 1166 sed
1690 1111 1811 1168 honesto

162 1174 241 1231 tuuis
254 1176 415 1249 redigantur
426 1179 454 1234 in
465 1181 606 1253 scriptum,
622 1183 694 1256 quod
707 1184 847 1254 priorissa}
860 1191 886 1240 cl
896 1184 961 1239 sub·
1010 1192 1175 1259 testimonio,
1191 1191 1246 1260 tali,
1263 1192 1335 1264 quod
1354 1192 1465 1248 sinistra
1480 1203 1570 1251 careat
1598 1197 1766 1268 suspicione,
1783 1207 1812 1256 et

160 1262 307 1334 priorissae,
324 1274 350 1321 et
365 1268 469 1323 caeteris
484 1276 601 1341 quatuor
614 1270 649 1327 da
663 1270 821 1327 melioribus
849 1280 876 1328 et
890 1287 960 1342 pru·
1010 1295 1071 1337 cum
1087 1280 1203 1346 licentia,
1223 1279 1372 1336 secuudum
1386 1282 1511 1354 regulam
1534 1285 1661 1340 suamab
1682 1285 1726 1341 his
1745 1303 1810 1359 qnae

159 1348 339 1419 dentioribus,
356 1361 443 1411 atotc
457 1357 595 1427 capitulo,
620 1357 664 1415 vel
687 1358 784 1427 maiori
799 1374 833 1415 ac
859 1358 961 1430 saniori
1009 1376 1148 1440 praesunt,
1174 1369 1293 1425 obtenta.
1336 1367 1490 1436 Praeterca,
1521 1371 1586 1443 quia
1609 1372 1758 1442 religiosis,
1786 1383 1812 1431 et

160 1445 239 1510 parte
254 1442 432 1497 communiter
454 1444 557 1512 electis,
583 1445 706 1502 tradatur
735 1446 957 1502 custodiendum.
1009 1455 1160 1529 pmsertim
1175 1456 1203 1511 in
1216 1472 1283 1512 sexu
1309 1455 1427 1523 mulieri,
1457 1457 1622 1526 discurrere,
1639 1461 1683 1517 rel
1710 1464 1809 1536 rogari

162 1525 292 1597 Missisles
309 1536 337 1584 θῑ
352 1538 545 1600 Ρΐθθῦηῑῡΐῦὸ
572 1532 679 1600 d0¹¹¹¹1⁵2
703 1539 785 1590 ¹0¹³m
815 1534 959 1604 Pssfflssiam
1008 1545 1097 1601 modis
1110 1543 1235 1600 omuibus
1246 1552 1288 1599 cst
1301 1542 1484 1602 inhonestum.
1503 1547 1693 1604 constituimus
1708 1565 1743 1606 ne
1758 1567 1808 1606 so·

159 1612 258 1669 domus
282 1614 309 1669 in
338 1616 458 1673 denariis
487 1618 531 1675 vel
559 1620 713 1689 huJusmodi
737 1638 769 1677 ex
796 1636 959 1693 quacunque
1010 1631 1066 1682 ror,
1082 1614 1126 1671 Vel
1144 1613 1279 1680 m⁰1¹3³lisr
1295 1614 1369 1685 ΨΜ
1396 1615 1538 1687 &lindiam
1565 1625 1696 1685 ῐῡθῑθῐΰῐι
1721 1636 1809 1676 081158

160 1715 243 1757 causa
256 1702 349 1758 domui
363 1721 420 1761 suae
433 1706 638 1777 provenientem
657 1724 719 1764 cum
733 1724 826 1764 coram
855 1708 958 1764 eisdem
1007 1702 1230 1758 nutrimentorum
1246 1701 1413 1769 animalium,
1428 1703 1472 1757 rel
1487 1703 1579 1774 aliqua
1593 1705 1713 1777 qualibet
1727 1723 1809 1764 occa·

161 1804 210 1844 ccx
223 1800 365 1847 numerata
375 1792 466 1861 fuerit,
487 1795 537 1850 sub
562 1795 652 1869 sigillo
674 1796 796 1867 magistri
822 1796 957 1868 signatum
1007 1791 1097 1846 sione.
1116 1789 1246 1845 Monialcs
1261 1789 1343 1845 edam
1357 1790 1576 1886 causa-visitandi
1592 1792 1744 1864 proximos,
1761 1802 1810 1851 aut

158 1875 225 1947 ipsis
235 1879 352 1946 tradent,
364 1896 445 1953 quam
460 1883 563 1938 caedem
578 1883 613 1939 ad
628 1883 738 1955 negotia
752 1884 849 1939 domus
874 1900 957 1956 expe·
1006 1886 1143 1949 parentes,
1159 1877 1312 1933 nullatenus
1326 1884 1401 1932 extra
1411 1884 1559 1947 mittantur,
1580 1896 1613 1935 ex
1626 1895 1721 1936 earum
1747 1882 1808 1938 sola

159 1963 271 2033 diendo,
289 1967 395 2039 quoties
422 1984 537 2026 necesse
561 1969 651 2041 luerit,
680 1979 707 2027 et
736 1980 864 2044 quantum
887 1987 957 2043 opus
1007 1967 1143 2023 voluntate
1159 1965 1201 2022 vel
1220 1964 1274 2020 leri
1289 1963 1410 2037 quelibet
1438 1966 1594 2029 occasione,
1622 1984 1675 2024 nec
1693 1970 1807 2026 tandem

157 2050 249 2120 fuerit,
265 2055 315 2109 sub
329 2054 403 2112 fideli
418 2057 583 2127 testimonio,
599 2066 655 2114 tarn
666 2059 788 2131 magistri
797 2075 880 2132 quam
889 2059 957 2115 alio-
1006 2053 1168 2122 ullomodo,
1185 2053 1243 2108 sine
1251 2051 1376 2127 magistri
1385 2059 1411 2107 et
1419 2052 1555 2125 priorissae
1563 2053 1671 2110 licentia
1679 2057 1806 2127 speciali,

159 2156 219 2196 rum
234 2141 292 2198 sine
307 2142 463 2201 difficultate
477 2144 640 2216 liberabunt,
656 2155 683 2203 ct
711 2147 850 2203 residuum
866 2146 956 2221 sigillo
1007 2150 1033 2198 et
1047 2141 1174 2208 maxima.
1191 2156 1224 2197 ³0
1238 2142 1348 2212 cognita
1363 2143 1538 2200 necessitate·
1559 2141 1629 2211 Quia
1652 2143 1809 2202 Si¹¹¹⁰⁰i⁸⁰⁸

158 2228 280 2302 magistri
296 2231 432 2302 signatum
446 2233 545 2290 iterato
560 2243 703 2304 reponent.
728 2234 850 2307 Singulis
866 2243 955 2290 autem
1006 2229 1123 2301 pravitas
1137 2230 1231 2300 plures
1245 2229 1271 2284 in
1287 2245 1395 2286 errores
1410 2239 1437 2286 ct
1450 2230 1589 2284 interitum
1603 2230 1724 2301 adduxit,
1743 2233 1806 2288 aui-

157 2317 299 2374 mensibus
313 2319 417 2375 eaedem
432 2336 480 2376 sex
489 2330 644 2392 compotum
668 2322 779 2378 audient
797 2322 832 2378 de
847 2321 955 2393 simpli·
1005 2333 1110 2373 marum
1126 2315 1205 2371 saluti
1214 2317 1359 2387 providere
1371 2317 1504 2383 volentes,
1516 2317 1637 2373 districte
1655 2320 1805 2389 prohibui·

157 2405 234 2462 cibus
248 2406 368 2476 ejusdem
381 2408 479 2466 domus
492 2409 629 2481 expensis.
639 2410 809 2482 thuoniem
819 2409 955 2466 abdicatio
1005 2420 1077 2476 mus,
1092 2420 1128 2460 nc
1141 2404 1184 2460 rir
1197 2405 1242 2459 rel
1254 2405 1360 2473 mulier,
1376 2421 1428 2476 pro
1441 2405 1559 2476 pecunia
1573 2405 1616 2461 rel
1626 2421 1657 2460 re
1682 2407 1806 2478 qualibet

156 2494 331 2566 proprietatis
345 2496 507 2566 professioni
514 2497 707 2569 religiosorum
718 2506 759 2554 cst
773 2513 889 2564 annexa,
908 2497 954 2552 tir-
1004 2492 1148 2564 temporali
1159 2491 1304 2562 recipiatur
1321 2508 1441 2565 unquam
1465 2492 1566 2547 ibidem
1590 2509 1624 2548 ex
1645 2502 1738 2564 pacto.
1752 2495 1809 2551 Sub

156 2581 237 2638 miter
250 2582 426 2650 inhibuimus,
437 2601 472 2641 ne
482 2601 545 2657 qua,
559 2586 603 2642 rel
618 2586 679 2657 quis
693 2586 721 2640 in
735 2587 832 2642 eadem
860 2586 952 2652 domo,
1004 2579 1183 2638 anathematis
1197 2580 1417 2636 interminatione
1431 2579 1620 2651 precipientes
1645 2583 1721 2652 quod
1743 2598 1805 2639 om-

156 2674 219 2740 post
232 2678 389 2741 susceptum
408 2672 550 2743 religionis
564 2673 685 2729 habitum
696 2673 799 2745 aliquid
814 2673 953 2745 proprium
1003 2670 1047 2725 nia
1062 2667 1245 2740 praetermissa
1270 2667 1415 2723 salubriter
1442 2684 1459 2723 a
1486 2668 1565 2724 uobis
1592 2669 1739 2726 constituta
1756 2669 1806 2726 lir-

158 2757 260 2813 babere
278 2766 434 2829 praesumat,
455 2760 504 2816 sed
524 2760 578 2816 sint
604 2761 645 2817 eis
671 2762 764 2817 omnia
787 2760 951 2819 communia.
1002 2758 1083 2813 miter
1098 2757 1133 2812 ab
1147 2756 1274 2812 omnibus
1301 2755 1439 2828 utriusque
1460 2756 1581 2811 sexusiu
1596 2757 1692 2813 cadem
1721 2759 1806 2816 domo

156 2843 261 2901 Eodem
276 2845 356 2901 etiam
374 2862 455 2918 pana,
472 2855 526 2903 tarn
541 2848 682 2916 moniales,
698 2848 841 2922 capellani,
857 2848 953 2905 iratres
1003 2853 1145 2902 serventur
1159 2844 1187 2899 in
1204 2852 1375 2916 perpetuum.

652 3188 897 3322 ΒΕΔΤΙ
945 3183 1307 3319 ΗΗΘΟΝΙὸ

789 3441 1155 3557 btttrottltt.

539 3826 559 3881 l.
667 3834 673 3849 ·
968 3819 1141 3886 Gtocabulis
1155 3819 1310 3876 censuimus
1324 3827 1465 3876 annotare.
1482 3820 1615 3890 lnspactis
1626 3819 1713 3892 igitur
1723 3821 1804 3876 char-

1001 3909 1047 3977 tis,
1063 3924 1132 3981 quas
1145 3908 1245 3964 habent
1259 3907 1383 3979 praedicti
1405 3907 1503 3963 iratres
1517 3923 1550 3963 ex
1565 3907 1637 3962 dono
1650 3907 1732 3963 bonae
1747 3923 1807 3964 me·

1002 3997 1097 4054 morire
1120 3994 1227 4052 comitis
1240 3994 1276 4051 de
1298 3995 1469 4067 Legircestre
1494 3994 1604 4051 Roberti
1625 3995 1753 4063 senioris,
1779 4004 1806 4051 et

506 4070 600 4109 mam·
1001 4083 1050 4140 titii
1064 4084 1123 4152 ejus
1137 4083 1243 4140 comitis
1259 4083 1292 4138 dc
1307 4083 1490 4154 Legrecestre,
1508 4081 1619 4139 liuberti
1633 4081 1741 4138 scilicet
1756 4083 1804 4153 ju·

187 4155 925 4230 (decoctio.Ang.,tom.lll‚p.8l,edit.16733tom.l,
1003 4169 1099 4229 nior-is,

412 4263 442 4317 P·
457 4247 501 4316 ⁸⁴2
519 4247 584 4302 edii·
602 4247 694 4319 ¹⁶⁸²)
1038 4266 1413 4341 Imprimisratamhabemus
1435 4273 1463 4322 et
1480 4263 1674 4323 confirmamus
1703 4266 1802 4322 sunda-

193 4353 333 4410 Universis
347 4354 446 4411 Christi
462 4354 587 4413 fidelibus
601 4358 635 4413 ad
651 4372 719 4430 quos
731 4373 852 4429 praesens
867 4357 952 4428 scrip·
1002 4358 1105 4414 tionem
1119 4355 1250 4412 Ecclesia
1273 4354 1365 4411 Sancti
1392 4354 1503 4410 loannis
1530 4353 1644 4424 apostoli
1667 4362 1695 4409 at
1712 4370 1801 4409 eran-

155 4448 214 4496 tum
226 4443 391 4513 pervenerit,
408 4445 499 4509 lluoo,
516 4446 565 4501 Dei
580 4446 668 4517 gratia
683 4445 880 4502 lincolniensis
891 4444 951 4515 epi·
1002 4446 1107 4519 gelistae
1121 4443 1262 4516 hospitalis
1276 4443 1311 4498 de
1326 4441 1475 4513 Brakeley,
1485 4441 1642 4497 eteamdem
1656 4441 1803 4498 ecclesiam

157 4544 256 4600 scopus
271 4530 385 4586 salutem
402 4531 429 4585 in
443 4533 568 4588 Domino.
1002 4549 1063 4590 cum
1079 4531 1175 4587 eodem
1190 4529 1327 4602 hospitali,
1352 4530 1421 4586 sicut
1441 4530 1470 4584 in
1491 4529 1592 4585 chartis
1612 4529 1804 4600 praedictorum

192 4615 328 4685 Quoniam
347 4634 378 4674 ea
400 4635 461 4690 quae
484 4620 520 4674 ad
548 4619 772 4675 sustentationem
800 4634 951 4691 pauperum
1001 4629 1188 4691 patronorum,
1204 4634 1272 4690 quas
1295 4617 1421 4686 vidimus,
1441 4616 1628 4687 exprimuntur
1646 4615 1764 4671 liberam
1779 4624 1806 4672 et

156 4704 256 4761 Christi
265 4706 358 4762 divino
386 4705 514 4763 instinctu
538 4707 636 4764 collata
657 4717 719 4763 sunt
746 4708 887 4773 beneficia,
917 4724 951 4764 ne
1002 4707 1122 4779 quietam
1137 4707 1172 4760 ab
1189 4705 1262 4761 omni
1283 4704 1449 4774 subjectione
1473 4719 1534 4760 esse
1555 4703 1712 4758 statuimus.
1728 4704 1805 4760 Salo·

155 4792 363 4865 malignantium
380 4794 486 4865 possint
500 4795 630 4850 retentari
645 4795 833 4867 perversitate,
846 4796 951 4867 episco·
1002 4795 1075 4850 moni
1090 4809 1155 4850 tero
1169 4792 1292 4864 praedicti
1306 4791 1449 4863 hospitalis
1464 4790 1606 4889 magistro,
1623 4798 1649 4845 et
1662 4806 1804 4891 successo

155 4880 226 4951 palis
240 4881 407 4938 auctoritatis
420 4879 548 4955 suffragio
563 4890 687 4939 tenemur
714 4884 892 4942 communire.
909 4884 951 4939 Ad
1002 4882 1078 4938 ribus
1090 4882 1148 4951 ejus
1164 4888 1191 4936 et
1205 4879 1334 4935 iratribus
1348 4878 1376 4934 iu
1390 4879 1449 4949 ipso
1466 4878 1594 4949 bospitab
1610 4887 1804 4934 commoranti·

156 4962 339 5019 universitatis
366 4972 464 5020 vestrm
496 4965 619 5021 notitiam
646 4966 771 5023 volumus
794 4966 949 5038 pervenire,
1002 4970 1053 5025 bus
1069 4970 1103 5024 ad
1118 4968 1262 5025 sacerdotii
1276 4967 1393 5041 gradum
1408 4966 1543 5037 provectis
1570 4966 1761 5034 concedimus,
1777 4974 1805 5022 ut

160 3962 266 4020 Charta
278 3963 448 4020 donatorum
461 3966 651 4024 concessiones
662 3967 789 4023 recitem
806 3970 834 4023 et
851 3964 952 4034 confir-

155 5063 206 5104 nos
217 5057 277 5104 rata
289 5050 351 5106 huic
362 5058 388 5105 et
401 5052 531 5122 praesenti
546 5053 646 5124 scripto
665 5052 826 5110 confirmare
853 5053 910 5108 Deo
925 5060 952 5109 et
1002 5059 1037 5114 cd
1052 5060 1184 5115 honorem
1200 5056 1260 5123 Dei,
1276 5063 1301 5111 et
1315 5070 1367 5127 pro
1380 5053 1467 5110 salute
1489 5052 1675 5120 fundatorum,
1700 5061 1728 5110 et
1742 5069 1804 5110 om·

154 5136 288 5193 Ecclesiae
303 5137 331 5193 S.
347 5139 458 5194 Joannis
472 5141 656 5214 Evangelistae
679 5141 821 5213 hospitalis
836 5141 871 5197 de
885 5143 950 5195 Bra·
966 5144 1076 5225 Dnium
1093 5144 1212 5201 fidelium
1227 5143 1321 5201 diviua
1331 5143 1360 5199 in
1373 5143 1434 5215 ipsa
1453 5141 1555 5214 capeha
1569 5141 1710 5199 celebrent
1725 5158 1803 5214 mys·

156 5224 245 5296 lelcy,
257 5232 284 5280 ct
298 5223 424 5281 iratribus
434 5227 535 5283 ibidem
549 5229 608 5284 Deo
622 5227 953 5294 servientibus,benelicia
1003 5232 1095 5298 teria;
1123 5233 1159 5286 ita
1180 5239 1270 5288 tamen
1294 5231 1369 5303 quod
1396 5228 1546 5303 parochiali
1573 5228 1691 5285 ecclesia
1714 5230 1807 5304 aliquo

156 5313 248 5369 omnia
264 5328 324 5383 quaa
340 5312 379 5369 eis
392 5314 517 5370 aCbristi
532 5315 658 5371 fidelibus
673 5315 773 5372 fuerint
801 5316 893 5372 diviua
907 5316 952 5372 in·
1003 5335 1070 5377 casu
1083 5327 1206 5388 vacante,
1223 5318 1303 5375 licem
1316 5317 1453 5390 praedictis
1468 5315 1602 5386 fratribus,
1614 5316 1737 5373 exclusis
1753 5335 1804 5375 ex·

155 5401 255 5457 stinctu
270 5400 376 5469 collata,
393 5409 522 5458 eteorum
533 5404 627 5458 usibus
641 5404 780 5475 deputata,
792 5404 827 5460 de
842 5405 951 5477 quibus,
1004 5406 1209 5464 communicatis
1222 5414 1248 5462 et
1267 5405 1427 5471 interdictis,
1457 5404 1594 5460 submissa
1619 5418 1689 5461 voce
1714 5406 1810 5462 divina

157 5495 183 5544 ut
199 5488 234 5543 ad
248 5488 368 5544 omnium
383 5489 505 5546 notitiam
526 5491 630 5562 possint
657 5492 809 5562 pertenire,
834 5494 953 5566 propriis
1003 5494 1092 5551 officia
1107 5494 1266 5561 celebrare,
1287 5491 1434 5550 venerabili
1448 5499 1523 5563 patre
1549 5499 1577 5548 et
1593 5491 1707 5548 domino
1730 5494 1811 5551 beata
