3742 5986
185 189 234 246 sn
407 185 410 191 ’
460 192 492 250 ε.
515 193 691 252 nnunoms
709 191 1035 250 cmruusmnoaun
1052 191 1297 250 msmrmoms
1315 192 1392 250 om.
1413 192 1501 252 raas
1519 194 1554 250 ιι.
1759 178 1762 185 ’
1781 196 1830 253 ara

186 316 342 385 exorabilis,
351 318 493 390 deprecor,
506 335 603 390 sapere
614 326 744 391 utrasque
754 318 889 390 idipsam,
901 316 929 372 id
939 323 981 373 est
993 316 1119 379 Alleum
1133 317 1277 378 innotescit
1291 316 1395 389 petitio,
1412 318 1437 373 si
1451 318 1496 390 qni
1510 317 1576 389 petit
1588 318 1678 388 justus
1692 325 1752 385 est,
1768 325 1795 374 ει
1809 317 1831 372 si

187 404 320 460 unitatem
333 404 408 461 fidei.
425 405 617 477 ldipsumdico
632 423 687 462 non
702 407 730 461 in
738 406 810 479 lege,
824 406 872 462 sed
887 407 919 461 in
928 407 985 462 Dc·
1035 405 1108 477 quod
1120 405 1200 477 petit,
1216 405 1345 462 idoneum
1361 415 1412 462 est.
1431 406 1578 464 Petiliones
1592 407 1720 463 dicuntur
1735 406 1770 463 de
1784 422 1829 462 re-

188 492 276 549 mino.
292 494 341 551 Har
354 494 416 549 duae
429 502 561 551 matronae
576 502 664 563 erant,
683 510 744 567 quae
765 493 987 549 ministraverant
1035 492 1086 548 bus
1101 510 1162 565 quae
1175 494 1257 549 modo
1272 502 1431 565 opportunae
1441 500 1517 562 sunt,
1541 496 1624 551 modo
1639 503 1788 561 transeunt,
1803 503 1830 549 nt

187 582 319 653 Apostolo
334 589 361 638 et
375 581 517 654 discipulis
532 584 560 638 in
573 584 788 654 pradicatione;
805 582 854 638 sed
867 598 918 653 per
927 598 986 636 mu·
1034 581 1127 653 pluvia
1142 582 1169 636 in
1193 582 1329 648 siccitate,
1355 591 1438 639 aestus
1452 583 1480 638 iu
1494 599 1595 641 messe.
1611 582 1690 653 Quod
1704 599 1738 639 ex
1754 582 1829 639 vobis

186 669 300 726 liebrem
311 671 449 727 levitatem
463 671 537 743 quod
552 671 671 728 fecerant
692 671 838 742 apostolo,
855 670 929 726 idem
944 669 986 726 ia·
1035 670 1159 740 potestis,
1176 670 1267 738 tacite,
1283 679 1309 726 et
1325 671 1353 726 in
1368 688 1423 742 quo
1435 687 1485 727 vos
1507 670 1623 728 deficitis
1638 672 1713 727 Deus
1729 687 1763 727 ex
1776 671 1832 743 pie·

188 758 295 815 ciebant
310 758 363 815 illis
377 760 491 830 pseudo,
509 768 635 831 putantes
650 774 680 815 se
694 759 764 816 bene
787 775 882 831 agere,
899 767 926 815 ει
940 775 987 814 su·
1036 765 1090 813 ιιιε
1106 757 1239 829 suppleat.
1256 757 1336 828 Quod
1360 759 1399 815 sic
1426 759 1462 814 ιιι
1477 777 1483 815 :
1500 762 1562 817 Pon
1576 761 1637 826 Dei,
1661 759 1745 816 idest
1760 759 1832 815 Deus

187 863 239 918 per
265 848 318 903 lroc
346 848 545 921 redarguuntur
559 863 576 904 ι
591 848 686 903 Ριιιο.
710 850 781 921 Rogo
811 849 900 904 etiam
914 851 952 914 te,
969 863 986 902 o
1034 845 1120 917 pacis,
1131 853 1157 901 ει
1172 861 1292 920 oongme
1303 845 1424 904 2⁷0
1436 848 1638 920 (quiapugnam
1647 847 1831 919 patiebantur)

189 935 335 1002 Germane,
353 936 399 1007 qui
408 936 473 991 mihi
484 952 639 1009 compares
654 936 883 1008 inprndimrione
893 936 986 991 Euan·
1035 934 1157 989 nominat
1179 933 1224 991 hic
1250 936 1337 990 Deum
1359 935 1436 1007 pacis
1452 953 1459 991 :
1474 952 1551 1009 pon,
1568 936 1693 1007 inquam,
1708 937 1759 992 Dei
1773 953 1832 1010 que

187 1023 262 1097 gelli,
278 1023 382 1094 adjuvo
396 1025 463 1080 illas
483 1024 619 1092 docendo,
646 1040 681 1080 ιε
697 1023 736 1080 sic
760 1030 851 1080 errent
863 1023 984 1090 ulterius,
1035 1023 1834 1096 essuperetomnemsensnm:intellectusenimbominis

187 1111 226 1181 (et
240 1110 353 1183 dignum
368 1112 432 1183 est,)
447 1112 510 1185 quia
524 1128 585 1186 quoe
608 1111 808 1168 laboraverant
831 1128 940 1168 mecam
954 1115 986 1168 in
1036 1123 1097 1164 eam
1112 1125 1212 1182 capere
1227 1128 1281 1168 non
1292 1111 1403 1178 sufficit;
1414 1129 1477 1184 pax,
1486 1112 1607 1185 inquam,
1620 1115 1679 1169 baec
1693 1113 1835 1169 custodiet

186 1199 348 1273 Evangelio,
365 1199 399 1254 de
414 1198 471 1255 suis
484 1199 551 1255 mihi
564 1199 761 1268 ministrand03
777 1216 837 1272 quae
851 1199 986 1256 etiamla-
1036 1198 1128 1265 eorde,
1145 1197 1173 1253 id
1189 1207 1231 1254 εει
1248 1199 1403 1256 voluntates
1417 1208 1539 1267 vestras,
1569 1203 1598 1257 et
1625 1201 1835 1271 intelligentias

188 1286 355 1344 boraveruut
382 1304 449 1343 cam
475 1289 618 1345 Clemente
632 1292 662 1346 et
676 1289 788 1345 caeteris
811 1289 987 1347 adiutoribus
1035 1288 1184 1343 vestraein
1196 1287 1306 1346 Christo
1316 1290 1391 1355 lesu,
1408 1288 1454 1361 qui
1467 1287 1551 1345 totius
1565 1288 1630 1344 boni
1643 1288 1769 1345 custodia
1783 1295 1833 1344 εει.

188 1377 268 1444 meir,
285 1375 411 1431 similiter
426 1375 615 1432 ministrando.
630 1377 766 1444 Nomina,
780 1376 807 1431 id
823 1384 864 1432 est
878 1376 985 1444 merita,
1036 1373 1152 1443 Quidam
1166 1375 1240 1430 idem
1254 1375 1418 1450 intelligunt,
1433 1376 1483 1433 sed
1498 1391 1552 1432 non
1569 1375 1642 1432 idem
1650 1376 1754 1433 volunt.
1771 1375 1836 1445 Qui-

189 1480 318 1537 qaornm,
330 1479 381 1535 per
402 1480 463 1535 quas
480 1479 573 1520 coram
591 1465 649 1521 Deo
665 1464 844 1520 nominabiles
851 1472 923 1530 ειιι,
933 1481 986 1520 no·
1036 1462 1098 1518 dam
1113 1462 1185 1518 idem
1200 1463 1304 1532 volunt,
1321 1463 1367 1537 qui
1382 1472 1473 1521 tamen
1486 1464 1560 1520 idem
1588 1480 1645 1520 non
1668 1463 1833 1538 intelligunt.

187 1551 270 1616 ιιιιι,
283 1551 482 1623 inquam,sant
490 1554 522 1610 in
533 1552 602 1610 libro
613 1554 687 1609 vitae.
695 1552 775 1609 Liber
783 1553 846 1609 rinc
857 1569 936 1609 mens
946 1552 988 1608 di·
1071 1551 1113 1606 De
1126 1551 1274 1622 praeteritis
1285 1552 1325 1609 sic
1335 1568 1385 1608 vos
1396 1551 1509 1608 instruxi
1522 1571 1530 1621 3
1546 1552 1578 1610 de
1588 1557 1701 1621 caetero,
1710 1552 1739 1609 id
1752 1561 1794 1609 est
1801 1553 1835 1609 de

186 1639 249 1696 vina
260 1639 369 1707 dicitur,
380 1639 409 1694 in
416 1655 470 1711 qua
480 1639 545 1696 boni
554 1641 590 1696 ab
604 1649 708 1697 aeterno
720 1641 878 1698 memoriter
892 1640 986 1712 scripti
1000 1637 1137 1730 Blntnro,
1149 1642 1267 1710 fratres,
1279 1642 1400 1714 cogitate
1411 1657 1584 1714 qaaeeanqne
1598 1645 1753 1708 santcero,
1763 1658 1836 1715 qaue·

188 1735 260 1783 sunt.
270 1728 320 1784 llic
331 1726 485 1784 Germanus
495 1735 553 1784 erat
562 1728 702 1799 coadjutor
712 1729 787 1784 Pauli
796 1729 825 1784 ιι
848 1729 986 1801 predica·
1036 1744 1148 1801 cunque
1163 1729 1275 1802 pudico.
1284 1729 1349 1786 Haec
1358 1729 1496 1800 damnem
1509 1737 1535 1787 et
1545 1731 1659 1803 pudica,
1671 1730 1746 1787 eirca
1755 1728 1835 1786 fidem

188 1816 271 1873 tione.
283 1817 340 1872 llus
358 1831 491 1888 personas
505 1817 658 1874 cunemine
669 1816 708 1873 sic
718 1817 862 1885 admoneo,
874 1817 902 1872 in
912 1833 987 1874 ecm-
1036 1816 1215 1887 accipiuntur,
1241 1832 1358 1889 quorum
1387 1817 1503 1874 alterum
1531 1818 1590 1876 sine
1606 1818 1693 1875 altero
1707 1818 1771 1875 licet
1785 1834 1836 1875 ne·

186 1922 269 1962 mune
279 1913 369 1962 autem
380 1906 432 1962 boc
443 1906 573 1977 praecipio
587 1921 594 1960 τ
608 1907 796 1963 Gaudetenon
808 1906 836 1961 ιι
846 1906 919 1978 lege,
930 1920 985 1962 non
1036 1912 1118 1976 queat
1133 1921 1195 1961 esse
1212 1905 1240 1960 in
1255 1905 1319 1962 fide.
1337 1905 1365 1962 Si
1381 1907 1452 1961 enirn
1468 1905 1569 1963 recitas
1585 1913 1627 1963 εει
1639 1904 1733 1963 infide
1744 1914 1771 1963 et
1784 1923 1836 1978 pu·

187 1994 387 2061 incamalibus,
400 1993 989 2067 sedinnomine(sicuradmouuiinprinai-
1036 1992 1211 2066 dicitia,quia
1227 1993 1250 2049 si
1275 1993 1343 2049 falsa
1363 1993 1432 2051 fides
1447 2001 1497 2062 est,
1529 2003 1571 2051 εει
1598 1994 1679 2051 etiam
1699 1994 1835 2065 adultera,

186 2083 255 2155 pio);
268 2096 320 2139 nec
330 2081 365 2138 ad
375 2083 481 2149 horam,
495 2082 544 2139 sed
556 2098 667 2158 semper
680 2082 800 2153 pendete
815 2085 846 2138 in
858 2085 986 2150 Domino,
1020 2133 1022 2137 .
1036 2089 1127 2137 tamen
1141 2097 1196 2137 non
1210 2090 1273 2138 sunt
1288 2082 1434 2154 superflua,
1452 2082 1516 2155 quia
1530 2099 1628 2143 rerum
1646 2091 1673 2139 et
1695 2082 1835 2155 pudicum,

191 2178 219 2227 ει
234 2172 340 2227 iterum
357 2169 430 2226 idem
442 2168 502 2228 dico
514 2189 523 2226 :
534 2170 657 2227 Gaudete
667 2170 695 2225 in
709 2171 838 2226 Domino.
858 2170 885 2226 Si
901 2169 987 2226 semel
1037 2169 1163 2226 diversas
1178 2169 1273 2226 laudes
1287 2171 1397 2245 signant
1410 2169 1510 2228 infide.
1524 2170 1751 2243 Cogitateetiam,
1762 2188 1836 2245 qnes-

189 2259 292 2315 diceret
303 2258 496 2332 gaudete,non
506 2258 645 2315 videretur
660 2260 713 2315 boc
722 2259 793 2315 relle
802 2275 882 2330 quam
892 2259 986 2327 aliud;
1038 2274 1149 2330 cunque
1157 2259 1249 2330 jacta
1265 2259 1301 2315 ad
1320 2259 1484 2331 proximum,
1498 2275 1672 2334 qaoeennqatc
1693 2263 1796 2317 sancta
1810 2259 1838 2314 in

189 2347 238 2403 sed
251 2347 379 2420 quiahoc
395 2346 486 2420 magis
512 2347 628 2403 suadere
650 2346 774 2413 intendit,
790 2363 928 2419 nunqnam
943 2363 988 2403 nr·
1037 2345 1125 2412 vobis,
1144 2362 1322 2420 quecunque
1345 2348 1426 2402 etiam
1440 2356 1503 2403 sunt
1529 2347 1675 2414 notabilia,
1686 2346 1718 2404 id
1732 2351 1775 2406 est
1787 2361 1837 2418 pro

189 2435 242 2491 mis
257 2434 410 2506 dicitquod
425 2450 564 2507 nunquam
586 2433 669 2505 nimis
682 2434 721 2491 fit.
749 2435 788 2491 lta
812 2444 903 2492 autem
917 2450 987 2508 gan·
1038 2434 1248 2507 quibuscunque
1274 2442 1383 2491 amatur
1398 2435 1495 2510 religio
1509 2443 1607 2505 vestra,
1623 2442 1650 2492 et
1665 2450 1838 2509 quecunque

189 2523 252 2583 dete
267 2523 295 2580 in
309 2522 427 2580 Domino
438 2530 467 2579 ut
476 2523 614 2581 modestia
628 2527 722 2580 oestro
731 2526 801 2579 note
810 2524 849 2579 sit
858 2522 988 2581 omnibns
1038 2531 1101 2578 ειιι
1123 2523 1200 2580 bonos
1219 2526 1316 2595 fornia,
1327 2523 1356 2579 id
1371 2532 1412 2580 est
1436 2524 1472 2580 de
1492 2523 1699 2597 quibuscunque
1713 2525 1787 2580 bona
1799 2523 1839 2580 lo

190 2611 361 2679 inminibus,
373 2612 408 2667 ad
415 2611 650 2684 exemplumboni.
662 2611 824 2669 llodestiam
834 2610 900 2667 dicit
910 2610 990 2683 quasi
1039 2618 1158 2683 quantur
1169 2610 1305 2667 homines.
1317 2612 1358 2668 lta
1368 2620 1460 2668 tamen
1475 2612 1537 2669 dico
1556 2612 1726 2672 bonafama
1743 2614 1769 2668 si
1784 2629 1839 2687 quo

189 2715 357 2768 mensuram,
368 2708 398 2755 ut
408 2699 448 2756 sic
464 2699 613 2756 mensurati
630 2699 694 2768 sint,
709 2699 828 2756 neultra
844 2699 989 2762 Dominum
1039 2701 1131 2756 virtus
1142 2699 1219 2755 estin
1230 2700 1279 2756 eis.
1290 2699 1489 2757 Velslnonest
1499 2708 1570 2757 tanta
1580 2701 1675 2768 virtus,
1689 2701 1724 2756 ειι
1737 2699 1775 2756 ibi
1785 2699 1838 2757 sal-

191 2787 323 2861 gaudium
346 2796 485 2859 quaerant,
510 2803 562 2844 nec
587 2788 658 2844 infra
676 2788 796 2860 gaudere
814 2795 989 2860 presumant.
1039 2788 1461 2863 temntiqaolonadisciplinoe,·
1474 2787 1655 2846 sufficitenim
1665 2789 1838 2847 solummodo

191 2878 268 2935 Ultra
286 2876 433 2933 Dominum
452 2875 583 2949 gaudium
607 2876 715 2949 quaerit,
730 2877 775 2949 qui
794 2875 858 2933 fidei
867 2876 991 2950 adjungit
1040 2875 1350 2947 disciplinaChristiana,
1361 2884 1390 2933 ut
1400 2886 1530 2950 appareat
1537 2877 1690 2934 laudabilis.
1700 2878 1836 2950 Cogitate,

190 2964 401 3023 camalialnlra
418 2964 549 3034 subsistit,
561 2965 646 3037 quiin
662 2965 781 3036 propriis
795 2964 899 3022 viribus
919 2981 988 3038 gau·
1039 2965 1159 3036 inquam,
1172 2965 1230 3021 ltcec
1241 2965 1413 3038 omniaque
1423 2970 1451 3023 et
1465 2967 1692 3031 didicistirarne,
1710 2970 1739 3023 et
1749 2967 1838 3023 etiam

191 3055 266 3111 dium
279 3055 386 3129 querit.
1004 3026 1211 3126 Goraepnttsa
1225 3069 1289 3121 me;
1306 3062 1333 3110 et
1347 3061 1425 3127 turpe
1440 3062 1483 3111 εει
1495 3062 1524 3110 ιι
1538 3055 1672 3112 deseratis
1690 3071 1753 3128 qum
1767 3055 1837 3112 bene

227 3143 358 3201 Dicerent
367 3141 407 3198 illi
422 3159 429 3197 :
445 3143 549 3199 Bonum
564 3149 637 3199 esset
650 3142 684 3197 ad
698 3141 802 3199 cultum
817 3141 868 3198 Dei
897 3140 987 3215 legem
1037 3141 1197 3213 incoepistis,
1214 3158 1276 3215 qaoe
1289 3145 1378 3200 etiem
1392 3144 1514 3200 ειιιειιε
1527 3159 1586 3200 esce
1611 3144 1643 3200 in
1656 3161 1712 3212 me,
1727 3147 1758 3201 ει
1774 3159 1836 3200 cum

191 3233 342 3305 aeliungere
357 3229 431 3287 fidei.
446 3230 489 3287 fid
502 3231 556 3287 hoc
567 3230 669 3287 Paulus
686 3248 692 3286 :
709 3230 755 3288 Sic
764 3238 849 3287 estote
859 3230 988 3297 modesti,
1038 3230 1110 3305 apud
1124 3246 1174 3286 vos
1188 3247 1278 3287 essem
1293 3231 1405 3288 vidistis
1413 3234 1446 3288 in
1456 3247 1510 3289 me.
1528 3233 1591 3289 lices
1610 3247 1666 3288 non
1680 3232 1772 3289 solum
1788 3247 1837 3290 co·

193 3323 259 3394 qaia
272 3321 409 3378 Dominus
424 3335 510 3393 prope
524 3323 577 3388 est,
587 3319 616 3375 id
629 3327 672 3376 est
683 3327 794 3391 paratus
819 3335 929 3392 semper
948 3324 990 3375 εει
1038 3319 1131 3392 gitate,
1143 3319 1192 3375 sed
1203 3318 1377 3391 etiamcpite,
1389 3324 1419 3377 ει
1429 3328 1492 3377 tunc
1504 3322 1576 3378 Deua
1582 3321 1663 3394 pacis
1672 3322 1837 3394 eritcoope·

193 3408 317 3465 auxiliari
333 3408 476 3465 modestis.
492 3408 646 3465 lterumilli
663 3426 670 3463 :
687 3409 715 3466 Si
733 3416 889 3465 teneremus
903 3406 989 3463 disci-
1039 3408 1123 3462 rando
1137 3407 1287 3465 vobiscum.
1307 3407 1351 3464 Sic
1376 3423 1425 3465 vos
1455 3408 1491 3464 de
1517 3407 1615 3464 futuris
1639 3408 1790 3477 admoneo,
1804 3409 1839 3466 de

189 3498 293 3571 plinam
307 3496 391 3571 legis,
411 3496 445 3554 ad
460 3496 653 3571 corrigendum
668 3496 803 3570 inquietos
818 3504 892 3553 esset
906 3494 988 3551 utilis.
1039 3495 1282 3568 praeteritisautem
1291 3497 1402 3568 penisos
1412 3512 1475 3554 snm
1484 3497 1836 3562 celenrenterinllomino.

191 3588 234 3644 Ad
249 3588 301 3643 boc
315 3585 415 3642 iterum
429 3585 530 3642 Paulus
543 3585 639 3643 :llilril
647 3586 712 3642 sitis
721 3586 850 3654 solliciti,
866 3584 894 3639 id
906 3591 990 3640 estne
1040 3583 1153 3651 scilicet,
1174 3584 1248 3655 quod
1267 3583 1382 3641 tandem
1404 3585 1491 3641 multo
1510 3593 1634 3657 tempore
1653 3586 1837 3657 praeterito,et

193 3674 252 3731 sitis
266 3675 342 3731 dubii
356 3675 390 3730 de
404 3675 506 3731 auxilio
517 3674 577 3741 Dei,
609 3674 682 3746 quod
697 3673 775 3729 robis
798 3673 933 3729 accelerat
946 3671 990 3727 di·
1040 3679 1105 3728 tunc
1115 3672 1320 3745 aliqnando,·id
1330 3680 1371 3730 est
1379 3674 1464 3730 semel
1472 3690 1527 3730 non
1534 3673 1650 3747 amplius
1657 3676 1837 3746 refloruistis.

192 3763 288 3820 missio
306 3763 387 3837 legis.
417 3762 467 3819 Vel
496 3760 575 3817 latius
606 3761 774 3832 accipiamus
789 3762 842 3818 boc
863 3761 900 3817 ιιι
913 3768 942 3817 ιι
955 3758 991 3816 ad
1039 3759 1106 3816 Cum
1122 3760 1193 3816 enim
1207 3761 1282 3832 aqud
1300 3776 1352 3817 vos
1368 3776 1454 3833 eram,
1470 3769 1535 3820 tunc
1549 3763 1623 3820 circa
1636 3779 1681 3819 mc
1694 3762 1837 3830 floruistis,

192 3859 334 3923 utramque
362 3865 484 3923 pugnam
509 3849 693 3921 respondeant
711 3851 770 3907 baec
793 3850 888 3907 verba.
906 3848 992 3919 Quasi
1040 3864 1113 3905 nunc
1127 3855 1217 3904 autem
1232 3848 1394 3905 refloruistis
1409 3866 1464 3906 ιοι
1487 3850 1575 3907 solum
1601 3851 1773 3920 ministrare,
1789 3852 1839 3908 sed

193 3938 296 3994 diceret
312 3954 319 3994 :
335 3940 390 3994 Vos
405 3937 532 4009 utrinque
546 3937 755 4011 impugnamini,
768 3938 818 3994 sed
829 3937 948 4012 gaudete
963 3939 992 3994 in
1042 3936 1124 3993 etiam
1137 3938 1244 3994 sentire
1251 3954 1302 4010 pro
1312 3954 1366 3994 me.
1380 3939 1425 3994 Sic
1436 3939 1509 3995 enim
1517 3939 1609 4013 gravis
1623 3939 1674 3995 luit
1684 3938 1763 3997 vobis
1778 3955 1840 3997 mea

194 4027 312 4085 Domino
331 4043 461 4098 semper,
477 4025 542 4098 quia
554 4026 631 4098 digni
644 4025 710 4082 estis
731 4026 990 4098 apersecutoribus,
1042 4032 1161 4097 egestas,
1178 4040 1211 4082 ac
1225 4025 1249 4080 sl
1264 4041 1314 4082 vos
1334 4025 1438 4083 eisdem
1456 4027 1626 4099 indigeretis.
1643 4027 1750 4085 sanare
1766 4027 1838 4096 dico,

193 4124 219 4173 ει
230 4118 361 4189 apseudo
375 4113 544 4187 pronomine
555 4115 612 4185 ejus
623 4114 691 4186 pati.
710 4114 811 4171 ltemm
826 4115 907 4172 dico:
920 4116 993 4172 Goa-
1042 4115 1117 4170 nont
1127 4113 1192 4169 olirn
1208 4129 1270 4170 cum
1283 4114 1356 4186 apud
1371 4130 1420 4171 vos
1435 4131 1520 4184 eram,
1536 4131 1587 4186 pro
1601 4131 1646 4172 me
1661 4117 1837 4174 sentiebatis.

194 4207 268 4263 dete.
279 4205 386 4277 Duplex
395 4212 436 4260 est
452 4219 556 4276 pugna,
578 4205 677 4275 duplex
701 4203 865 4260 exhortatio.
882 4204 928 4260 Sic
942 4219 992 4259 au·
1042 4202 1214 4258 lielloruistis
1229 4202 1425 4260 convenienter
1450 4204 1495 4261 ait.
1511 4205 1586 4261 Sicut
1613 4203 1686 4260 enim
1700 4205 1736 4261 de
1761 4204 1838 4274 ilore,

193 4303 249 4351 tem
265 4294 392 4367 gaudete,
408 4301 437 4348 nt
450 4293 594 4363 modestia,
610 4292 637 4348 id
667 4301 708 4368 est
729 4293 926 4364 temperantia,
941 4309 993 4363 pa-
1041 4289 1077 4345 ita
1092 4289 1195 4346 finctus
1210 4299 1383 4362 exspectatur
1393 4290 1427 4347 de
1438 4292 1489 4348 bac
1503 4290 1748 4349 administratione.
1759 4293 1840 4350 Nunc

193 4383 295 4439 tiantiaa
308 4390 407 4438 vestrm
420 4388 485 4438 nota
500 4381 534 4437 sit
544 4381 671 4437 omnibus
681 4381 845 4437 hominibus.
856 4382 891 4437 Ut
901 4389 991 4436 autern
1004 4378 1151 4443 Dtandem
1165 4379 1337 4446 refloruistis,
1349 4380 1399 4435 sed
1407 4380 1483 4451 prius
1493 4381 1623 4454 occupati
1631 4381 1729 4448 ενειιε,
1740 4389 1768 4437 ει
1777 4379 1840 4436 ideo

194 4470 310 4526 modesti
325 4469 393 4535 sitis,
419 4469 515 4526 alotota
538 4470 601 4542 quia
624 4469 757 4525 Dominus
768 4484 854 4541 prope
879 4476 929 4538 est,
946 4468 993 4541 qui
1043 4466 1215 4522 excusabiles
1230 4466 1311 4528 estis.
1326 4467 1350 4522 si
1365 4467 1475 4524 aliunde
1489 4467 1610 4539 impediti
1627 4484 1684 4526 ιοι
1696 4468 1841 4525 ιιιιιειιι-

193 4576 249 4615 ιιι
263 4557 365 4616 (ιεεειιι
380 4566 522 4630 sperantes
537 4557 564 4612 iu
580 4574 620 4613 εε.
636 4558 669 4613 ιιι
684 4556 749 4628 quia
772 4572 859 4628 prope
874 4564 930 4623 est,
946 4557 992 4612 ni·
1042 4554 1101 4610 stis.
1119 4555 1235 4611 caonas
1248 4555 1423 4627 summique,
1435 4563 1461 4611 et
1481 4572 1538 4612 non
1553 4557 1606 4613 hoc
1620 4557 1682 4614 dico
1692 4557 1771 4629 quasi
1778 4572 1842 4630 pro·

117 4695 119 4698 .
192 4648 230 4704 hil
245 4663 313 4721 ergo
329 4645 437 4704 solliciti
452 4647 520 4710 sitis,
537 4645 565 4701 id
580 4653 622 4702 εει
636 4660 671 4700 ne
680 4652 874 4716 persecutores
885 4645 992 4701 dubite-
1040 4644 1277 4715 pterpenaricm,
1294 4659 1355 4715 qnae
1369 4643 1435 4699 mihi
1445 4644 1539 4716 grafis
1554 4652 1639 4712 εεεεις
1655 4646 1842 4718 epoenimdl·

83 4797 85 4800 Α
193 4737 239 4793 tis.
252 4738 293 4792 Ne
302 4735 361 4792 sitis
374 4735 459 4802 dubii,
476 4735 523 4791 sed
537 4735 621 4805 petite
634 4734 666 4789 in
677 4734 755 4789 omni
765 4733 992 4802 arimannor-
1043 4730 1101 4787 dici
1115 4745 1173 4786 esse
1184 4731 1327 4802 sufficiens
1341 4732 1372 4786 in
1383 4732 1592 4804 quibuscunque
1607 4748 1681 4789 sam.
1696 4732 1840 4791 Seioenim

193 4827 399 4893 sacrationem
407 4840 470 4881 enm
477 4824 638 4895 pretiorum
645 4822 767 4877 actione.
777 4820 871 4877 Oratio
881 4820 989 4889 dicitnr,
1042 4821 1071 4874 et
1081 4818 1239 4885 humiliori,
1252 4818 1280 4874 id
1295 4826 1337 4874 est
1351 4820 1506 4890 pauperari.
1516 4822 1672 4878 Scicetiam
1681 4820 1838 4879 madere.

195 4913 303 4985 quando
318 4927 362 4967 res
376 4909 556 4982 impetrabilis
578 4909 678 4980 petitur
692 4916 719 4966 et
732 4909 915 4981 deprecative.
932 4909 992 4964 Oh·
1041 4906 1090 4962 llle
1101 4906 1153 4963 scit
1163 4905 1309 4972 humiliari,
1327 4907 1374 4978 qui
1392 4923 1447 4962 non
1474 4907 1611 4980 frangitur
1635 4917 1774 4983 egestam
1789 4909 1840 4966 scit

194 4999 311 5055 sacratio
321 4999 429 5066 dicitur,
446 4998 555 5070 quando
569 5012 620 5068 per
635 4997 822 5067 adjuramenta
836 5005 863 5052 et
873 4997 947 5068 quod
957 4997 993 5052 ad
1042 4993 1192 5060 abundare,
1208 4994 1232 5048 ει
1247 5009 1310 5050 cum
1334 4995 1494 5051 auctoritate
1518 4996 1593 5052 norit
1619 4996 1736 5052 subditis
1751 4997 1840 5070 impe-

194 5086 395 5157 impetrandum
410 5085 518 5142 difficile
545 5085 653 5140 videtur
667 5085 847 5156 postulamus.
865 5085 992 5141 Redditio
1042 5097 1114 5148 rare,
1131 5097 1186 5137 non
1201 5089 1289 5138 ιιιιει
1304 5082 1355 5138 sibi
1371 5084 1404 5138 ad
1426 5083 1561 5155 gloriam,
1577 5084 1627 5140 sed
1641 5085 1677 5140 ad
1697 5085 1840 5143 utilitatem

195 5175 276 5231 etiam
300 5174 449 5246 gratiarum
473 5174 507 5229 ad
531 5172 702 5244 impetranda
733 5173 823 5228 futura
851 5172 924 5228 utilis
939 5181 990 5238 εει,
1041 5169 1185 5226 Ecclesia.
1214 5171 1276 5226 Seio
1304 5171 1453 5228 humiliari
1472 5177 1500 5228 ει
1515 5171 1681 5242 abundare,
1697 5175 1836 5247 egoenim

196 5265 265 5321 sicut
279 5263 417 5337 ingratum
439 5278 500 5318 esse
520 5277 639 5318 nocuum
667 5269 717 5316 est.
736 5261 782 5318 Sic
805 5269 894 5317 autom
908 5261 992 5332 petite
1041 5275 1103 5315 sam
1113 5259 1276 5326 institutos,
1288 5258 1316 5313 id
1327 5267 1369 5315 est
1380 5268 1506 5316 assuetus
1515 5260 1625 5332 ubique,
1638 5260 1667 5317 id
1678 5271 1719 5318 est
1729 5262 1837 5320 inomni

193 5357 227 5410 ιιι
239 5353 392 5425 petitiones
414 5354 515 5407 vestrm
525 5352 708 5407 innotescent
721 5349 796 5422 epod
806 5348 940 5419 Deam,id
951 5357 992 5406 est
1040 5347 1112 5415 loco,
1123 5347 1180 5404 sive
1190 5346 1244 5401 ειιι
1254 5346 1291 5402 ibi
1300 5347 1389 5419 pauci,
1402 5364 1451 5404 seu
1461 5348 1562 5420 plures,
1571 5364 1620 5405 sen
1629 5365 1780 5422 pauperes,
1792 5367 1840 5408 seu

194 5442 311 5519 cognite
326 5448 353 5498 et
365 5439 522 5516 approbate
537 5438 590 5495 sint
617 5437 688 5509 apud
712 5439 810 5499 Deum.
826 5438 901 5496 lunc
919 5438 992 5515 apud
1040 5435 1148 5492 divites.
1159 5436 1233 5494 Etin
1244 5436 1528 5495 omnibusrcbussum
1538 5453 1590 5511 ego
1600 5437 1838 5510 institutus,etsc·
