3742 5986
173 215 242 270 6667
611 215 640 270 S.
662 212 818 270 HUGONIS
836 209 945 267 EPlSC.
966 207 1127 266 LINCOLN.
1148 210 1230 268 ORD.
1250 211 1376 269 canuit.
1776 209 1838 261 itta

174 341 231 390 tam
246 335 326 391 ardui
345 336 449 407 negotii
476 342 583 408 tamque
606 334 743 409 urgentis;
757 334 816 406 ipse
834 349 899 390 vero
921 331 1008 391 subd
1021 332 1106 403 gessi.
1122 334 1151 389 Si
1164 335 1229 407 quid
1249 335 1277 390 iu
1299 334 1439 391 absentem
1461 333 1585 406 deliquit,
1616 329 1839 389 obtrectantium

175 421 283 478 silentio
298 422 503 494 prestolabatur
517 422 636 478 salutare
649 422 708 477 liei.
1019 418 1119 488 livori,
1142 438 1197 477 uon
1229 438 1286 478 auae
1308 422 1337 477 id
1362 422 1453 478 debuit
1482 421 1616 494 pravitati
1643 436 1699 475 seu
1731 416 1839 473 malitie

208 511 335 566 Decauus
349 510 455 566 interea
469 519 496 566 et
509 509 633 565 canonici
652 508 860 581 audegavensis
872 507 971 564 Eccle-
1020 508 1130 564 ascribi.
1147 509 1271 564 Reddam
1284 509 1366 582 igitur
1380 510 1469 566 vicem
1491 525 1541 582 pro
1564 507 1684 566 viribus
1700 505 1780 562 meis
1795 520 1840 560 aa·

174 597 223 654 siae
236 597 373 670 rogabant
387 614 459 666 eum,
476 605 608 669 quatenus
631 597 740 652 instanti
762 597 808 653 die
831 595 972 652 [lominica
1020 596 1081 669 pius
1095 596 1161 651 mibi
1183 597 1219 652 ab
1236 611 1270 654 eo
1290 596 1422 669 impensis
1444 596 1606 663 honoribus,
1640 611 1698 651 nec
1723 610 1778 666 per
1801 608 1840 649 ure

172 685 321 741 Palinurum
336 685 458 741 divinum
471 685 543 757 apud
562 700 609 741 eos
634 693 828 756 exsequeretur
841 682 969 753 cilicium,
1020 684 1102 739 stabit
1117 684 1255 756 quincius
1274 684 1411 760 exsequiis
1431 683 1545 741 devotus
1557 683 1714 740 assistam.
1732 681 1764 738 Si
1778 697 1839 753 per·

174 772 238 846 quia
269 789 335 828 suus
359 772 479 844 pontifex
498 788 515 828 a
536 773 613 829 euna
634 773 749 829 necdum
773 772 891 829 redierat
913 772 971 828 lio-
1020 771 1094 844 genti
1110 772 1254 844 praedoues
1263 783 1416 844 occurrant,
1432 773 1455 829 si
1465 789 1551 846 equos
1565 771 1685 841 tollant,
1708 771 1736 826 si
1752 778 1840 827 vestes

171 875 263 928 meua,
279 859 307 915 iu
321 876 376 932 qua
385 876 472 932 nuper
488 859 671 933 episcopalem
694 868 853 933 perceperat
875 875 972 916 conse·
1020 860 1152 927 auferant,
1169 877 1202 917 eo
1226 861 1376 933 expeditius
1398 861 1558 918 incedemus
1582 876 1645 933 quo
1670 859 1784 915 suerint
1798 876 1839 914 ve·

173 948 332 1005 cretionem.
348 947 453 1016 Quibus
468 949 513 1005 ilie
527 948 716 1020 acquiescens,
739 963 801 1004 cum
822 948 878 1018 jnm
900 963 972 1021 prae-
1020 955 1106 1004 strum
1121 949 1238 1006 sarcinas
1264 949 1389 1007 leviores.
1416 949 1443 1006 Si
1466 957 1493 1006 et
1515 949 1605 1022 pedes
1631 948 1837 1018 constringan-

173 1036 280 1093 cedeuti
294 1036 413 1092 Sabbato
427 1037 463 1092 ad
477 1036 574 1092 urbem
598 1036 721 1092 tenderet
739 1044 927 1106 memoratam,
943 1035 971 1090 in
1020 1043 1074 1102 tur,
1089 1044 1116 1092 et
1130 1036 1267 1092 incedenti
1281 1036 1397 1094 lacultas
1415 1037 1576 1109 denegetur,
1590 1044 1662 1094 tuuc
1680 1035 1781 1108 primo
1798 1034 1837 1090 ie·

172 1124 264 1180 medio
279 1122 374 1180 itinere
389 1124 507 1181 occurrit
521 1124 544 1178 si
559 1123 683 1190 clericus,
708 1124 818 1180 nomine
833 1123 971 1179 Gilbertus
1020 1123 1115 1196 gitime
1138 1125 1313 1181 excusabitur
1337 1125 1460 1182 absentia
1487 1124 1664 1196 corporalis,
1694 1139 1764 1180 cum
1788 1138 1836 1177 nou

171 1208 206 1268 de
221 1210 309 1279 Lusci,
325 1211 415 1268 verbis
429 1211 589 1268 certissimis
612 1212 777 1266 annuntians
800 1227 896 1284 regem
916 1212 971 1280 Jam
1021 1226 1071 1267 suo
1093 1213 1166 1278 vitio,
1190 1212 1238 1267 sed
1262 1212 1359 1269 alienis
1379 1211 1459 1269 fuerit
1480 1220 1584 1269 remota
1609 1211 1659 1286 [[.,
1687 1209 1835 1282 remorata}

173 1299 294 1356 debitum
309 1299 405 1355 mortis
420 1298 570 1356 exsolvisse
596 1299 682 1371 (256).
709 1298 797 1367 Quem
812 1306 839 1354 et
865 1298 910 1354 die
924 1314 971 1354 se·
1020 1299 1179 1356 obstaculis.
1199 1324 1210 1349 2

173 1386 266 1461 quenti
300 1386 335 1441 ad
363 1386 479 1458 vestigia
507 1386 594 1457 patris
617 1385 659 1441 sui
682 1386 755 1457 apud
779 1386 971 1442 monasterium
1057 1388 1121 1445 Hac
1142 1387 1247 1458 diceus,
1270 1387 1372 1445 relictis
1400 1388 1558 1445 incivitate
1583 1388 1665 1458 (266)
1690 1388 1832 1447 sociis.et

172 1473 266 1530 Fontis
279 1473 402 1529 Ebrandi
416 1473 579 1528 tradendum
592 1472 708 1529 innotuit
722 1473 870 1544 sepulturae
885 1473 971 1545 (266).
1021 1475 1149 1531 universa
1164 1491 1234 1547 pene
1248 1475 1410 1547 supellectili
1424 1492 1483 1545 sua,
1500 1491 1554 1532 uuo
1565 1482 1679 1531 tanturn
1696 1492 1733 1532 ex
1748 1475 1827 1530 minc

173 1561 222 1617 llis
237 1560 282 1617 iile
296 1560 394 1616 auditis
408 1561 488 1616 altius
502 1559 645 1634 ingemuit,
667 1577 751 1634 seque
765 1561 800 1616 ad
815 1560 905 1618 locum
920 1561 971 1617 de·
1022 1563 1097 1618 ribus
1112 1562 1274 1620 clericorum
1289 1578 1414 1630 suorum,
1429 1572 1456 1619 et
1479 1578 1534 1619 uno
1557 1579 1623 1620 eum
1638 1563 1743 1636 paucis
1753 1563 1827 1618 elien

173 1648 311 1723 signatum
325 1664 388 1704 mox
402 1649 430 1704 iu
445 1648 607 1721 obsequium
622 1649 678 1704 suis
693 1649 826 1706 intimavit
841 1666 903 1706 esse
916 1649 969 1705 itu·
982 1673 1010 1734 B
1023 1651 1096 1707 tibus
1111 1651 1256 1719 monacho,
1266 1666 1358 1708 secum
1368 1649 1546 1724 pergentibus
1555 1649 1707 1723 ire—eoepit.
1716 1650 1828 1707 tudens

173 1753 245 1793 rum.
270 1737 350 1807 Quod
373 1753 407 1792 ue
433 1735 547 1803 iaceret,
562 1753 656 1793 eorum
671 1752 742 1809 pene
761 1737 924 1794 universitas
948 1737 974 1793 ei
1023 1755 1089 1796 vero
1104 1739 1227 1810 reginam
1242 1738 1434 1811 berengariam
1456 1738 1484 1793 iu
1504 1746 1597 1794 castro
1622 1739 1746 1808 morari,
1762 1737 1827 1810 quod

174 1823 335 1882 dissuadere
351 1825 471 1881 tentavit.
487 1824 539 1882 Ubi
554 1832 644 1881 autem
671 1825 840 1897 pervenitad
864 1825 972 1896 urbem,
1022 1821 1222 1879 Beauiordense
1237 1821 1313 1893 (262)
1327 1820 1489 1893 appellatur,
1515 1820 1628 1877 divertit
1643 1836 1663 1876 a
1678 1820 1730 1876 via
1749 1821 1827 1893 publi·

175 1913 287 1986 agnovit
298 1913 355 1982 jam
370 1913 581 1986 circumquaque
604 1912 656 1969 bos
676 1912 865 1986 pererebuisse
878 1929 973 1968 rumo-
1024 1925 1065 1978 ca,
1080 1917 1107 1967 et
1122 1927 1172 1983 per
1185 1909 1322 1966 horrenda
1335 1909 1463 1965 silvarum
1473 1909 1543 1977 loce,
1559 1916 1590 1963 ut
1604 1923 1670 1964 eam
1686 1925 1772 1981 super
1783 1908 1827 1964 viri

174 2017 229 2072 res,
244 2001 401 2074 passimque
416 2000 552 2058 viantibus
575 2000 719 2058 violentias
741 1999 846 2068 inferri,
861 2008 888 2057 et
901 2001 972 2073 rapi·
1023 1998 1065 2054 sui
1079 1998 1268 2056 consolaretur
1296 1996 1415 2065 interitu,
1438 1996 1473 2052 ad
1493 2004 1679 2052 memoratum
1702 1996 1828 2069 oppidum

174 2105 226 2145 nas
240 2088 361 2162 undique
376 2088 510 2146 exerceri.
525 2089 596 2145 Nam
611 2096 637 2144 et
655 2104 767 2146 suornm
791 2089 912 2161 qnidam,
928 2088 974 2161 qui
1023 2087 1155 2160 pervenit.
1178 2087 1348 2157 Locutusque
1371 2084 1407 2140 ad
1428 2100 1478 2141 cor
1499 2083 1599 2152 viduae,
1624 2085 1785 2152 moereutis,
1805 2092 1828 2139 et

176 2176 211 2231 ab
227 2175 326 2248 Augila
339 2175 365 2232 ei
379 2184 503 2248 sumptus
517 2174 678 2244 afferebant,
694 2177 722 2232 in
737 2191 834 2232 manus
847 2176 974 2248 pradan-
1023 2190 1111 2248 usque
1133 2174 1309 2241 adauimam
1337 2189 1408 2245 pene
1433 2179 1626 2239 constematae,
1652 2172 1731 2228 miro
1751 2172 1827 2228 mode

177 2263 242 2320 dum
260 2263 424 2330 inciderunt,
440 2263 486 2336 qui
496 2264 536 2319 eis
550 2262 733 2336 quadraginta
750 2263 855 2337 argenti
868 2279 975 2320 mareas
1024 2262 1145 2334 spiritum
1170 2261 1227 2330 ejus
1250 2260 1381 2317 delinivit.
1408 2259 1496 2328 Quam
1521 2258 1632 2331 optimis
1655 2260 1827 2316 sermonibus

178 2352 358 2408 abstulerunt.
384 2352 539 2408 Suadebant
560 2351 643 2424 igitur
657 2352 737 2409 amiel
761 2369 813 2407 una
837 2368 899 2408 cum
922 2352 974 2408 do-
1024 2350 1059 2405 ad
1073 2349 1227 2406 hahendam
1237 2349 1265 2404 in
1275 2349 1397 2406 adversis
1410 2348 1593 2417 tolerantiam,
1606 2347 1675 2404 etin
1690 2349 1827 2421 prosperis

179 2439 296 2497 masticis
310 2438 367 2495 suis
385 2456 420 2496 ne
444 2440 564 2511 seipsum
578 2448 605 2496 et
618 2455 682 2496 suos
706 2439 805 2495 talibus
829 2447 976 2511 exponeret
1024 2438 1159 2493 cautelam
1172 2437 1332 2504 informans,
1349 2435 1488 2493 celebrata
1505 2435 1607 2492 ibidem
1631 2436 1725 2492 missa
1738 2451 1770 2492 ac
1784 2437 1827 2492 be

177 2528 345 2596 tumultibus,
362 2527 428 2601 quia
441 2528 531 2600 potius
545 2527 572 2582 in
587 2528 695 2585 civitate
710 2527 853 2595 resideret,
871 2544 974 2601 quous·
1024 2526 1179 2582 nedictione
1188 2524 1304 2581 solemni
1311 2525 1416 2598 reginae
1427 2531 1455 2580 et
1468 2523 1538 2595 aliis,
1549 2523 1597 2596 qui
1607 2523 1741 2595 aderaut,
1750 2525 1828 2580 multa

177 2632 231 2688 que
249 2616 308 2689 regi
335 2614 463 2673 defuncto
490 2616 618 2688 princeps
641 2615 778 2689 legitimus
806 2617 973 2682 succederet,
1025 2629 1058 2670 ex
1073 2613 1217 2670 devotione
1231 2612 1375 2684 impertita,
1400 2611 1528 2669 contiuuo
1551 2611 1684 2669 recessit.
1708 2613 1827 2670 Pervenit

176 2719 228 2776 per
241 2719 323 2775 quem
345 2703 526 2759 violentorum
549 2703 695 2775 nequitiam
719 2703 859 2775 comprimi
884 2702 977 2760 eveni-
1024 2710 1114 2757 autem
1129 2701 1190 2774 ipsa
1203 2699 1248 2757 die
1260 2700 1335 2773 (263)
1351 2699 1386 2756 ed
1400 2699 1531 2772 oppidum
1544 2699 1620 2772 quod
1641 2700 1751 2757 Samur
1764 2701 1826 2756 dici·

176 2797 228 2849 ret.
243 2790 411 2846 asserebant
425 2805 541 2862 namque
555 2790 666 2862 plurimi
688 2797 789 2846 tanum
804 2806 900 2847 eorum
914 2806 976 2847 esse
1024 2797 1078 2858 tur,
1093 2797 1282 2862 exceptusque
1296 2804 1358 2845 cum
1372 2787 1464 2844 litania
1478 2786 1505 2844 in
1528 2802 1649 2844 occursu
1676 2787 1778 2847 festino
1797 2788 1826 2843 ab

177 2876 395 2950 perversitatem,
420 2878 494 2948 quod
507 2892 562 2934 nou
583 2877 671 2951 magis
694 2877 834 2934 deferrent
856 2876 976 2950 pontifici
1025 2877 1167 2950 oppidanis
1179 2876 1241 2945 ilbs,
1258 2876 1332 2949 apud
1351 2875 1508 2949 pradictum
1531 2875 1690 2932 Gilbertum
1704 2877 1742 2935 de
1756 2875 1826 2934 lasci

178 2981 260 3039 quam
274 2981 397 3038 persona
411 2964 520 3023 cuilibet
534 2964 655 3022 laicali«
673 2963 744 3035 Quid
758 2965 839 3035 euim,
856 2965 974 3033 aiebant,
1025 2966 1111 3039 (266),
1126 2973 1191 3022 tuuc
1203 2964 1241 3021 ibi
1250 2963 1513 3031 scholisvacautem,
1531 2962 1614 3019 ulmis
1629 2964 1695 3035 eius
1708 2964 1826 3022 dendus

177 3053 257 3111 robis
272 3060 426 3127 suppeteret
453 3052 569 3122 consilii,
597 3052 620 3108 si
642 3053 726 3126 (quod
748 3054 823 3109 Deus
837 3062 942 3110 avertat
954 3053 974 3127 l)
1022 3053 1151 3128 precibus
1164 3053 1273 3109 mansit.
1290 3054 1313 3108 Δ
1337 3068 1392 3125 quo
1411 3051 1603 3109 liberalissime
1626 3061 1773 3126 exceptus,
1788 3069 1826 3109 se

177 3141 206 3198 iu
220 3149 327 3198 remota
349 3140 493 3197 solitudine
521 3140 641 3197 vecturis
661 3147 688 3196 et
715 3141 838 3198 vestibus
862 3157 912 3198 vos
926 3157 975 3213 per
1023 3142 1114 3214 quenti
1146 3157 1248 3209 inane,
1274 3139 1417 3197 Dominica
1446 3138 1572 3197 videlicet
1604 3139 1769 3197 Palmarum
1788 3139 1827 3196 die

177 3229 246 3285 istos
261 3227 371 3301 spoliari
385 3227 576 3300 contingeret?
589 3248 600 3280 s
614 3229 656 3284 Ad
676 3229 734 3285 haec
753 3229 808 3299 ille,
820 3236 848 3284 ut
862 3229 975 3299 vereju·
1023 3230 1109 3301 (265),
1124 3229 1242 3286 venitad
1255 3227 1451 3285 monasterium
1462 3227 1554 3285 Fontis
1567 3227 1709 3296 Ebmudi,
1720 3228 1826 3285 obvios·

177 3323 246 3383 stus,
262 3315 319 3388 qui,
331 3315 401 3372 sient
415 3315 458 3372 leo
474 3313 616 3372 confidens
630 3316 735 3387 absque
745 3323 848 3372 terrore
862 3316 977 3373 inomni
1024 3335 1078 3391 que
1091 3317 1184 3374 babuit
1197 3317 1225 3372 iu
1237 3316 1304 3390 ipsis
1318 3315 1422 3372 loribus
1433 3315 1557 3374 eeclesia
1570 3315 1642 3390 regii
1650 3315 1762 3373 funeris
1769 3331 1826 3388 por-

177 3410 283 3461 terrorc
296 3402 354 3471 luit,
370 3403 425 3460 imo
445 3411 471 3459 et
494 3403 569 3459 illato
591 3411 697 3460 terrore
719 3420 827 3476 semper
848 3414 976 3461 coustan-
1024 3407 1130 3464 titores.
1147 3404 1208 3476 Quo
1222 3406 1331 3462 demum
1346 3403 1620 3463 bonorificentissime
1630 3405 1714 3474 iuxta
1728 3405 1826 3477 magni·

177 3490 241 3561 tior,
258 3490 344 3563 inquit
361 3506 367 3546 :
384 3513 395 3539 ι
413 3491 484 3546 Satis
499 3490 592 3562 utique
606 3499 679 3562 patet
702 3499 803 3564 quauta
825 3492 853 3547 iu
866 3493 920 3550 hoc
934 3493 977 3548 iti·
1024 3493 1160 3552 tieeutiam
1174 3494 1281 3567 regiam
1295 3493 1394 3549 tradito
1411 3492 1566 3565 sepultura,
1578 3490 1664 3549 rediit
1686 3492 1825 3566 episcopus

175 3594 243 3635 nere
257 3578 385 3644 timenda,
402 3578 452 3635 sed
466 3578 576 3645 timidis,
591 3595 738 3635 occurrere
749 3580 864 3651 possint.
875 3581 976 3636 Verum
1025 3582 1116 3639 denuo
1130 3583 1165 3639 ad
1179 3581 1327 3654 hospitium
1340 3587 1528 3654 pretaxatam.
1553 3579 1622 3637 Inde
1645 3581 1825 3654 pertriduum

175 3665 242 3721 mibi
256 3665 379 3722 moribus
394 3666 482 3739 magis
496 3666 646 3722 timendum
660 3666 794 3737 existimo,
810 3683 845 3723 ue
859 3667 976 3723 Domino
1026 3670 1212 3728 continuatum
1234 3671 1309 3743 (266)
1328 3669 1364 3725 66
1386 3667 1584 3726 monasterium
1605 3667 1677 3725 iilud
1701 3685 1824 3744 pergens,

176 3754 312 3828 quondam
327 3761 354 3809 et
367 3753 427 3826 regi
441 3769 503 3809 meo
519 3769 609 3810 meam
628 3754 764 3828 ignaviter
786 3755 875 3811 videat
888 3755 916 3810 in
932 3755 976 3811 tali
1026 3759 1201 3832 superstitum
1224 3757 1368 3814 missamm
1391 3765 1418 3814 et
1440 3755 1610 3830 psalmorum
1638 3757 1824 3831 replicatione,

175 3840 289 3898 articulo
303 3840 462 3928 subtrahere
483 3842 667 3914 praesentiam,
690 3857 742 3899 nee
761 3841 842 3899 iidem
856 3843 900 3899 rel
915 3859 978 3916 gra·
1026 3854 1082 3903 tam
1096 3847 1207 3920 regibus
1225 3845 1327 3903 ibidem
1350 3843 1464 3918 sepultis
1480 3859 1563 3917 quam
1582 3842 1716 3903 fidelibus
1730 3845 1825 3903 cunda

175 3927 241 3984 tiam
256 3935 364 3984 mortuo
378 3944 526 3998 resumere,
549 3943 630 4001 quam
652 3929 711 3985 viro
730 3945 840 4001 semper
862 3930 978 3987 devotus
1025 3935 1054 3991 iu
1068 3935 1175 3991 Christo
1190 3933 1402 4006 quiescentibus,
1418 3931 1526 3989 veniam
1543 3931 1728 4005 implorabat,
1747 3942 1774 3992 et
1786 3933 1825 3990 lu·

174 4101 247 4171 ierit,
264 4102 329 4158 dum
344 4101 397 4158 sibi
414 4102 565 4176 amaiignis
575 4102 743 4159 adulantium
759 4105 879 4161 consiliis
889 4105 978 4162 minus
1346 4125 1459 4183 ggpqp
1472 4124 1546 4181 xpp,

174 4189 267 4248 caviti
281 4197 356 4247 certe
371 4190 543 4263 presentiam
555 4207 641 4246 meam
652 4208 789 4264 uunquam
798 4192 856 4248 sine
871 4208 978 4249 summo

174 4278 277 4351 recepit
291 4279 407 4346 honore,
430 4294 571 4351 nunquam
594 4295 637 4335 me
660 4279 845 4336 inexauditum
864 4281 977 4349 dimisit,
1063 4297 1176 4368 fragm,
1189 4293 1263 4367 apud
1273 4295 1391 4349 Fontem
1421 4291 1677 4351 mundationum
1699 4297 1825 4368 quam„

175 4380 236 4422 curn
251 4364 277 4422 ei
291 4380 338 4422 ore
351 4365 463 4439 proprio
481 4382 564 4439 super
580 4367 697 4440 negotiis
711 4368 780 4424 meis
792 4368 882 4442 aliqua
906 4361 1014 4442 sug-D
1059 4369 1207 4439 sucturum
1221 4359 1391 4420 monialibus
1399 4378 1451 4436 per
1460 4366 1592 4419 uestrum
1609 4364 1760 4438 dagonem
1772 4379 1825 4438 pre

1031 4225 1158 4296 Qualiter
1185 4225 1316 4289 loannes,
1336 4238 1390 4278 rea
1427 4226 1542 4289 uturur,
1562 4226 1627 4294 post
1652 4239 1668 4279 s
1705 4224 1825 4281 abaram

213 4541 284 4609 (266)
296 4543 331 4595 66
343 4543 399 4594 boc.
415 4548 441 4601 in
452 4543 542 4595 dunat.
550 4543 663 4595 Wintou.
673 4544 736 4608 apud
747 4546 850 4597 Wartb.
867 4547 891 4596 iu
901 4546 973 4608 ingl.
1058 4541 1130 4608 (eet)
1143 4541 1298 4605 progenitum
1309 4555 1340 4594 ex
1350 4539 1437 4605 nobili,
1450 4539 1480 4592 de
1491 4540 1676 4594 iiortbmauuia
1687 4541 1825 4606 inauriat

176 4611 262 4672 Sacra,
272 4622 328 4673 pag.
342 4609 392 4660 666
405 4628 410 4658 :
429 4629 441 4652 ι
456 4610 592 4662 bichardus
603 4623 648 4660 rex
660 4611 723 4674 apud
736 4612 849 4675 oppidum
860 4613 975 4664 chaulew
1025 4611 1155 4674 translato,
1168 4611 1307 4661 stemmate.

177 4677 646 4806 {1213}p'elffiqsdiagt'fflrglppzr‘3iirprrtrlxs1e,
659 4676 767 4740 obiitque
779 4691 822 4728 vm
835 4679 891 4730 idus
907 4679 975 4741 ⁰1⁰⁵·
1058 4727 1129 4794 (266)
1142 4729 1200 4791 Quae
1212 4741 1240 4780 eu
1248 4738 1312 4780 anuo
1322 4725 1408 4778 incidit
1419 4726 1444 4778 in
1455 4724 1520 4777 dem
1533 4723 1827 4791 iibprilis.iiadu1pius

213 4827 285 4894 (266)
310 4826 512 4891 «sepultumque
529 4830 567 4878 est
585 4838 672 4889 eorpus
691 4823 830 4892 (iiiebardi)
851 4829 881 4881 66
902 4829 976 4894 pedes
1024 4795 1184 4860 ⁰⁰⁸⁸⁸⁸¹¹³¹⁰a
1197 4797 1259 4845 mm·
1271 4793 1302 4856 v,
1321 4793 1424 4845 0⁰¹¹⁶⁰h
1443 4794 1561 4856 mne,
1581 4803 1640 4854 iat·
1666 4793 1734 4856 867,
1750 4792 1828 4846 sembi

178 4893 693 5023 teriutiq{egregieque
706 4895 832 4946 666·
846 4914 858 4940 ·
873 4896 909 4947 ¹¹2
926 4898 976 4947 e·
1025 4857 1826 4991 tillidiitiii‘titidldididldiihidffi

214 5043 285 5106 (266)
298 5043 476 5107 andegavensi,
491 5044 520 5094 ad
533 5054 605 5105 quam
617 5042 686 5106 lingo
697 5056 792 5097 summo
806 5057 875 5097 mane
895 5057 979 5108 perve-
1027 4995 1144 5045 ⁰⁰¹⁰ie¹¹⁵i
1164 4995 1291 5045 humanm
1309 5004 1373 5043 ⁰⁵⁸⁰·

178 5113 260 5161 nm&
1064 5113 1130 5172 licut
1143 5113 1180 5163 Ex
1200 5111 1323 5164 salmurio
1340 5111 1372 5163 ad
1392 5111 1494 5162 Fontem
1515 5108 1615 5161 Ehruidt
1641 5110 1700 5175 vm,
1716 5116 1743 5163 ,ς
1762 5110 1828 5162 ,wip

212 5190 285 5255 (662)
296 5193 373 5255 vulgo
382 5193 510 5256 bedefort,
523 5193 548 5244 in
561 5205 608 5256 quo
624 5193 771 5256 Berengaria
783 5195 900 5247 Richardi
910 5196 975 5260 regis
1028 5180 1099 5242 Hflss⁰
1109 5179 1194 5229 diebus
1206 5178 1300 5229 ⁵0³5ssss
1313 5178 1354 5236 ¹¹·
1368 5177 1399 5227 ¹2
1410 5181 1434 5228 ⁸²
1445 5175 1588 5239 156661ῑῆ
1600 5176 1636 5253 ,²⁶
1653 5190 1728 5242 quem
1749 5178 1827 5235 etna.

178 5259 321 5311 1111,chOE
340 5260 489 5311 mmm„
511 5307 514 5315 ,
1026 5245 1065 5296 dle
1076 5246 1106 5296 ti
1118 5257 1164 5295 una
1177 5257 1232 5296 eum
1244 5244 1335 5294 ioanne
1348 5242 1429 5295 tuturo
1440 5254 1498 5306 regu
1508 5244 1629 5308 perrexit,
1642 5246 1671 5296 et
1679 5258 1738 5299 curn
1748 5245 1828 5298 66666

216 5342 284 5406 (266)
303 5341 389 5405 idest,
402 5342 442 5392 die
460 5343 490 5393 tii
509 5344 608 5408 aprilis,
630 5357 676 5409 qua
693 5343 785 5396 relictis
805 5344 830 5396 in
840 5345 979 5407 andegavia
1028 5311 1101 5364 'edm
1113 5310 1271 5376 Sdmurium’
1285 5309 1320 5362 ¹¹¹¹
1331 5319 1423 5373 Μαι·
1436 5321 1490 5373 ⁰³¹¹·
1503 5311 1580 5373 ΡΜ·

177 5409 261 5471 ascib,
270 5408 424 5460 eteeiebrata
436 5408 461 5460 iu
471 5409 587 5463 Bmuiort
597 5411 680 5474 missa,
689 5411 800 5475 pervenit
809 5410 841 5463 66
852 5422 978 5475 vesperum

180 5475 209 5527 tu
226 5473 384 5539 sumariam,
398 5473 524 5530 einiateux
537 5477 569 5531 ad
580 5477 688 5543 Ligerim
698 5477 780 5531 sitan.
