3742 5986
175 207 225 261 231
282 160 292 165 -
451 203 482 258 S.
505 200 682 259 BRUNONIS
700 197 1024 257 CARTHUSIANORUM
1044 201 1288 260 INSTlTU'l'ORlS
1306 201 1383 259 OPP.
1405 203 1492 260 PARS
1512 203 1546 259 11.
1775 208 1832 264 232

176 328 301 399 Epistola
316 328 378 383 dico
388 329 506 400 scripta,
516 343 576 383 non
586 329 758 395 atramento,
770 326 797 380 id
808 333 849 381 est
863 341 916 380 non
933 325 1016 386 (ιε-Α
1031 326 1137 382 avidius
1152 335 1211 383 ruat
1232 327 1261 383 in
1281 328 1392 384 vetitum
1409 347 1416 383 :
1441 327 1561 385 cumulat
1584 327 1665 384 ctiam
1688 337 1830 400 paccatum

176 417 303 473 labiliter.
328 416 378 471 Vel
399 423 558 485 atramento,
584 416 612 469 id
638 423 678 470 cst
700 415 790 486 aliqua
813 414 975 486 contagione
1024 416 1263 485 praevaricationis,
1280 417 1353 488 quod
1367 432 1422 473 non
1437 425 1496 473 erat
1524 424 1587 472 ante
1613 416 1704 490 legem
1725 418 1828 473 datam

176 513 205 560 ut
220 505 324 576 pseudo
339 521 404 560 suos
419 520 552 576 sequaces
579 502 712 574 polluunt,
725 503 773 558 scd
793 502 893 574 scripta
913 502 975 574 Spi·
1023 503 1124 559 Littera
1139 504 1250 576 quidem
1266 505 1413 561 sieoccidit
1429 506 1497 561 :sed
1509 504 1635 577 Spiritus,
1645 505 1672 560 id
1682 513 1724 561 est
1735 507 1828 562 Evan-

176 595 237 650 ritn
251 594 311 663 Dei,
328 593 413 648 idest
436 591 627 647 indelebiliter.
649 595 700 649 liei
722 591 784 646 dico
808 592 872 658 vini,
888 590 975 661 quiet
1024 592 1127 663 aelium
1142 609 1204 648 curn
1219 593 1344 662 adjutore
1360 593 1457 665 spiritu
1481 594 1584 661 datum,
1610 593 1674 650 tacit
1696 593 1787 650 vivere
1801 594 1831 649 in

176 698 225 738 vos
240 690 373 753 perpetuo
381 681 473 738 vivere
483 680 563 737 saciet
581 697 657 736 :nors
668 680 765 735 iterum
775 679 876 750 scripta
885 679 917 733 in
929 682 975 734 ta·
1025 680 1140 736 sustitia.
1157 681 1352 737 Commendato
1367 682 1517 754 Evangelio
1535 697 1594 752 suo,
1613 682 1738 738 eamdem
1753 697 1829 739 aom-

179 771 251 826 batis
263 771 391 843 lapideis,
408 769 436 824 id
460 777 501 825 est
525 769 664 834 induratis,
681 775 707 824 et
726 767 841 824 verbum
854 766 905 822 Dei
920 782 974 821 non
1024 769 1225 826 mandationem
1240 769 1360 825 retundit
1374 769 1402 825 in
1417 786 1457 837 se,
1473 771 1567 826 dicens
1586 770 1643 825 :Et
1670 771 1734 842 quia
1749 770 1830 826 mini·

175 857 583 929 sentientibus:sedscriptain
596 858 698 913 talibas
714 857 887 923 narrantibus,
897 854 923 909 id
934 861 975 910 est
1025 865 1080 914 star
1094 873 1154 913 sum
1174 858 1338 926 testamenti,
1370 858 1509 914 existentis
1536 858 1564 914 in
1592 859 1699 929 spiritu,
1728 858 1827 915 merito

174 946 348 1002 sensibilibus
365 962 371 1003 τ
388 953 413 1002 ει
428 946 538 1002 verbum
558 944 607 1000 Dei
622 945 657 999 ad
682 943 798 1000 fructum
822 942 976 999 iaciendum
1025 946 1170 1017 spiritualis
1184 946 1426 1002 administrationis
1441 947 1548 1003 habebo
1571 946 1825 1020 maglorius.

175 1034 393 1106 suscipientibus.
410 1034 522 1089 Tabulis
538 1033 599 1089 dico
620 1033 720 1100 cordia,
741 1033 766 1087 id
783 1039 824 1087 est
838 1030 975 1086 interioris
1024 1035 1095 1091 Vere
1118 1035 1281 1090 ministratio
1306 1034 1417 1106 spiritus
1440 1035 1489 1091 erit
1511 1035 1578 1090 mibi
1593 1035 1621 1090 in
1635 1035 1741 1108 iterim
1764 1035 1827 1107 quis

175 1123 337 1189 intellectus,
354 1123 401 1178 ubi
419 1123 478 1177 ait:
504 1123 534 1176 ln
549 1121 648 1176 tabulis
671 1119 797 1191 lapideis,
821 1119 901 1174 mittit
925 1134 975 1174 nos
1024 1122 1184 1178 ministratio
1200 1123 1293 1178 mortis
1307 1122 1358 1185 tuit
1373 1123 1461 1196 moysi
1476 1123 1504 1179 in
1525 1122 1624 1196 gloria.
1641 1124 1700 1180 Hoc
1713 1122 1749 1178 ita
1764 1123 1825 1178 ait:

174 1212 208 1267 ad
223 1210 382 1267 memoriam
396 1210 498 1267 veteris
515 1210 592 1282 legis,
609 1226 671 1281 quae
687 1210 747 1264 data
763 1216 803 1263 εει
818 1208 845 1262 in
859 1207 975 1279 lapideis
1026 1212 1096 1279 Quia
1107 1214 1132 1267 si
1141 1212 1319 1268 ministratio
1330 1213 1441 1280 mortis,
1457 1212 1536 1268 idest
1546 1211 1644 1268 veteris
1653 1211 1724 1285 legis
1742 1227 1748 1266 :
1765 1227 1827 1284 qaae

173 1300 273 1356 tabulis
288 1302 389 1371 (Madd.
405 1314 506 1364 xxxiv,
524 1302 561 1370 l),
589 1296 748 1370 significans
763 1296 848 1353 corda
862 1295 972 1351 Judaeo-
1024 1306 1050 1354 et
1074 1299 1296 1370 concupiscentia
1327 1301 1431 1370 majore
1453 1308 1479 1355 et
1504 1315 1575 1356 nova
1598 1299 1826 1370 prevaricatione

174 1405 233 1444 rum
248 1388 366 1459 lapidea.
383 1387 452 1456 Quia
468 1387 537 1442 sicut
551 1386 619 1456 lapis
635 1385 803 1457 sculpturam
812 1384 921 1456 quidem
932 1399 975 1440 re·
1023 1395 1137 1443 mortem
1163 1387 1321 1443 interebat:
1350 1388 1388 1455 Si,
1417 1388 1546 1460 inquam,
1576 1387 1738 1444 ministratio
1766 1388 1826 1445 haea

174 1477 248 1547 cipit,
264 1477 313 1532 sed
327 1475 394 1531 nibil
408 1476 508 1542 sentit;
533 1474 572 1529 sic
595 1474 677 1530 corda
700 1473 866 1540 ludaeorum,
890 1473 974 1528 corti·
1025 1477 1124 1532 mortis
1141 1477 1246 1532 litteris
1261 1484 1362 1532 tantum
1378 1479 1503 1549 formata
1527 1492 1583 1532 non
1605 1476 1743 1545 adjutorio
1765 1476 1825 1548 spi·

174 1581 234 1620 cem
253 1564 363 1636 quidem
378 1563 457 1635 legis,
473 1563 501 1617 id
518 1570 560 1617 est
581 1561 715 1618 carnalem
730 1560 894 1616 inteMectum
910 1577 974 1616 sus·
1023 1565 1090 1619 ritus
1106 1563 1226 1634 proficue
1241 1564 1312 1621 lacta
1328 1582 1335 1620 ε
1352 1564 1468 1620 formata
1491 1565 1551 1621 dico
1576 1565 1608 1620 in
1624 1564 1775 1638 lapidibus.
1792 1565 1825 1620 ln

172 1661 322 1723 ceperunt:
340 1652 388 1707 sed
402 1650 539 1706 medulam
563 1650 634 1723 legis
656 1649 834 1721 spiritualem,
859 1648 971 1716 scilicet,
984 1682 1010 1741 B
1024 1652 1128 1708 sabulis
1143 1653 1215 1708 enirn
1229 1652 1343 1723 lapideis
1357 1653 1400 1708 lex
1412 1653 1499 1724 Moysi
1517 1653 1579 1708 data
1598 1652 1657 1719 tuit,
1673 1660 1702 1708 ut
1717 1652 1824 1726 signiti-

174 1741 341 1796 intellectum
368 1756 422 1795 non
452 1738 701 1794 senseruntzbiait
721 1737 856 1808 superius.
885 1736 973 1791 Nemo
1024 1748 1098 1796 caret
1113 1740 1221 1813 lapidea
1236 1741 1496 1811 cordajudaeorum.
1512 1741 1550 1810 Si,
1567 1741 1687 1813 inquam,
1704 1741 1824 1797 beami-

174 1829 353 1884 tamidoneus
368 1836 397 1883 ut
412 1843 465 1901 ego
481 1842 487 1881 :
503 1828 600 1883 iterum
621 1842 669 1883 vos
693 1825 758 1881 estis
773 1824 887 1897 epistola
901 1841 971 1894 mea,
1023 1829 1144 1884 nistratio
1158 1831 1216 1901 tait
1231 1830 1318 1901 Moysi
1343 1829 1437 1884 velens
1460 1830 1492 1884 in
1513 1829 1638 1885 habenda
1651 1830 1744 1901 gloria
1759 1848 1768 1886 .·
1786 1828 1825 1885 ita

173 1926 200 1974 et
213 1934 263 1988 per
276 1933 320 1972 ma
335 1916 401 1972 estis
414 1915 528 1987 epistole
542 1914 651 1981 Christi,
668 1922 694 1969 et
709 1913 742 1969 ad
753 1915 813 1970 brec
828 1913 918 1968 subdit
932 1921 973 1968 ta·
1022 1917 1084 1973 dico
1094 1917 1121 1972 in
1130 1916 1227 1988 gloria,
1237 1922 1270 1973 at
1279 1917 1495 1986 filiilsraetnon
1502 1922 1616 1990 possent
1630 1917 1781 1974 intendere
1791 1918 1822 1973 in

170 2005 225 2062 lem
240 2004 378 2070 fiduciam,
396 2003 509 2069 scilicet,
525 2002 596 2074 quod
610 2001 772 2058 fiducialiter·
786 2001 842 2056 dixi
855 2017 899 2056 me
914 2016 973 2057 rna·
1022 2007 1126 2078 sacten
1136 2006 1470 2078 Moysipropteratoriam
1480 2007 1576 2061 cattas
1587 2007 1656 2078 ejas,
1667 2004 1824 2078 qaaegloria

173 2095 217 2168 gis
232 2094 371 2162 idoneum,
388 2101 439 2148 etc.
457 2092 532 2146 llanc
547 2091 634 2146 talem
657 2089 794 2160 fiduciam
817 2104 872 2144 non
893 2089 972 2144 nobis
1023 2097 1188 2149 cuneantur.
1213 2093 1289 2149 llano
1311 2093 1383 2148 enim
1407 2092 1523 2166 gloriam
1547 2091 1638 2148 vultus
1652 2092 1755 2149 scimus
1769 2094 1822 2149 cito

170 2182 357 2253 praesumimus
370 2179 545 2235 referendam
562 2196 568 2233 :
585 2179 633 2233 sed
659 2177 792 2234 babemus
816 2178 885 2232 hanc
900 2176 972 2232 fidu·
1022 2179 1145 2251 elapsam
1169 2194 1186 2235 a
1209 2181 1312 2252 Moyse.
1339 2180 1378 2245 si,
1401 2180 1521 2252 inquam,
1549 2180 1707 2236 ministratio
1727 2181 1822 2236 mertis

172 2271 243 2327 eiam
258 2269 428 2326 referendam
443 2269 479 2323 ad
488 2268 589 2323 Deam.
606 2264 677 2334 Quia
691 2267 763 2322 enirn
775 2265 890 2321 idonens
900 2282 970 2333 sum,
1022 2268 1071 2323 tuit
1085 2269 1172 2340 Moysi
1181 2269 1208 2323 in
1220 2276 1294 2324 tanta
1303 2268 1392 2343 gloria
1408 2270 1561 2342 :quomodo
1574 2270 1753 2326 ministratio
1762 2271 1822 2341 spi-

171 2360 244 2431 quod
258 2375 308 2416 vos
322 2357 388 2412 estis
402 2356 518 2428 epistola
531 2370 593 2411 mea
609 2373 616 2409 ι
632 2355 685 2411 boc
708 2361 793 2409 totum
814 2354 888 2408 Deus
903 2370 969 2425 ope·
1021 2359 1107 2422 ritas,
1122 2357 1150 2412 id
1166 2365 1207 2413 ast
1222 2357 1365 2430 Evangelii
1388 2374 1449 2413 cum
1472 2373 1526 2430 quo
1552 2374 1603 2429 per
1625 2372 1723 2413 manns
1746 2373 1822 2414 meas

173 2456 260 2503 ratur.
276 2447 423 2514 Habemus,
434 2446 558 2517 inquam,
570 2443 605 2499 ad
615 2444 713 2510 Deum,
729 2450 755 2499 et
763 2459 815 2516 pcr
828 2441 971 2498 Christum
1022 2445 1137 2516 Spiritus
1153 2453 1262 2500 sanctus
1284 2445 1505 2511 administratum
1531 2445 1668 2517 quomodo
1692 2445 1746 2502 boo
1763 2461 1821 2502 nnn

171 2536 337 2592 mediantem
353 2552 360 2589 ε
377 2534 501 2591 Christus
516 2531 748 2588 enimsecundum
762 2529 906 2602 imparium
920 2529 971 2586 Dei
1021 2534 1078 2589 erit
1101 2533 1168 2588 mihi
1189 2535 1278 2605 magis
1299 2533 1395 2590 valeus
1415 2535 1447 2589 in
1472 2533 1600 2589 habenda
1628 2534 1719 2605 gloria
1738 2549 1819 2605 quam

118 2674 124 2684 .
172 2623 342 2681 consecravit
357 2639 401 2678 me
415 2622 543 2678 idoneum
567 2620 738 2692 Apostolum.
763 2618 901 2674 Fiduciam
916 2618 970 2673 uti·
1020 2621 1204 2692 MoysiiNon
1219 2621 1272 2678 boc
1286 2621 1350 2677 dicit
1365 2630 1393 2677 ut
1407 2638 1437 2678 se
1452 2622 1550 2678 merito
1572 2621 1698 2693 praeterat
1722 2622 1818 2694 Moysi,

170 2729 223 2785 que
237 2713 309 2768 banc
320 2710 494 2767 habemusad
504 2710 593 2765 Deum
609 2726 616 2762 ε
632 2724 690 2764 non
699 2708 737 2762 ita
748 2707 819 2780 qaod
829 2706 971 2777 suffieien-
1021 2711 1070 2765 sed
1085 2709 1142 2765 sola
1156 2709 1289 2782 dignitate
1304 2709 1457 2766 ministerii.
1475 2711 1526 2767 Per
1535 2727 1632 2766 manus
1644 2711 1718 2767 enim
1732 2709 1820 2781 Moysi

171 2806 211 2859 tes
225 2803 314 2858 simas
325 2802 460 2871 cogitare,
472 2799 573 2854 nedum
582 2796 689 2868 operari
699 2795 808 2868 aliquid
818 2796 930 2863 anobis,
942 2794 970 2849 id
1020 2806 1157 2870 praecepta
1171 2798 1230 2854 sola
1244 2799 1388 2868 dabantur,
1405 2798 1477 2853 nulla
1499 2799 1589 2870 gratia
1606 2816 1613 2852 :
1629 2799 1710 2854 seda
1735 2797 1818 2854 Paulo

170 2897 212 2945 est
222 2889 364 2945 utilitatem
375 2895 505 2943 nostram.
519 2883 966 2955 Qansibocpossitesseeanobis,
1020 2895 1047 2942 et
1060 2893 1198 2957 praecepta
1216 2903 1222 2940 :
1238 2894 1264 2941 et
1277 2902 1327 2957 per
1341 2886 1542 2957 impositionem
1561 2903 1656 2941 manus
1673 2886 1741 2956 ejus,
1757 2901 1818 2959 gra·

169 2977 195 3033 id
211 2985 253 3034 est
267 2994 300 3034 ex
314 2976 418 3032 viribus
434 2974 543 3040 nostris,
554 2973 612 3028 sine
623 2981 788 3043 cooperante
803 2970 892 3042 gratia
907 2970 966 3026 Dei.
1020 2975 1056 3029 tia
1071 2974 1185 3046 Spiritus
1199 2974 1286 3030 sancti
1302 2974 1444 3044 adjuvans,
1460 2983 1489 3030 ut
1504 2991 1564 3047 quae
1578 2974 1817 3046 praecipiebantur,

168 3067 202 3122 Et
216 3066 280 3122 licet
295 3064 360 3119 nilril
371 3062 534 3119 sufficiamus
544 3078 577 3116 ex
587 3060 675 3129 nobis,
693 3066 785 3114 tamen
799 3058 965 3127 sufficimus3
980 3033 1003 3094 Ο
1018 3070 1111 3133 posset
1126 3063 1208 3117 homo
1223 3062 1343 3133 operari.
1359 3061 1428 3131 Quia
1441 3062 1478 3118 ait
1496 3063 1524 3118 in
1546 3062 1643 3119 taciem
1662 3061 1750 3134 Moysi
1763 3078 1818 3117 non

168 3155 216 3211 sed
227 3153 273 3208 illa
283 3153 735 3223 sufficientianostrauontantum
745 3147 894 3219 cogitandi,
906 3146 964 3215 sed,
1016 3140 1098 3226 posse
1115 3150 1257 3206 intendere
1269 3152 1390 3216 Judaeos,
1407 3151 1516 3224 signum
1530 3158 1588 3207 erat
1602 3150 1676 3223 quod
1690 3150 1816 3221 spiritua-

167 3242 235 3297 sicut
249 3240 421 3312 praemissum
436 3246 488 3305 est,
508 3237 607 3293 idonea
630 3235 773 3307 operandi.
798 3234 893 3290 Omnis
907 3236 967 3291 lraee
1016 3255 1059 3295 em
1084 3238 1250 3294 intellectum
1274 3238 1344 3311 legis
1366 3254 1464 3310 capere
1488 3255 1541 3295 non
1564 3246 1691 3310 poterant
1707 3255 1714 3292 :
1731 3255 1812 3310 quem

166 3327 326 3386 sufficientia
340 3327 537 3399 qualiscunque
553 3324 596 3392 sit,
612 3341 649 3380 ea
664 3325 719 3380 Deo
734 3327 786 3380 est.
1015 3326 1110 3394 iacies,
1125 3327 1208 3382 idest
1226 3327 1379 3383 intellectus
1403 3326 1490 3398 Moysi
1510 3326 1600 3383 lucide
1622 3327 1814 3405 cognoscebat.

203 3416 409 3474 Commendavit
431 3429 576 3486 personam
594 3429 671 3468 suern
695 3413 761 3467 satis
778 3429 784 3465 ι
800 3427 872 3468 nunc
887 3426 964 3466 aorn-
1015 3416 1117 3470 lterum
1131 3415 1203 3487 quod
1217 3415 1303 3485 gloria
1318 3415 1406 3471 vultus
1422 3416 1480 3484 ejus
1495 3422 1627 3471 evacuata
1639 3429 1681 3470 est
1692 3433 1699 3468 :
1711 3412 1815 3488 signiti-

166 3505 278 3563 mendat
291 3503 471 3559 ministerium
486 3518 576 3567 suurn,
592 3500 665 3572 quod
687 3500 784 3555 iterum
799 3498 966 3570 retorquebit
1014 3504 1085 3559 cavit
1099 3503 1143 3558 illa
1158 3519 1218 3575 quae
1233 3503 1401 3558 ministrabat
1417 3503 1575 3574 temporalia
1596 3518 1669 3570 esse,
1685 3517 1741 3558 non
1755 3517 1815 3574 pei.

166 3594 200 3649 ad
214 3590 539 3658 commendationemsni,
550 3589 644 3645 dicens
662 3603 668 3642 :
685 3587 738 3655 Qai
748 3588 820 3642 Dens
833 3587 964 3657 secitnos
1013 3591 1159 3659 manentia,
1178 3607 1229 3662 pro
1244 3591 1341 3664 quibus
1356 3591 1533 3663 temporalem
1547 3591 1666 3647 babebat
1687 3590 1812 3663 gloriam.

164 3683 280 3739 idoneos
305 3681 463 3737 ministros.
490 3676 633 3745 Quomodo
661 3675 775 3730 idoneos
796 3689 878 3744 supra
899 3674 965 3728 setis
1013 3680 1083 3735 Vera
1095 3679 1257 3735 ministratio
1272 3679 1384 3750 spiritus
1406 3680 1456 3736 erit
1477 3679 1544 3734 mibi
1563 3681 1592 3736 in
1615 3678 1729 3750 gloria3
1752 3694 1815 3734 narn

166 3769 294 3834 ostendit,
310 3767 358 3824 sed
373 3767 450 3836 cujus
474 3765 512 3820 rei
533 3762 650 3818 ministri
671 3763 734 3828 sint,
758 3760 824 3815 illud
848 3760 963 3816 subdit:
1013 3767 1204 3823 administrare
1237 3767 1372 3839 spiritum,
1396 3775 1437 3824 est
1460 3768 1650 3825 administrare
1670 3766 1813 3838 justitiam.

165 3856 303 3911 Ministros
318 3855 380 3911 dico
394 3851 646 3910 nonitestamenti.
662 3851 745 3906 Vetus
760 3849 964 3905 vestamentum
1014 3856 1192 3912 Ministerium
1217 3863 1306 3911 autem
1327 3856 1439 3925 justiiiae
1461 3865 1502 3912 est
1520 3856 1614 3912 valens
1637 3855 1666 3911 in
1688 3855 1815 3911 habenda

165 3943 241 4015 prius
256 3942 314 4009 tuit,
331 3941 404 4014 quod
418 3947 445 3995 et
467 3938 613 3994 delendum
637 3945 696 3993 erat
717 3953 767 4008 per
793 3936 910 4005 Novum,
938 3945 965 3994 et
1013 3943 1112 4015 gloria.
1127 3945 1199 4000 Nam
1214 3946 1239 3998 si
1252 3945 1430 4000 ministratio
1446 3944 1648 4010 damnationis,
1667 3943 1696 3998 id
1710 3950 1753 3999 est
1766 3958 1813 4000 ve·

164 4030 290 4087 carnales
303 4028 453 4086 secundum
474 4025 659 4084 nereditatem
680 4024 827 4080 instruens.
1013 4031 1080 4086 teris
1093 4031 1172 4103 legis,
1191 4048 1252 4103 quae
1261 4038 1288 4086 et
1296 4040 1437 4103 peccatum
1449 4040 1474 4088 ει
1484 4031 1735 4104 prevaricationem
1749 4045 1815 4103 pee-

201 4120 255 4176 Sed
269 4117 450 4196 Evangelium
465 4122 655 4173 testamentum
669 4129 771 4170 novum
785 4120 837 4180 est,
861 4110 964 4167 docens
1013 4119 1065 4176 aiii
1080 4119 1161 4187 [30513
1179 4120 1212 4189 si,
1228 4119 1349 4192 inquam,
1365 4120 1423 4175 iiaec
1446 4120 1606 4175 ministratio
1627 4119 1713 4191 Moysi
1728 4123 1770 4175 eit
1784 4117 1814 4173 in

164 4217 192 4264 et
201 4208 334 4264 innovata
350 4206 474 4279 spiritum
497 4203 625 4271 hominis,
651 4219 702 4258 nec
725 4202 779 4257 alio
801 4205 963 4256 testamento
1012 4206 1812 4279 plaia,matiomammisea-iam,idesiadminisrriiio

162 4296 367 4352 immutandum.
385 4295 523 4351 Ministros
546 4291 607 4348 dico
630 4291 700 4347 Novi
725 4287 889 4346 Testamenti
904 4285 969 4342 eti*
1009 4295 1120 4364 justitiae
1134 4295 1260 4351 abundat
1273 4295 1338 4350 mihi
1353 4297 1384 4351 in
1397 4298 1501 4367 gloria.
1516 4295 1642 4351 Abundat
1657 4295 1729 4362 ideo,
1745 4293 1812 4367 quia

164 4384 260 4446 sistitis
278 4399 283 4438 :
301 4383 393 4440 nonin
407 4385 506 4439 littera
517 4384 644 4447 lanium,
655 4387 684 4435 ut
694 4380 777 4436 Vetus
794 4377 859 4434 :sed
868 4375 896 4431 in
905 4376 962 4447 spi·
976 4383 1101 4457 Dgloria
1116 4399 1177 4439 mea
1199 4399 1371 4455 permanans,
1393 4383 1440 4439 illa
1460 4383 1627 4440 transitoria,
1652 4382 1705 4440 Ubi
1729 4398 1812 4454 supra

163 4474 225 4532 rita
239 4479 266 4527 et
286 4471 387 4526 littera.
417 4472 500 4528 Vetus
528 4469 601 4525 enbn
627 4468 671 4524 les
699 4465 825 4522 litteralia
853 4462 963 4536 quidem
1012 4471 1048 4526 ait
1063 4488 1070 4525 :
1087 4471 1246 4527 Ministratio
1261 4471 1367 4539 mortis,
1384 4480 1502 4527 mortem
1516 4479 1656 4543 peccatum
1671 4469 1808 4543 intelligit.

164 4568 301 4635 Pfaecepffl
315 4559 406 4625 debat,
423 4557 472 4614 sed
486 4557 549 4629 quia
563 4556 680 4628 italiam
704 4553 820 4625 Spiritus
842 4566 899 4606 1¹0ss
911 4547 962 4604 ha-
1012 4560 1062 4615 Mic
1076 4568 1166 4615 autem
1176 4576 1224 4629 per
1247 4559 1458 4626 damnationem,
1483 4576 1593 4631 poenem
1615 4557 1723 4631 peccati
1735 4558 1812 4615 acci-

162 4650 253 4719 bebai,
269 4648 332 4704 ideo
346 4647 434 4719 magis
448 4646 653 4716 nocebdtquam
663 4642 814 4711 adjuvaret.
827 4639 891 4694 Ideo
901 4638 962 4693 dico
1012 4647 1059 4719 pii,
1076 4648 1147 4703 Vara
1162 4647 1324 4703 ministratio
1345 4663 1406 4703 mea
1428 4647 1546 4703 abundat
1567 4647 1596 4703 in
1619 4646 1705 4720 gloria
1726 4646 1811 4701 mulio

162 4754 265 4796 novum
278 4743 469 4793 testamentum
485 4749 546 4790 esse
559 4733 588 4787 in
611 4731 724 4803 spiritu;
741 4727 841 4802 quiesi
863 4726 892 4782 in
914 4725 962 4781 lit·
1011 4735 1119 4808 magi53
1135 4752 1203 4791 iiam
1220 4751 1272 4791 nei
1287 4737 1481 4808 parificatam
1496 4739 1548 4803 eii,
1564 4736 1591 4791 id
1606 4744 1648 4791 esi
1661 4751 1715 4791 „011
1731 4734 1813 4790 debet

65 4821 67 4824 ’
164 4835 224 4882 tera
238 4834 341 4881 tantum
356 4832 437 4891 esset,
458 4821 607 4880 occideret.
631 4820 741 4875 Littera
756 4817 833 4874 enim
848 4814 959 4880 oceidit,
1011 4822 1065 4879 dici
1079 4821 1261 4896 glorificatum
1276 4824 1328 4880 boc
1342 4823 1413 4896 qaod
1428 4826 1534 4881 claruit
1554 4825 1586 4879 in
1600 4824 1652 4880 bac
1672 4827 1767 4895 parte,
1784 4821 1812 4876 id

163 4915 211 4970 ted
225 4913 484 4987 spiritnsvioificat.
495 4911 548 4966 Les
558 4916 701 4980 vetusque}
710 4901 738 4962 in
752 4905 841 4961 littera
855 4910 961 4958 tantum
1011 4912 1089 4965 estin
1100 4911 1167 4966 facie
1178 4911 1264 4983 Moysi
1271 4915 1389 4985 propter
1396 4913 1585 4968 excellentem
1593 4912 1724 4984 gloriam,
1736 4910 1811 4966 idest

164 5001 307 5066 existebat.
323 5000 450 5057 occidere
463 4999 562 5055 dicitur
579 5012 651 5052 :non
662 4994 725 5067 quis
740 4995 813 5049 neus
828 4993 908 5048 dator
921 4991 961 5046 le·
1010 5000 1286 5070 adcomparauonem
1296 4999 1391 5073 gloria
1401 4998 1807 5057 meaeexcettentioris.vdira:

163 5090 217 5164 gis,
235 5088 277 5144 vel
287 5091 394 5159 Moyses
403 5087 528 5142 minister
538 5085 606 5159 legis
614 5085 666 5141 hoc
676 5083 779 5139 taceret
795 5097 801 5136 :
818 5080 867 5137 sed
877 5079 961 5151 impia
1010 5088 1072 5143 Non
1094 5087 1174 5143 debet
1196 5087 1248 5143 dici
1273 5087 1454 5161 glorificatum
1474 5087 1541 5143 iilud
1565 5087 1637 5160 quod
1659 5086 1757 5143 claruit
1780 5085 1808 5142 in

163 5176 307 5236 carnalitas
322 5176 471 5244 hominum,
488 5192 549 5247 qum
563 5189 616 5229 non
632 5172 783 5245 promeruit
797 5178 825 5226 ut
849 5169 961 5223 baberet
1009 5175 1103 5248 Moyse
1117 5175 1145 5230 in
1158 5176 1211 5231 baa
1224 5184 1312 5248 parte,
1327 5176 1356 5231 id
1370 5184 1412 5232 est
1426 5184 1553 5248 respectu
1568 5175 1647 5246 hujus
1661 5191 1730 5231 meae
1742 5190 1809 5246 par-

162 5266 323 5338 adjutricem
347 5265 465 5336 gratiam
487 5279 548 5321 cum
570 5263 671 5319 littera.
695 5259 762 5329 Quae
783 5258 875 5314 littera
897 5256 959 5311 ideo
1010 5264 1044 5319 iis
1060 5279 1066 5318 ς
1080 5272 1192 5336 propter
1203 5264 1381 5320 excellentem
1394 5264 1519 5339 gloriam,
1545 5280 1606 5337 quae
1628 5263 1715 5335 partis
1739 5277 1809 5318 meae

162 5355 271 5424 occidit,
299 5353 362 5426 quia
386 5360 468 5425 auget
489 5349 736 5422 concupiscentiam
759 5345 874 5419 peccati,
894 5344 960 5399 dum
1010 5356 1061 5415 est,
1077 5356 1103 5404 et
1118 5364 1175 5404 non
1187 5349 1271 5420 partis
1290 5349 1386 5421 Moysi.
1405 5349 1474 5405 Vere
1488 5349 1577 5421 gloria
1591 5363 1654 5403 mea
1669 5363 1751 5418 super
1766 5362 1810 5402 ax-

162 5443 312 5516 probibet:
336 5448 432 5498 natura
456 5448 499 5499 ast
519 5437 593 5496 enim
616 5446 718 5496 nostrae
742 5432 905 5509 tragilitatis,
931 5439 960 5488 ut
1009 5435 1113 5495 callens
1127 5443 1177 5506 est,
1193 5451 1258 5493 nam
1272 5452 1334 5494 mea
1348 5444 1491 5509 permanet
1507 5452 1513 5492 :
1529 5437 1575 5492 illa
1594 5443 1687 5495 autem
1700 5434 1808 5492 transit.
