3742 5986
120 154 170 208 tta
371 155 400 212 S.
416 153 594 212 ERUNONlS
622 152 945 213 CARTEUSlANORUhl
972 152 1214 212 INSTITUTORIS
1242 153 1319 211 OPP.
1347 153 1435 211 PARS
1461 155 1498 210 ll.
1713 159 1764 215 111

118 277 160 333 Νε
176 275 304 333 inflemini
319 277 390 346 dico,
404 286 516 351 agentes
532 279 605 351 quod
620 296 712 351 supra.
734 279 867 351 Scriptum
877 286 917 333 est
926 283 954 342 A
970 277 1110 334 novissimi
1125 295 1218 333 sumus
1235 297 1242 333 :
1259 293 1322 333 nam
1335 277 1460 333 destinati
1470 278 1569 346 morti3
1585 290 1767 354 namspecta·

120 365 257 436 superius,
271 375 301 422 ut
320 368 366 439 qui
388 367 529 440 gloriatur,
554 384 609 423 non
631 369 658 423 iu
673 369 771 424 merito
785 368 912 434 hominis,
964 369 1056 425 culum
1069 368 1181 423 mundo.
1199 369 1232 422 Et
1253 376 1351 423 catera
1376 368 1499 423 similiter
1517 379 1697 441 exponantur,
1715 371 1765 427 sed

119 453 169 509 sed
183 453 211 508 in
227 455 342 510 Domino
356 456 506 528 glorietur;
522 472 576 511 non
591 457 677 513 debes
687 456 775 511 inflari
783 457 914 512 aduersus
963 457 1075 513 ironice.
1092 457 1148 512 Nos
1172 456 1254 523 stulti,
1274 472 1324 512 ros
1347 457 1512 528 prudentem
1530 473 1578 514 vos
1602 458 1696 529 torres,
1713 475 1765 516 nos

117 541 256 598 alterum:
280 544 341 615 quis
364 544 436 600 cuim
459 546 566 617 estqui
589 553 615 600 te
638 546 768 602 discernit
792 546 826 600 ab
849 545 912 611 alio,
963 545 1087 613 debiles;
1107 545 1151 601 hic
1173 546 1270 601 eadem
1293 546 1391 601 ironia.
1423 547 1482 602 Nec
1501 547 1588 602 solum
1620 549 1764 620 premissa

116 631 207 687 sciens
231 633 326 688 merita
349 633 539 707 singulorum?
555 633 658 689 Stultus
680 634 773 706 utique
796 642 847 703 est,
868 632 914 705 qui
962 634 1036 689 mala
1051 634 1176 705 patimur,
1192 634 1241 689 sed
1256 650 1272 690 a
1287 634 1422 705 principio
1441 636 1644 707 praedicationis
1659 645 1763 694 nostrae

116 727 144 775 te
158 720 314 777 discernere
333 722 481 793 praesumit.
508 723 607 778 lterum
629 739 684 778 non
704 723 788 778 debes
807 722 912 789 inflari;
965 724 1763 796 usquaiahuucuoram,clasurr'mrtsalsilimus5ctnudi

116 810 181 882 quia
194 811 261 883 quid
276 811 358 868 hahes
374 819 401 866 tu
415 812 449 866 ab
464 811 511 867 illo
530 812 643 868 doctore
659 812 693 867 de
717 828 770 884 quo
784 811 913 884 gloriaris
962 828 1069 879 sumus,
1080 815 1108 867 ει
1118 810 1245 884 colaphis
1255 811 1434 877 coedr'mur,ct
1443 811 1593 869 instabiles
1602 830 1714 882 sumas,
1727 814 1762 870 de

116 899 187 972 quod
200 917 258 956 aaa
272 902 408 972 accepisti
423 918 439 956 a
452 917 496 956 me
511 902 525 956 ‘t
540 902 626 972 hlagis
652 901 746 973 utique
761 917 779 956 a
798 918 843 956 me
863 917 912 958 ac·
962 898 1023 955 loco
1033 899 1069 954 ad
1079 899 1168 955 locum
1178 898 1284 972 lugati;
1299 903 1327 955 ει
1337 898 1497 957 laboramus
1506 907 1657 972 operantes
1668 904 1761 959 maui-

115 988 222 1059 cepisti,
238 988 300 1060 quia
314 988 406 1058 tidem,
423 1005 504 1061 quam
520 990 554 1045 ab
570 989 627 1045 illo.
644 991 744 1046 lterum
758 1006 813 1045 non
828 990 913 1046 debes
962 985 1011 1042 bus
1025 990 1141 1053 uostris,
1151 988 1224 1042 unde
1234 988 1335 1043 victum
1351 988 1509 1043 habeamus.
1519 989 1760 1048 llaladr'cimurab

115 1076 223 1144 infleri3
240 1078 302 1148 quia
315 1080 341 1133 si
355 1080 490 1150 accepisti
500 1095 515 1132 a
525 1095 579 1146 me,
591 1080 657 1152 quid
671 1080 704 1135 de
718 1078 771 1134 alio
780 1080 913 1151 plurimis
961 1075 1061 1147 impiis,
1074 1080 1101 1132 ει
1111 1074 1581 1133 nosbeardicimusillosl’alimur
1588 1081 1760 1151 persecutio·

115 1168 195 1238 quasi
209 1183 266 1222 nou
281 1168 423 1239 acceperis
439 1168 589 1238 amequod
599 1167 712 1223 abillo?
722 1167 811 1240 magis
820 1167 912 1239 utique
961 1182 1038 1230 uena,
1053 1163 1171 1220 100
1189 1168 1217 1219 cl
1236 1167 1414 1221 sustinemus
1428 1165 1565 1221 alacriter.
1578 1168 1758 1240 Blarpbema·

114 1269 199 1308 ame.
216 1255 267 1310 Vel
281 1254 383 1310 aliter:
405 1255 467 1310 Noli
490 1254 579 1310 indari
593 1255 658 1327 quia
679 1256 739 1327 quis
762 1263 803 1311 est
825 1257 912 1327 quite
961 1270 1036 1320 mur,
1050 1257 1077 1309 el
1098 1250 1275 1308 obsecramus
1297 1253 1404 1324 impios,
1429 1271 1464 1311 ne
1488 1255 1691 1327 blasphement,
1717 1258 1761 1312 vel

116 1341 247 1398 discernit
262 1359 279 1398 a
297 1359 389 1397 massa
403 1343 570 1412 perditorum
584 1343 611 1397 in
626 1343 722 1413 Adam,
738 1351 766 1398 ut
780 1343 862 1399 iaciat
884 1352 911 1399 te
961 1341 1058 1407 Deum,
1067 1349 1094 1394 ιιι
1106 1341 1229 1411 ignoscat
1239 1340 1501 1412 blasphemantibus.
1512 1344 1547 1398 Et
1561 1344 1629 1399 adeo
1644 1344 1761 1400 saeviunt

115 1446 163 1487 vas
178 1431 205 1485 in
226 1433 359 1487 honorem
387 1431 439 1485 nisi
468 1432 541 1487 Deus
569 1431 665 1487 solus?
692 1433 780 1488 Nemo
808 1433 910 1504 utique,
960 1428 988 1484 in
1003 1445 1062 1496 nos,
1075 1429 1147 1501 quod
1157 1430 1230 1500 [acii
1239 1445 1337 1484 sumus
1350 1433 1692 1504 tauquampurpumerrla
1710 1432 1763 1490 bu·

114 1519 210 1574 iterum
227 1536 262 1574 ne
275 1519 399 1586 infleris3
415 1519 478 1591 quia
493 1520 557 1592 quid
581 1520 667 1576 habes
683 1529 709 1575 tu
724 1520 789 1576 boni
808 1522 842 1576 ab
858 1521 910 1576 ali·
955 1519 1005 1590 jus
1013 1518 1124 1572 munuli.
1132 1517 1243 1572 Videtur
1251 1517 1322 1572 enim
1331 1517 1385 1572 illis
1398 1518 1471 1589 quod
1489 1520 1607 1575 mundus
1621 1520 1657 1577 de
1676 1521 1758 1576 nobis

112 1622 177 1679 quo,
193 1608 266 1679 quod
289 1624 344 1662 non
366 1608 525 1680 accepistis
541 1608 619 1664 Deci
643 1609 717 1664 Deus
741 1609 823 1664 totius
847 1610 910 1664 boni
924 1605 1104 1701 Bpolluatur,
1117 1612 1142 1660 et
1165 1621 1215 1676 per
1236 1605 1374 1661 interitum
1387 1615 1510 1662 nostrum
1525 1616 1667 1681 purgetur.
1683 1609 1758 1666 Facti

112 1703 154 1750 est
167 1695 293 1766 largitor.
322 1697 422 1752 lterum
446 1712 501 1752 nou
515 1696 600 1752 debes
627 1697 736 1763 inflari3
763 1697 863 1769 quiesi
882 1706 909 1752 tu
960 1693 1157 1765 sumusutique
1166 1695 1335 1767 peripsema,
1358 1695 1445 1750 idest
1468 1696 1594 1768 purgatio
1607 1699 1757 1767 omnium,-

95 1828 98 1834 .
111 1785 240 1856 accepisti
254 1784 356 1856 aliquid
371 1800 387 1839 a
402 1784 469 1853 Deo,
499 1785 564 1857 quid
578 1785 704 1858 gloriaris
726 1786 798 1852 inde,
825 1786 909 1842 ascri-
958 1782 1086 1855 quiajam
1097 1798 1192 1838 omnes
1205 1792 1383 1854 purgarentur
1397 1784 1419 1838 si
1435 1800 1489 1840 nou
1504 1801 1639 1855 essemus,
1655 1787 1706 1842 sed
1720 1787 1756 1843 de

111 1873 180 1929 bens
192 1873 491 1939 hocmeritohomiuis,
514 1874 590 1945 quasi
611 1890 666 1929 nou
680 1875 819 1946 acceperis
842 1874 908 1929 illud
958 1871 1037 1926 uobis
1061 1871 1226 1943 polluuntur.
1243 1872 1401 1943 Peripsema
1419 1873 1518 1929 dicitur
1530 1880 1757 1947 purgamentum

110 1976 128 2018 a
142 1963 200 2017 Deo
214 1963 228 2017 1
242 1962 309 2017 Dico
319 1978 354 2017 ne
368 1962 531 2034 gloriemini,
543 1964 592 2018 sed
604 1963 674 2018 male
684 1963 766 2030 dico;
782 1964 846 2035 quia
859 1979 908 2019 vos
956 1961 1043 2032 pomi,
1056 1958 1099 2014 vel
1113 1976 1215 2031 spuma
1229 1961 1301 2031 [arri
1316 1961 1465 2017 secundum
1480 1963 1670 2031 Ambrosium
1686 1965 1756 2021 tales

111 2051 209 2107 merito
223 2050 329 2106 debetis
343 2050 455 2122 gloriari
471 2069 478 2105 ε
487 2053 552 2123 jam
567 2051 639 2106 enim
653 2054 722 2108 estis
733 2053 869 2118 saturali,
880 2052 908 2106 id
957 2047 1019 2103 lacti
1034 2064 1128 2103 sumus
1142 2064 1157 2102 a
1172 2049 1306 2120 principio
1320 2049 1415 2105 mundi
1429 2066 1516 2124 usque
1530 2052 1635 2109 adhuc.

111 2147 152 2194 εει
167 2139 231 2193 setis
245 2138 349 2194 habetis
365 2139 435 2194 bona
445 2138 472 2192 in
487 2139 565 2194 robis
576 2159 584 2207 ;
591 2142 654 2212 jam
664 2141 745 2195 etiam
755 2142 829 2212 [aeli
839 2143 907 2196 estis
993 2135 1062 2205 Quia
1076 2152 1171 2207 aspere
1190 2137 1299 2192 locutus
1318 2137 1406 2192 luerat
1431 2139 1587 2207 Corinthiis,
1603 2140 1698 2213 incipit
1713 2142 1754 2198 eis

111 2227 222 2295 diuites,
238 2227 370 2282 habentes
397 2227 472 2298 quod
494 2227 622 2283 dividatis
650 2228 789 2300 singulis;
818 2230 907 2284 ctiam
956 2224 1052 2280 iterum
1072 2224 1200 2290 blandiri,
1225 2225 1319 2282 dicens
1336 2226 1428 2282 :Licet
1448 2227 1551 2283 ironice
1573 2229 1689 2285 dixerim
1703 2246 1754 2286 ros

110 2317 248 2386 reparatis,
263 2315 291 2369 id
306 2322 348 2370 est
363 2330 412 2370 ros
425 2315 500 2387 ipsos
516 2316 586 2371 bene
612 2315 707 2388 regitis
735 2317 794 2372 sine
817 2315 905 2373 nobis.
956 2312 1113 2382 prudentes,
1140 2312 1224 2368 lortes
1240 2321 1265 2368 ει
1279 2314 1394 2383 nobiles,
1411 2323 1501 2371 tamen
1516 2333 1574 2373 aaa
1589 2316 1679 2375 scribo
1695 2319 1753 2375 lucc

109 2404 174 2460 llaec
190 2403 281 2459 omnia
294 2403 406 2469 ironice,
424 2404 472 2459 sed
487 2404 586 2460 amodo
600 2404 683 2460 serio.
698 2407 831 2477 Repaatis
844 2405 907 2462 dico
956 2404 990 2455 ul
1002 2401 1176 2472 causandum
1186 2418 1241 2467 cos,
1255 2409 1281 2456 et
1290 2402 1455 2459 erubescere
1464 2404 1562 2460 laciam
1574 2423 1581 2473 ;
1594 2405 1643 2461 sed
1654 2423 1752 2464 maaca

111 2492 150 2560 (cl
164 2494 279 2548 utinam
288 2491 317 2546 in
331 2492 443 2548 ueritate
451 2494 597 2565 regnetis).
607 2494 665 2549 Hoc
679 2492 751 2549 enim
766 2509 903 2565 cuperem,
956 2505 1012 2558 uos,
1027 2506 1100 2546 nunc
1116 2490 1226 2557 blande,
1235 2507 1307 2547 nunc
1316 2508 1426 2563 aspere,
1438 2497 1470 2548 ul
1484 2508 1561 2548 meos
1571 2495 1752 2552 charissimas

108 2587 138 2634 ut
153 2579 285 2652 regimine
297 2589 392 2636 nostro
406 2597 461 2636 non
473 2581 653 2654 indigeretis3
670 2581 705 2637 ita
728 2583 849 2652 regnetis
872 2586 906 2639 ul
954 2577 1038 2646 filios.
1055 2579 1124 2634 Vere
1147 2579 1231 2648 salios,
1256 2596 1324 2635 aum
1347 2583 1373 2636 si
1398 2579 1526 2638 habeatis
1547 2582 1643 2638 decem
1656 2584 1752 2639 millia

109 2673 138 2723 cl
152 2683 360 2740 aosrcpucmus
373 2669 524 2736 colurum,
541 2669 568 2723 id
585 2678 625 2724 est
648 2677 678 2724 ut
692 2687 742 2725 ros
766 2670 793 2723 in
819 2685 904 2744 rcgno
953 2666 1174 2738 paedupoporum,
1190 2667 1274 2722 idest
1298 2668 1493 2741 magistrorum
1509 2670 1602 2738 (etiam
1630 2670 1753 2727 fidelium

108 2755 154 2812 illo
168 2757 300 2829 dignitate
315 2765 377 2813 vitre
398 2774 448 2813 nos
472 2758 673 2829 praecederetis.
698 2759 806 2813 Alallem
830 2769 904 2815 certe
954 2754 986 2808 iu
998 2753 1129 2826 Christo),
1143 2757 1644 2832 lamaramachabetismultospatras,
1657 2776 1753 2816 secun-

108 2860 158 2901 ros
172 2845 278 2917 praeire,
302 2853 329 2901 et
353 2862 396 2901 me
418 2846 506 2918 sequi,
527 2862 606 2917 quam
620 2861 774 2912 converso;
791 2846 904 2919 quiade
954 2841 1018 2896 dum
1034 2841 1115 2898 fidem
1132 2861 1139 2897 :
1156 2860 1222 2899 vere
1244 2860 1299 2900 non
1313 2846 1428 2910 multas.
1445 2861 1508 2901 nam
1522 2863 1566 2903 me
1582 2848 1678 2903 solum.
1695 2849 1750 2921 Epo

107 2950 151 2990 mc
166 2933 268 2990 certior
282 2951 342 2989 sum
358 2950 440 3006 quam
450 2934 483 2990 de
494 2935 582 2989 vobis.
595 2936 694 2990 lterum
704 2935 808 2991 ironice
824 2952 831 2992 :
849 2936 903 2990 Vos
954 2933 1032 2986 euim
1054 2935 1140 3003 penui
1160 2949 1205 2988 aas
1220 2934 1250 2988 ia
1275 2933 1484 3001 christetae,
1499 2952 1551 3008 per
1564 2936 1750 3009 Euaupelium

107 3024 200 3094 utique
224 3023 355 3096 regnatis,
381 3039 432 3078 nos
453 3022 583 3089 minime3
600 3023 662 3094 quia
685 2995 1058 3096 pulopuodvoscmcum.
1073 3021 1229 3091 Ecquando
1245 3021 1356 3092 quidem
1370 3038 1423 3094 ego
1438 3031 1523 3093 pater,
1540 3039 1590 3079 vos
1600 3022 1657 3079 lilii.
1673 3025 1750 3097 Ergo

107 3111 234 3182 equidem
253 3112 353 3183 putatis
370 3129 377 3165 ι
392 3112 446 3167 hoc
469 3111 573 3167 scilicet
593 3110 665 3183 quod
690 3114 763 3167 oeus
778 3112 903 3169 ostendit
952 3122 1081 3179 rogovos,
1093 3110 1209 3178 (ratres,
1220 3114 1309 3165 estole
1322 3111 1748 3184 meiimitatorcsmtfiliipatris.

106 3215 158 3255 uos
172 3200 347 3265 nouissimos,
363 3199 391 3253 id
406 3198 604 3254 estdcteriores
614 3207 641 3254 et
650 3199 751 3254 nullius
762 3198 902 3273 dignitatis
952 3196 1015 3252 ldco
1039 3195 1112 3251 enim
1136 3196 1198 3267 quia
1220 3197 1268 3251 lilii
1288 3198 1362 3264 estis,
1385 3207 1412 3255 et
1434 3208 1464 3254 ut
1487 3200 1634 3256 imitatores
1658 3203 1718 3257 sitis
1741 3219 1748 3257 :

106 3287 256 3359 apostolos.
267 3286 394 3343 Nosdico
406 3293 541 3360 tauquam
550 3288 812 3355 destinatosmortr',
824 3288 852 3343 id
861 3296 902 3344 εει
951 3285 1017 3339 misi
1031 3283 1068 3339 ad
1082 3300 1127 3340 vos
1146 3286 1390 3359 timotheumque·
1407 3291 1449 3342 cst
1461 3288 1539 3356 filius
1549 3305 1630 3345 meus
1640 3289 1749 3347 altaris-

104 3377 169 3448 quia
183 3376 251 3432 adeo
265 3375 411 3449 affligimur
432 3392 482 3448 pro
497 3376 613 3443 Christo,
638 3384 667 3431 ut
686 3377 856 3433 solummodo
866 3376 901 3430 ad
952 3373 1041 3427 simus
1057 3377 1084 3428 cl
1099 3372 1232 3436 fidelisia
1244 3374 1369 3440 Domino,
1389 3382 1415 3430 et
1425 3375 1487 3431 huic
1497 3377 1672 3447 acquiescite.
1688 3378 1749 3434 hlisi

104 3473 219 3521 mortem
233 3465 290 3520 nati
311 3465 451 3520 videamur
468 3483 475 3520 ς
491 3473 635 3537 propterea
658 3466 736 3521 vobis
758 3465 786 3520 in
800 3466 901 3522 mundo
951 3458 1048 3515 ideout
1058 3461 1092 3514 sb
1101 3461 1149 3532 qui
1163 3477 1208 3516 uos
1229 3465 1465 3534 commonefaciat
1474 3467 1533 3521 vias
1543 3481 1630 3533 meas,
1640 3474 1668 3520 ul
1678 3467 1750 3522 sicut

104 3552 273 3619 florentibus,
302 3553 468 3625 contemptui
499 3570 605 3609 sumus.
636 3554 700 3609 Ideo
733 3554 814 3608 etiam
838 3554 901 3625 quia
950 3562 1014 3619 0130,
1031 3548 1681 3626 5100110011οιηιιίιιιειίιίεειιιιιιιειίειᾳιιε
1696 3555 1748 3612 viae

106 3644 302 3715 spectaculum
315 3643 389 3713 [aeli
401 3659 498 3699 sumus
513 3642 575 3698 lruic
590 3642 695 3697 mundo
711 3661 720 3696 :
736 3642 901 3697 conveniunt
949 3641 1019 3691 sual
1033 3636 1199 3702 insistenda.
1216 3639 1278 3710 quia
1294 3642 1397 3695 suntin
1410 3642 1521 3698 Christo
1534 3644 1610 3709 lesu,
1622 3643 1747 3699 etomnis

104 3730 177 3786 enim
191 3746 287 3786 omnes
301 3730 335 3784 ad
348 3730 554 3801 oppressionem
569 3729 666 3795 nostri,
682 3736 709 3784 et
723 3730 792 3784 mala
807 3739 900 3785 nostra
949 3724 1074 3781 Ecclesia
1103 3710 1231 3797 'sequitur
1255 3743 1312 3783 eas.
1338 3727 1418 3797 Quod
1440 3729 1479 3785 ita
1502 3730 1539 3785 ait
1562 3748 1569 3785 :
1595 3731 1671 3787 Sicut
1693 3748 1746 3804 cgo

104 3817 185 3873 ludus
200 3825 241 3873 εει
256 3833 361 3873 eorum.
378 3817 445 3872 Huic
459 3817 567 3873 mundo
579 3817 640 3873 dico
655 3832 661 3870 :
678 3833 742 3872 nam
752 3821 780 3873 ει
789 3819 899 3888 angelis
949 3813 1034 3869 docco
1048 3813 1159 3886 ubique,
1175 3830 1227 3870 nec
1240 3816 1344 3887 passim
1358 3817 1386 3870 in
1401 3817 1484 3890 agris,
1501 3818 1550 3874 sed
1564 3819 1677 3874 inomni
1692 3821 1746 3876 Ec·

102 3905 192 3972 malis,
218 3904 398 3977 quigaudent
413 3904 447 3960 de
472 3903 617 3961 afflictione
643 3905 738 3974 nostri,
761 3910 789 3962 el
810 3906 899 3962 uomt-
948 3901 1042 3958 clesia.
1080 3903 1133 3958 Per
1162 3904 1235 3960 hunc
1259 3904 1429 3960 Timotheum
1460 3906 1560 3962 dicitur
1596 3908 1745 3979 Apostolus

102 3994 195 4049 uibus.
224 3993 259 4047 Et
288 3993 349 4049 ideo
372 4009 423 4048 nos
454 4001 608 4063 reputamur
638 3993 733 4061 stulti3
757 3994 806 4049 sed
829 3995 899 4050 hanc
948 3990 1056 4046 misisse
1070 3991 1140 4046 hanc
1160 3991 1309 4062 Epistulam
1333 3992 1478 4048 Corinthiis
1494 4011 1501 4048 z
1517 3993 1623 4050 locutus
1637 4003 1679 4050 est
1694 4013 1745 4051 su-

102 4081 241 4137 stultitiam
252 4080 537 4138 bonumessctimitari
548 4081 899 4154 3quiapropterClsrislum
948 4077 1038 4149 perius
1052 4078 1086 4134 de
1109 4079 1320 4150 baptizatoribus
1340 4080 1404 4147 illis,
1429 4090 1456 4137 ct
1469 4082 1536 4137 setis
1549 4082 1675 4154 probavit
1688 4101 1745 4140 non

104 4187 155 4228 aas
178 4173 271 4242 stulti,
287 4188 332 4227 cos
352 4174 448 4227 autem
459 4171 615 4242 prudentes
631 4172 662 4226 iu
679 4170 788 4228 Christo
802 4191 811 4228 :
825 4171 898 4244 quod
948 4183 1032 4221 unum
1046 4166 1248 4237 preterendum
1271 4184 1332 4223 esse
1346 4169 1432 4224 alteri.
1459 4170 1592 4226 causatus
1607 4179 1649 4226 εει
1662 4172 1745 4228 etiam

103 4259 196 4331 utique
211 4275 262 4315 nec
286 4259 361 4326 estis,
382 4275 434 4314 nec
448 4275 510 4315 esse
534 4259 649 4315 debetis.
671 4261 725 4317 Nos
748 4261 857 4331 infir-rur·
871 4267 898 4315 et
947 4253 1008 4308 illos
1023 4254 1057 4309 de
1071 4257 1206 4310 mundana
1217 4256 1359 4327 sapientia,
1375 4258 1448 4328 quod
1462 4258 1551 4314 nimiae
1566 4259 1655 4315 laudis
1670 4269 1744 4317 esset

103 4347 255 4403 imbecilles
271 4347 381 4414 mundo,
406 4365 452 4404 cos
471 4352 569 4404 autem
583 4352 671 4420 [ortes
687 4353 715 4404 ει
729 4348 764 4404 dc
779 4348 897 4419 potentia
912 4342 1020 4412 Dapud
1035 4342 1105 4411 11108,
1122 4351 1149 4398 tt
1163 4343 1197 4399 de
1210 4353 1365 4417 0001001101
1378 4362 1441 4409 ⁸¹¹0:
1458 4363 1530 4403 nunc
1541 4355 1632 4403 tutem
1646 4349 1743 4404 transit

102 4436 196 4490 mundi
212 4435 371 4508 gloriantes.
388 4438 435 4493 Vos
451 4435 568 4502 aohites,
584 4454 635 4493 aas
644 4443 740 4492 autam
749 4435 896 4507 ignobiles.
948 4430 983 4484 td
1010 4429 1085 4498 iilud,
1109 4431 1143 4487 de
1175 4431 1339 4489 i0mitti0t0
1373 4435 1501 4505 diffidam,
1529 4436 1575 4508 (lui
1595 4451 1742 4493 11⁰tetctm

103 4524 153 4581 Vel
180 4524 270 4591 aliter,
300 4532 328 4580 ut
352 4525 410 4580 sine
439 4524 527 4580 ironia
547 4524 656 4598 legatur
685 4542 692 4579 :
718 4524 824 4580 Vellem
847 4541 898 4581 nos
947 4533 1025 4573 suam
1047 4518 1160 4575 duxerat
1184 4537 1299 4577 uxorem
1315 4539 1322 4577 ε
1339 4539 1421 4595 quem
1442 4524 1495 4596 ipsi
1517 4540 1570 4581 nec
1585 4540 1602 4580 a
1616 4541 1743 4581 commu-

102 4629 219 4687 regnare
241 4612 394 4669 vobiscum,
418 4614 487 4668 Nam
511 4622 601 4668 certus
623 4629 684 4668 sum
705 4614 779 4684 quod
802 4629 899 4668 revera
946 4605 1028 4664 1110110
1041 4607 1172 4664 1100100110
1191 4611 1373 4680 sejunxerunt,
1392 4626 1444 4668 1100
1464 4613 1499 4670 de
1522 4621 1634 4685 peccato
1649 4613 1743 4670 fratris

103 4702 280 4775 regnabimus
296 4719 303 4756 ε
319 4710 385 4774 puto
399 4701 482 4771 euim,
497 4709 524 4757 et
540 4700 696 4772 hocutique
707 4699 815 4757 confido
826 4701 899 4772 quod
946 4695 1152 4763 condoluerant,
1173 4698 1222 4753 sed
1236 4699 1326 4770 potius
1339 4699 1504 4756 inflabantur
1516 4701 1579 4757 inde
1595 4701 1718 4758 dicentes
1735 4721 1742 4759 :

103 4790 178 4846 Deus
192 4791 309 4846 ostendit
323 4806 373 4846 nos
383 4790 547 4845 novissimos
560 4789 708 4861 apostolos,
725 4788 752 4845 id
768 4796 809 4844 est
824 4789 898 4844 simi·
948 4783 1026 4853 Quod
1039 4784 1177 4842 siabouo
1200 4787 1350 4859 baptizatus
1373 4797 1456 4859 esset,
1472 4805 1610 4862 nunquam
1634 4790 1663 4846 in
1676 4798 1741 4847 tan·

102 4877 144 4933 les
168 4877 332 4944 novissimis,
356 4877 384 4933 id
406 4885 447 4932 est
466 4877 561 4934 Enoch
587 4884 613 4932 et
635 4876 720 4945 Etiam
738 4877 802 4948 quia
824 4885 899 4933 tanta
948 4879 1001 4927 tam
1023 4874 1127 4944 peccati
1149 4874 1256 4931 lorcam
1277 4885 1376 4947 rueret,
1405 4879 1636 4949 quemadmodum
1655 4896 1743 4952 appa-

104 4963 224 5037 patimur
248 4966 331 5022 modo
362 4966 390 5020 in
413 4965 547 5037 principio
570 4964 712 5031 Ecclesia,
738 4974 838 5037 quanta
861 4966 899 5021 illi
947 4960 1034 5029 rebat,
1048 4961 1077 5016 in
1097 4963 1194 5034 quibus
1217 4980 1252 5020 ne
1272 4965 1397 5021 similiter
1410 4976 1562 5038 peccarent,
1579 4969 1745 5039 operabatur

105 5053 214 5126 passuri
228 5061 291 5108 sunt
305 5054 340 5108 ab
354 5053 519 5110 Antichristo
530 5055 557 5108 in
573 5052 636 5109 fine.
652 5054 730 5110 Unde
744 5053 816 5110 idem
832 5056 900 5110 Pau·
945 5049 1047 5118 iustitia
1070 5051 1253 5122 baptizatoris.
1274 5053 1374 5109 Littera
1397 5056 1437 5111 sic
1448 5055 1593 5127 jungitur:
1610 5057 1670 5129 Ego
1685 5058 1744 5113 sol-

105 5141 148 5197 lus
163 5141 199 5196 ait
215 5159 221 5196 :
241 5163 252 5193 ι
269 5143 434 5197 Nossemus
449 5143 476 5197 in
487 5158 556 5214 quos
566 5141 634 5197 fines
644 5142 807 5198 saeculorum
817 5144 899 5198 deve·
948 5137 1038 5194 licitus
1053 5139 1087 5194 de
1110 5140 1187 5195 vobis
1202 5150 1230 5197 ut
1244 5150 1323 5214 pater
1345 5143 1380 5198 de
1394 5142 1472 5213 filiis,
1492 5143 1568 5200 mitto
1581 5145 1616 5199 ad
1631 5161 1681 5201 ros
1695 5146 1744 5201 Ti-

107 5240 204 5288 nerunt
219 5231 243 5300 (l
256 5231 316 5288 Cor.
333 5246 359 5296 x,
377 5234 431 5300 11).
451 5254 462 5279 ι
479 5229 568 5299 Quare
576 5230 657 5285 etiam
667 5230 741 5285 Nero
756 5229 843 5287 dictus
859 5238 900 5286 est
948 5228 1105 5295 matheum,
1120 5229 1169 5284 sed
1183 5231 1296 5303 puidam
1311 5232 1344 5287 de
1354 5232 1428 5288 vohis
1438 5234 1633 5302 scalistati,-
1647 5242 1674 5289 et
1688 5233 1744 5290 lor·

106 5319 299 5388 Antichristus,
326 5316 391 5389 quia
417 5318 644 5388 quemadmodum
675 5317 726 5373 iste
756 5319 851 5375 Enoch
873 5327 900 5374 et
949 5321 1021 5371 tasse
1042 5326 1154 5389 propter
1173 5318 1330 5391 superbiam
1354 5336 1429 5376 suam
1450 5336 1504 5376 non
1528 5337 1589 5376 eum
1614 5322 1742 5391 audituri,

105 5406 204 5484 Ellam,
220 5407 262 5464 sic
282 5406 329 5462 ille
352 5405 460 5462 l’etmm
483 5413 510 5463 et
524 5406 637 5463 Paulum
654 5404 800 5464 interiecit.
828 5408 900 5464 Vere
949 5402 1011 5462 ideo
1027 5405 1061 5462 dc
1075 5406 1202 5479 superbia
1224 5408 1269 5465 hic
1293 5408 1380 5483 tangit
1401 5425 1459 5479 eos,
1479 5404 1510 5466 ui
1520 5410 1549 5465 in
1564 5410 1638 5468 omni
1652 5412 1744 5468 humi-
