3750 5984
83 219 134 272 soa
320 174 357 197 ”’
479 274 481 278 ,
773 209 866 270 vrrs.
886 235 922 249 —
939 207 1005 265 cru.
1026 212 1047 270 1.
1682 214 1736 274 att
1816 243 1827 253 .

83 338 123 395 nit
136 337 291 393 thesaurum
306 334 439 392 abscondi
453 342 589 407 oportere,
601 336 689 393 donec
704 344 757 394 tam
771 335 880 394 omissis
893 333 1041 409 deligam,
1057 336 1166 409 ignoro.
1183 337 1376 396 Verumtamen
1394 339 1456 397 dico
1481 357 1535 415 ego
1551 342 1625 415 quod
1639 343 1738 401 horum

86 426 212 485 omnibus
249 440 310 497 quae
337 423 498 495 habuisset,
526 424 618 496 potius
645 441 728 498 quam
755 425 882 493 venditis,
936 425 1062 497 elegeris,
1088 427 1146 484 sive
1169 426 1339 498 praestiteris,
1365 428 1422 485 sive
1447 431 1573 487 renueris
1597 440 1736 504 praestare,

85 530 175 572 emere
190 513 265 569 illum
280 519 432 570 mereretur
445 520 472 568 et
486 513 609 570 securius
624 514 776 586 possidere.
853 548 855 557 ι
935 511 1008 581 quod
1022 509 1154 582 posceris,
1171 510 1236 578 vita,
1252 526 1307 567 non
1321 526 1405 579 mors,
1423 513 1471 569 tibi
1490 521 1541 570 est.
1558 514 1659 571 Verum
1673 517 1739 589 quid

27 604 35 619 '
122 605 327 670 Verumtamen,
352 600 416 658 licet
443 600 660 659 dissimulatione
687 602 782 671 multa,
811 602 886 676 quod
935 599 1036 672 egeris,
1052 616 1135 672 quern
1148 599 1250 655 exitum
1264 599 1413 668 inveneris,
1430 609 1456 658 et
1478 602 1594 675 qualiter
1608 603 1740 679 effugeris

85 691 256 758 moliebatur,
273 697 366 762 tegere
388 688 529 761 niteretur,
546 689 667 764 effugere
690 698 782 748 teman
797 690 885 763 suspi-
935 703 1031 744 manus
1045 688 1214 759 importunas
1225 688 1284 758 jam
1298 688 1451 746 videamus.

85 781 192 838 cionem
211 778 319 836 solertis
333 778 454 850 nequivit
469 779 594 850 pastoris,
615 779 699 835 nimio
714 796 777 836 eum
791 794 886 836 amore
974 797 985 827 r
1003 776 1104 833 Solitns
1118 777 1210 849 utique
1224 783 1251 832 et
1266 785 1392 833 assuetus
1406 779 1519 837 obedire
1543 781 1738 854 praepositissa

84 868 206 926 celantis.
222 868 300 924 Unde
314 866 349 922 ad
363 867 475 938 propria
503 867 543 922 eis
572 868 623 923 sub
641 867 813 924 festinatione
839 883 885 924 re·
936 864 1077 934 subjacere
1091 865 1141 932 eis,
1158 864 1266 920 nescius
1287 866 1482 934 contradicere,
1513 869 1645 942 ignorans
1665 869 1738 928 nolle

83 957 196 1031 gressis,
212 957 253 1013 sic
267 955 397 1028 lacrymis
412 970 462 1011 ora
476 954 595 1011 suffusus
618 956 709 1014 senior
723 957 799 1013 illum
815 956 885 1012 affa—
935 953 1120 1025 acquiescere,
1136 953 1186 1009 das
1195 969 1308 1009 manum
1318 954 1449 1028 erigenti,
1461 965 1487 1012 et
1502 958 1671 1030 praecipienti
1684 958 1739 1016 fide

83 1056 151 1102 tur.-
168 1068 179 1094 ιι
197 1044 231 1112 0,
247 1044 344 1117 inquit,
360 1042 398 1099 fili
419 1043 590 1114 charissime,
616 1045 683 1114 scio,
709 1045 802 1118 utique
817 1046 884 1113 scio,
936 1041 1113 1113 corporaliter
1126 1041 1248 1112 praestitc
1263 1042 1408 1112 satisfacis,
1425 1051 1507 1117 atque
1522 1045 1622 1102 exitum
1636 1046 1672 1104 de
1684 1063 1738 1104 caa-

82 1134 145 1207 quia
159 1133 187 1189 in
206 1132 312 1206 grande
337 1132 439 1188 malurn
468 1148 569 1201 meum,
599 1141 626 1189 et
654 1134 682 1188 in
709 1133 886 1205 irreparabile
935 1138 994 1186 tero
1007 1129 1046 1185 tui
1060 1129 1164 1202 negotii
1177 1129 1269 1186 divino
1294 1147 1408 1203 prorsus
1441 1134 1553 1191 arbitrio
1581 1135 1736 1192 committis.

83 1221 216 1280 Ecclesiae
228 1237 298 1278 meae
312 1221 452 1287 damnum,
469 1228 496 1277 te
512 1221 546 1276 ad
569 1222 743 1278 Canthusiam
757 1223 832 1278 duri.
848 1223 886 1280 'le
935 1218 989 1275 Sed
1004 1218 1085 1290 paulo
1099 1218 1172 1290 post,
1188 1234 1250 1275 curn
1265 1219 1408 1277 haesitares
1436 1221 1601 1295 aliquandiu,
1617 1231 1644 1280 ct
1671 1222 1737 1296 quid

84 1311 136 1368 sibi
152 1310 294 1367 carthusia
308 1317 394 1364 totum
409 1309 511 1381 rapuit,
535 1317 620 1366 totum
635 1319 661 1367 te
683 1310 815 1382 possidet.
828 1312 886 1366 Nos
935 1321 1035 1380 ageres
1049 1307 1202 1380 ignorares,
1220 1315 1246 1362 et
1261 1323 1323 1363 eum
1338 1308 1480 1380 dispendia
1498 1312 1560 1368 vitae
1588 1311 1738 1384 spiritualis

83 1398 193 1457 interim
208 1407 234 1454 te
249 1412 365 1468 corpore
393 1404 471 1453 tenus
498 1397 542 1454 vix
571 1405 704 1466 tenemus,
734 1398 782 1455 sed
796 1398 886 1454 anima
936 1394 1058 1467 quotidie
1073 1394 1233 1462 sustineres,
1250 1402 1276 1451 et
1291 1403 1388 1453 contra
1414 1396 1495 1454 iidem
1523 1399 1614 1456 datam
1642 1400 1737 1457 venire
1817 1444 1822 1455 ,

84 1495 130 1544 tua
145 1487 287 1543 nobiscum
300 1492 420 1542 nonest.
438 1485 492 1542 Sed
515 1501 566 1542 nac
594 1486 678 1555 istud,
707 1502 814 1554 vereor,
840 1487 885 1543 diu
934 1483 1025 1556 potius
1039 1484 1214 1551 abhorreres,
1232 1482 1329 1539 infudit
1343 1485 1433 1541 subito
1447 1487 1523 1543 cordi
1546 1494 1592 1544 tuo
1619 1503 1738 1560 superna

82 1576 133 1632 erit
149 1594 156 1631 :
172 1591 235 1631 nam
249 1573 372 1646 spiritum
387 1573 423 1628 ab
445 1573 555 1630 ineunte
577 1582 687 1630 secutus
711 1582 799 1645 aetate,
825 1589 887 1631 car·
934 1572 1078 1629 clementia
1093 1571 1244 1630 verissimae
1258 1580 1286 1629 et
1299 1571 1477 1632 lucidissimae
1495 1575 1602 1632 radium
1629 1576 1737 1634 discre-

81 1681 146 1721 nem
160 1662 240 1721 vilius
254 1658 368 1730 ducens,
384 1661 457 1718 illius
476 1663 571 1734 procul
593 1663 676 1720 dubio
699 1664 812 1735 impetu,
828 1679 921 1750 nonB
936 1661 1026 1727 tionis,
1042 1660 1180 1732 inspirans
1195 1660 1244 1716 tibi
1259 1669 1287 1717 et
1295 1661 1453 1720 certificans
1467 1671 1494 1720 te
1516 1663 1675 1737 plenissime
1690 1680 1737 1721 sa-

82 1753 161 1809 istius
174 1751 279 1818 ductus,
295 1750 375 1806 nobis
389 1749 417 1806 in
443 1751 522 1808 brevi
549 1767 579 1807 es
608 1752 794 1810 abducendus.
814 1753 885 1810 Proh
936 1757 1104 1807 crementum
1119 1765 1175 1806 non
1189 1766 1251 1807 esse
1275 1750 1489 1821 observandum,
1512 1752 1738 1810 inconsideratius

84 1840 185 1899 dolori
202 1840 295 1897 lumen
323 1839 464 1896 oculorum
485 1856 610 1897 meorum
624 1840 664 1898 sic
678 1841 768 1897 subito
782 1840 886 1897 anstin—
937 1845 1071 1895 extortum
1087 1847 1181 1896 contra
1196 1841 1337 1898 utilitatem
1356 1840 1453 1898 animae
1475 1848 1520 1897 aut
1534 1840 1562 1897 in
1587 1841 1737 1899 detrimen·

83 1931 185 2005 guitur,
201 1937 227 1985 et
241 1928 354 1985 baculus
364 1944 433 1985 meae
443 1928 600 1996 senectutis,
611 1943 674 1986 cum
689 1945 723 1986 eo
733 1930 791 2000 jam
806 1929 886 1986 solito
936 1935 992 1984 tum
1007 1943 1080 1984 verae
1095 1928 1200 1986 salutis.
1216 1931 1311 1988 Sciens
1333 1930 1416 2003 igitur
1439 1937 1467 1985 et
1494 1929 1644 2001 exsultans,
1674 1930 1737 2004 quia

82 2019 143 2092 plus
156 2018 303 2089 indigeam,
320 2016 477 2074 nutabundo
491 2017 654 2089 praeripitur.
686 2018 741 2075 Sed
764 2017 886 2090 nunquid
936 2031 1035 2074 revera
1048 2016 1101 2073 ista
1115 2017 1142 2073 in
1154 2025 1180 2075 te
1190 2018 1350 2092 loqueretur
1364 2018 1497 2076 Dominus
1506 2019 1581 2076 Deus
1595 2026 1667 2090 tuus,
1689 2035 1737 2076 au-

83 2107 200 2164 dulcedo
214 2105 305 2161 mellis
318 2105 372 2162 mei
388 2104 428 2162 sic
450 2105 599 2178 derepente
616 2113 736 2163 vertetur
748 2106 776 2163 in
790 2107 885 2163 absin-
936 2105 1015 2162 diens
1029 2122 1091 2162 eum
1107 2115 1134 2163 et
1145 2108 1305 2172 exaudiens,
1322 2107 1446 2179 deposita
1460 2107 1543 2164 domo
1557 2107 1606 2163 tibi
1619 2107 1735 2176 credite,

84 2197 179 2264 thium,
195 2203 222 2252 et
236 2194 324 2268 gloria
337 2210 408 2260 mea,
426 2195 529 2266 quade
544 2193 600 2251 filio
629 2195 753 2267 sapiente
781 2203 886 2251 tanturn
936 2195 1010 2251 nullo
1025 2195 1128 2252 sciente
1143 2195 1206 2268 quia
1219 2197 1293 2253 nullo
1315 2196 1470 2263 insidiante,
1487 2196 1607 2253 nectale
1634 2195 1736 2268 aliquid

84 2281 583 2357 gloriabaturpater,itaredigeturin
597 2283 883 2354 nihilumllliserere,
936 2283 1103 2356 suspicante,
1133 2286 1205 2341 clam
1228 2284 1399 2352 discessisti,
1429 2293 1455 2342 et
1483 2284 1650 2341 carthusiam
1679 2284 1737 2358 (ts)

84 2372 132 2442 fili,
147 2372 278 2428 miserere
294 2370 382 2442 potius
397 2370 483 2441 patris
498 2370 547 2438 tui,
561 2386 613 2428 nec
637 2377 717 2427 tontae
741 2371 886 2427 strenuita-
935 2372 1035 2440 adiisti,
1052 2380 1154 2429 etcum
1184 2373 1285 2448 gaudio
1310 2381 1439 2445 exceptus
1466 2373 1494 2430 in
1520 2373 1605 2429 multa
1632 2372 1735 2430 ibidem

84 2461 119 2517 tis
130 2469 182 2516 tuoe
195 2458 297 2515 solatiis
325 2474 409 2515 canos
435 2473 521 2526 meos,
545 2459 603 2528 jam
627 2457 708 2515 busto
734 2459 884 2530 proximos,
936 2462 1190 2534 gratiaperstitisti.
1207 2462 1356 2534 inquisitus
1375 2477 1441 2518 sane
1469 2461 1605 2518 multoties
1619 2477 1635 2517 a
1649 2477 1736 2534 puero

83 2548 274 2614 destituendo,
296 2547 397 2603 innatae
426 2546 474 2602 tibi
508 2546 615 2619 pietatis
639 2553 666 2602 et
688 2547 886 2619 compassionis
936 2557 982 2606 tuo
996 2549 1054 2620 (20)
1068 2557 1159 2606 utrum
1172 2550 1276 2607 nullum
1305 2550 1460 2622 aliquando,
1488 2557 1517 2605 ut
1530 2549 1640 2617 assolet,
1657 2566 1736 2607 sern-

84 2637 223 2696 cancellos
238 2636 426 2692 transcendas.
443 2635 524 2704 Quod
541 2635 564 2691 si
580 2641 701 2692 materna
714 2635 820 2692 viscera
833 2637 886 2692 Ec·
935 2639 1028 2711 pulum
1043 2639 1102 2696 haec
1116 2636 1180 2695 fidei
1206 2639 1390 2713 transgressio
1417 2638 1466 2693 tibi
1492 2637 1653 2710 peperisset,
1669 2637 1737 2694 mibi

83 2727 184 2789 clasiae,
200 2742 261 2798 quae
275 2732 302 2780 te
316 2725 374 2780 Deo
388 2723 492 2797 genuit,
508 2723 531 2779 si
558 2731 673 2796 paterna
700 2724 807 2796 piorum
821 2723 885 2780 dul·
936 2743 1044 2800 semper
1058 2726 1129 2783 istud
1140 2728 1204 2784 inde
1214 2727 1420 2800 respondebas:
1434 2748 1444 2778 ι
1456 2726 1601 2800 Nunquam
1613 2733 1685 2782 certe
1695 2725 1737 2782 in·

84 2816 164 2883 cedo,
181 2830 242 2887 quae
256 2821 283 2869 te
298 2812 417 2869 suaviter
432 2812 508 2882 fovit,
525 2827 581 2869 non
604 2812 725 2868 funditus
746 2812 886 2870 revocavit
935 2815 970 2872 de
986 2813 1151 2887 scrupulum,
1167 2816 1217 2881 sed
1230 2817 1321 2888 potius
1335 2815 1434 2873 mentis
1445 2814 1562 2885 jubilum
1576 2814 1660 2882 sensi,
1676 2830 1738 2872 cum

85 2904 206 2960 animum
220 2902 255 2958 ad
269 2901 433 2975 perfectiora
445 2900 595 2968 aestuantis,
611 2900 708 2958 saltem
722 2901 751 2956 in
764 2903 817 2959 hoc
832 2916 884 2973 pa·
936 2903 1037 2962 lactum
1052 2905 1174 2973 memini,
1190 2904 1262 2961 unde
1278 2902 1429 2977 proiectum
1443 2910 1546 2960 tantum
1561 2902 1642 2976 coepi.
1660 2927 1671 2952 n

84 3001 170 3050 ternae
182 2989 390 3066 condescendas
407 2989 549 3057 senectuti,
566 3006 601 3046 ne
623 2990 712 3045 adbuc
735 2989 885 3061 spirantem

84 3083 208 3149 deseras,
224 3080 286 3153 quia
300 3080 382 3135 modo
397 3079 425 3134 in
440 3085 466 3135 te
479 3078 539 3136 solo
553 3077 646 3135 debuit
660 3078 806 3150 respirare.
826 3103 837 3128 a

120 3171 193 3226 luter
206 3170 265 3226 haec
280 3175 306 3225 et
323 3167 489 3239 huJusmodr,
513 3182 571 3238 pam
595 3173 737 3239 utriusque
761 3173 886 3238 spiritum
935 3228 973 3282 De
989 3227 1149 3282 tentatione
1159 3225 1336 3296 mmm,
1345 3228 1479 3309 mpod
1494 3221 1602 3281 ordini,
1615 3222 1736 3282 aarum,

30 3287 34 3295 .
84 3261 172 3316 luctus
199 3256 352 3327 absorbuit,
381 3272 444 3313 cum
474 3255 690 3356 resumpto-vix.
708 3255 773 3311 ilatu
801 3271 886 3313 senex
970 3296 1073 3354 siem
1089 3296 1483 3380 inqreuumipwmmmuq
1511 3297 1672 3353 metam„
1685 3295 1736 3353 gg.

85 3348 167 3406 etiam
181 3348 241 3404 haec
255 3354 298 3404 est
316 3345 423 3403 locutus
439 3363 446 3401 ε
465 3345 598 3416 «Spero,
616 3352 713 3417 inquit,
741 3360 822 3416 spero
851 3343 886 3402 de
970 3366 1069 3439 suge,
1089 3368 1172 3422 pappo
1182 3367 1331 3423 salutum,
1485 3337 1493 3363 '

86 3436 209 3511 ingenita
224 3434 272 3490 tibi
287 3434 407 3492 bonitate
422 3432 553 3501 conlisus,
569 3433 747 3490 dilectissime
762 3431 811 3500 fili,
824 3432 887 3504 quia

86 3524 218 3581 exaudisti
233 3539 287 3579 me,
315 3523 392 3578 Juret
421 3538 489 3596 ergo
517 3521 583 3577 mihi
597 3521 625 3577 in
651 3521 761 3577 nomine
776 3519 886 3577 Domini
971 3510 1035 3581 Ipso
1048 3523 1114 3565 vero
1132 3508 1168 3564 nd
1195 3506 1318 3564 ordinem
1347 3505 1569 3564 6111ἰί111ῧίθίἰὸθίῙί
1592 3506 1736 3578 translato,

85 3614 136 3670 Dei
151 3612 192 3668 sui
206 3611 278 3668 silius
292 3627 379 3679 meus,
391 3609 886 3684 quodpatrederelicto(18)Carthu·
935 3597 1050 3669 arripuit
1065 3613 1127 3653 ⁰⁰1⁰
1140 3595 1302 3670 draviSSimss
1317 3595 1442 3663 ῑθῦῑῧῑῑθι
1452 3594 1487 3651 (¹⁰
1502 3609 1557 3667 qua
1570 3593 1686 3668 il)semet
1700 3596 1738 3653 51⁸

86 3702 134 3759 siae
148 3701 253 3769 usibus,
270 3699 334 3756 dum
351 3698 489 3768 advivarrl,
505 3698 618 3755 minime
633 3697 791 3754 sociabitur.
808 3696 886 3754 Alio·
936 3686 1039 3744 referre
1054 3685 1159 3742 Solebat
1175 3703 1182 3741 :
1200 3709 1211 3733 ‘¹
1228 3687 1300 3752 M⁰¹=
1315 3682 1412 3756 inquil.
1431 3691 1461 3739 ul
1483 3681 1555 3740 issfm
1580 3682 1658 3742 00¹¹ae
1679 3685 1736 3756 (2¹)

86 3791 150 3864 quin
175 3787 338 3862 suspicionis
367 3787 460 3855 telum,
490 3803 544 3860 quo
571 3787 675 3844 viscera
704 3786 814 3859 spiritus
831 3785 886 3843 mei
935 3775 1019 3832 limen
1029 3774 1127 3846 pedem
1156 3773 1228 3840 misi,
1256 3781 1448 3845 exsurgentem
1476 3772 1633 3829 tentationis
1660 3788 1739 3832 novae

86 3875 777 3943 atrocitertransfixitumbrarumqueavertetur.
790 3899 801 3924 .
813 3875 887 3932 bens
935 3863 1080 3920 motumin
1096 3863 1254 3921 cordemeo
1274 3860 1432 3918 sensivae
1460 3859 1602 3918 uniformis
1625 3861 1738 3919 tentatio

86 3967 172 4025 bonel
190 3966 261 4036 Quid
276 3966 346 4022 inter
360 3966 419 4021 haec
438 3964 546 4032 mentis,
563 3964 629 4037 quid
647 3963 730 4020 animi
743 3980 825 4021 servo
840 3971 887 4021 tuo
936 3954 983 4011 illa
997 3953 1055 4022 fulb
1071 3953 1126 4011 im0
1139 3953 1266 4026 ingreSSO
1281 3968 1379 4009 ¹1⁰V⁸¹¹¹
1402 3951 1526 4008 “limiam
1541 3951 1633 4008 Omnia
1645 3958 1737 4009 ²0¹¹st-

896 3042 919 3104 0
1167 3116 1171 3123 ·
1236 3083 1348 3139 curor
1375 3082 1447 3138 v111.

85 4057 133 4113 tuit
148 4058 274 4129 (quantus
289 4054 416 4110 incarne
431 4054 489 4123 ejus
508 4053 626 4127 gemina
648 4052 802 4109 dilectionis
817 4068 886 4110 con·
936 4051 979 4101 tor
1017 4042 1157 4099 innovavit
1183 4042 1296 4114 antiqua
1324 4057 1381 4098 suae
1406 4040 1515 4098 matitia
1542 4039 1736 4109 instrumenta,
1842 4098 1852 4122 ,

85 4146 173 4202 hictus
183 4143 312 4200 saeviebat
323 4141 461 4215 alonim
472 4140 606 4197 resloet
617 4141 783 4213 perplexitas
797 4140 884 4197 miral
935 4132 1082 4205 precipue,
1099 4130 1178 4204 quasi
1196 4129 1322 4187 balistam
1350 4129 1579 4197 robustissimam,
1609 4137 1635 4186 et
1649 4145 1693 4196 eo,
1708 4137 1739 4187 ut

85 4233 236 4305 Utrobique
246 4238 403 4302 tempestas,
416 4238 442 4285 et
452 4230 576 4302 utrinque
586 4230 730 4295 aaronitas,
746 4228 887 4286 hincinde
937 4221 1072 4293 sperabat,
1088 4219 1155 4274 mihi
1169 4218 1384 4289 insuperabilem
1404 4218 1529 4284 tetendit,
1545 4217 1602 4275 imo
1616 4217 1740 4275 accendit
1839 4232 1841 4241 ¹

85 4330 112 4379 et
126 4322 161 4377 ad
175 4319 348 4393 naufragium
365 4327 391 4375 et
405 4318 438 4373 ad
458 4325 566 4389 portum
589 4314 730 4390 impellunt
754 4318 888 4374 fluctuem.
937 4317 1031 4366 contra
1045 4324 1089 4364 me
1103 4306 1241 4363 stimulum
1257 4306 1349 4362 cernis
1371 4321 1450 4362 meae.
1475 4305 1525 4363 Die
1540 4321 1573 4363 ac
1588 4313 1668 4364 nocte
1682 4322 1739 4364 non

85 4420 149 4467 tem.
162 4410 191 4465 Si
206 4407 312 4465 vocanti
328 4407 363 4463 ad
376 4406 539 4479 perfectiora
554 4422 608 4462 non
623 4405 734 4462 obediat
748 4407 817 4473 Deo,
834 4405 885 4462 de·
900 4395 1096 4458 Ddiscedebat
1111 4411 1127 4450 a
1142 4410 1186 4451 nte
1200 4393 1356 4465 (huminem
1370 4393 1446 4461 mihi,
1475 4401 1502 4450 0²
1528 4410 1679 4467 perurgens
1693 4410 1739 4453 ¹¹¹0
1830 4446 1832 4450 -

85 4499 182 4554 seritur
197 4496 402 4553 anachoritas:
418 4495 441 4550 si
466 4495 590 4567 potestati
617 4493 784 4552 contradicat
812 4493 886 4550 ordi·
936 4486 1052 4559 angelus
1067 4485 1181 4550 Satanae,
1198 4491 1225 4539 el
1247 4482 1421 4554 colaphizans
1448 4482 1514 4553 me).
1545 4482 1617 4553 Quid
1631 4484 1666 4540 ad
1680 4485 1740 4542 haec

83 4594 155 4642 natae
168 4603 183 4640 a
198 4586 265 4652 Deo,
282 4583 393 4658 gemina
406 4582 512 4640 laeditur
526 4581 654 4639 charitas.
666 4583 726 4639 Una
740 4578 885 4651 deseritur,
937 4590 1001 4649 ego,
1014 4575 1078 4631 lesu
1094 4573 1175 4639 hone,
1187 4571 1242 4628 imo
1251 4571 1486 4644 quidbonitastua
1500 4570 1535 4627 ad
1549 4572 1617 4639 haec,
1633 4571 1739 4630 iaciens

84 4692 144 4748 quae
159 4674 208 4730 Dei
232 4681 293 4729 est:
308 4673 417 4746 gemina
445 4688 499 4728 non
528 4671 674 4743 impletur,
691 4687 752 4743 quae
780 4671 831 4728 Dei
860 4679 887 4729 et
937 4663 1084 4721 bonitatem
1098 4678 1161 4719 cum
1175 4676 1256 4718 servo
1270 4661 1341 4717 tuo?
1355 4662 1415 4733 Ego
1429 4661 1539 4734 quidem
1555 4660 1672 4734 genibus
1686 4668 1740 4717 ter·

82 4763 198 4836 proximi
213 4769 264 4818 est.
281 4760 304 4816 0
319 4761 453 4834 angustiae
473 4760 603 4832 undiquc,
633 4760 682 4816 sed
709 4776 766 4831 pre
793 4759 886 4830 nimia,
938 4768 1007 4823 ram,
1022 4751 1171 4826 gemitibus
1183 4749 1293 4817 coelum,
1309 4757 1404 4821 pectus
1424 4750 1533 4822 pugnis,
1550 4765 1635 4823 genas
1650 4748 1738 4822 lacry-

83 4852 157 4924 quod
171 4852 245 4907 dictu
260 4850 359 4905 mirum
368 4857 419 4915 cst,
433 4847 596 4905 latitudine?
607 4847 679 4918 Quid
689 4856 781 4905 tamen
795 4848 885 4920 faciet,
933 4843 985 4899 mis
1001 4840 1100 4912 rigavi.
1116 4839 1213 4906 tutudi,
1233 4834 1352 4911 pulsati,
1377 4837 1473 4894 cecidi·
1503 4837 1558 4893 Sed
1573 4837 1632 4893 haet
1646 4836 1738 4894 omnib

83 4941 123 4996 sic
138 4939 265 4995 dilatatus
280 4945 307 4993 et
322 4939 361 4994 sia
369 4945 529 5010 angustatus
539 4938 553 4993 l
563 4937 661 4993 Dicere
679 4937 749 4992 inter
764 4937 822 4994 haec
837 4954 887 5010 pc·
934 4941 961 4988 et
973 4930 1025 4987 alia
1040 4930 1179 4984 innumera
1193 4927 1272 4999 quasi
1285 4943 1377 4982 aerem
1401 4927 1549 4984 verberans
1576 4924 1638 4993 ieci,
1667 4941 1735 4998 quo·

82 5036 153 5087 terat
169 5047 176 5084 ι
192 5027 215 5084 0
230 5026 323 5082 anima
335 5026 456 5093 dilatata,
473 5042 490 5081 o
505 5034 532 5082 et
545 5025 635 5080 anima
650 5032 805 5098 angustata,
822 5025 887 5097 quid
933 5035 1020 5092 usquc
1036 5026 1062 5075 ct
1077 5025 1114 5083 tu,
1131 5015 1178 5089 qui
1193 5031 1248 5073 uon
1263 5015 1375 5082 dormis,
1399 5031 1450 5072 nec
1478 5014 1621 5082 dormitas,
1651 5024 1679 5072 et
1692 5015 1740 5088 qui

102 5237 104 5241 ·
120 5207 173 5274 (18)
187 5164 322 5272 spirituali,
336 5218 383 5258 non
393 5206 495 5258 cunali.
970 5198 1022 5264 (21)
1033 5197 1145 5249 Tentatio
1158 5197 1198 5248 bic
1210 5197 1297 5257 rebla,
1312 5194 1409 5246 aliaest
1426 5193 1458 5245 sb
1476 5193 1527 5255 llla,
1540 5207 1594 5258 quae
1606 5195 1670 5247 iutra
1683 5207 1739 5260 cap.

706 5287 772 5340 „gg
805 5288 885 5340 factu,
938 5269 979 5328 rb,
993 5265 1111 5318 retertur.
1137 5264 1193 5314 llec
1208 5263 1279 5340 ¹anim
1300 5274 1355 5313 mot
1380 5260 1411 5310 ab
1433 5261 1544 5339 ingressu
1562 5261 1738 5340 inordinato,

776 5329 783 5350 ⁹
820 5356 885 5408 1173
936 5334 1033 5385 virente
1050 5331 1129 5383 adhuc
1141 5331 1240 5408 basilio,
1257 5329 1334 5380 altera
1346 5331 1402 5392 post
1412 5328 1506 5380 obitum
1519 5328 1611 5404 Basilia,
1625 5331 1654 5406 ‚et
1672 5340 1736 5379 circa

937 5400 1034 5453 initium
1043 5402 1150 5462 suscepti
1161 5400 1283 5461 prioratus
1294 5397 1419 5459 nugonem
1436 5399 1547 5446 nostrum
1559 5394 1653 5446 amarit.

119 5293 172 5358 (19)
186 5295 264 5354 huno,
277 5293 312 5342 uti
324 5292 404 5356 colligi
427 5291 499 5343 datur
516 5303 546 5341 cr
563 5303 618 5354 cap.
643 5289 683 5340 12.

85 5359 316 5491 pqqqlpqqqropirciter
329 5360 405 5411 lustra
418 5358 448 5409 ab
460 5359 570 5421 ingressu
582 5357 607 5408 in
619 5355 729 5408 ordinem
742 5367 805 5408 anno

120 5508 174 5641 (91))
200 5510 227 5561 ld
248 5513 295 5571 eat,
315 5511 415 5560 auctore
435 5508 506 5563 Vitae.
523 5508 585 5561 ilinc
606 5511 632 5561 et
651 5506 779 5571 sequitu:
797 5527 808 5550 ι
826 5506 885 5559 lllbl

86 5589 139 5629 sem
157 5589 194 5628 er.
210 5596 222 5620 ι
