3742 5986
101 210 137 262 89
407 206 597 265 EXPOSITIO
627 208 664 265 IN
689 205 881 264 EPISTOLAS
909 206 1022 264 rtott.
1037 206 1124 263 -ΙΝ
1150 205 1260 264 EPIST.
1289 206 1337 263 to
1360 205 1449 264 holt.
1721 204 1756 261 ttt

103 331 137 386 iu
151 330 234 388 corde
250 335 299 386 tuo
314 332 407 399 (licut.
423 346 495 397 xxx,
508 333 562 402 ll),
578 333 711 388 utercdas
721 332 800 388 illud.
815 333 850 388 Et
860 333 973 394 bocA«
990 331 1078 400 Quam
1102 331 1219 403 speciosi
1233 340 1296 387 sunt
1310 332 1404 403 pedes,
1421 331 1449 386 id
1468 339 1511 387 eet
1524 330 1656 386 adventus
1672 346 1756 387 evan-

103 419 219 475 uerbum
227 420 302 490 quod
314 435 401 491 prope
409 436 470 476 esse
480 420 551 486 dico,
564 425 606 477 est
615 423 729 478 vertum
739 422 814 491 fidei,
823 421 851 476 id
859 428 910 489 cst,
962 420 1146 491 gelizantium,
1163 421 1190 475 id
1205 429 1246 476 est
1261 421 1329 477 bene
1345 420 1561 476 annuntiantium
1577 435 1671 492 pacem
1686 419 1758 476 inter

103 506 228 563 doctrina
256 508 354 564 habilis
383 509 418 564 ad
452 510 629 566 eredendum.
659 511 707 565 Vel
735 510 857 565 Christus
884 509 912 564 in
961 509 1048 564 Deum
1064 518 1090 566 ει
1102 511 1248 575 ιιοιιιίιιειιι,
1261 519 1287 565 ει
1298 509 1541 581 evangelizantium
1556 509 1625 564 bono
1636 509 1702 581 (tra.
1714 509 1754 580 v),

105 612 190 667 quem
204 597 399 654 convenienter
413 598 488 656 credi
502 606 617 671 oportet,
633 598 705 672 quod
732 598 847 654 verbum
861 614 912 655 nos
961 598 1045 654 idest
1066 599 1253 665 humilitatem,
1276 598 1439 664 castitatem,
1463 605 1489 654 et
1504 598 1546 653 his
1561 597 1667 653 similia.
1683 596 1754 667 Quia

103 685 304 757 praedicamus.
326 687 394 754 lloo,
411 687 525 756 scilicet,
540 687 604 743 inde
626 688 817 760 praedicamus,
834 690 909 761 quio,
962 687 1161 758 supradixerat
1183 704 1217 744 eo
1241 688 1314 759 quod
1338 687 1481 742 audierunt
1504 686 1680 742 crediderunt
1696 703 1702 740 :
1719 701 1755 741 ne

103 773 194 840 idest,
204 775 642 846 quodsicoutiteurisllomiuum
650 779 745 834 terum
753 778 784 832 iu
794 793 841 834 ore
850 781 911 844 tuo,
959 784 1117 846 putaremus
1127 777 1200 847 quod
1209 776 1297 832 solum
1306 776 1398 833 audire
1410 774 1547 832 sufficeret
1557 775 1592 830 ad
1600 774 1755 830 habendam

104 866 134 917 et
148 862 307 919 credideris
321 865 353 919 iu
366 865 448 922 corde
464 869 522 932 tuo,
538 866 610 938 quod
628 867 701 922 Deua
715 867 855 921 excitavit
870 866 910 920 it·
960 863 1041 919 tidem
1066 881 1121 920 non
1143 872 1273 936 operante
1301 865 1402 936 Spiritu
1425 873 1519 921 sancto
1542 863 1666 930 interius,
1691 863 1755 920 ait:

105 951 167 1005 tum
183 969 200 1006 a
214 953 346 1021 mortuis,
363 959 389 1008 ει
417 969 587 1025 quaecunque
610 953 790 1025 impossibilia
818 954 853 1009 de
877 968 911 1009 eo
959 952 1034 1009 Licet
1053 953 1168 1009 dixerim
1201 954 1263 1025 quia
1293 954 1412 1010 uadunt
1432 954 1548 1010 crederet
1565 974 1574 1009 .·
1589 961 1680 1008 tamen
1699 968 1755 1008 non

103 1039 214 1105 credas,
229 1054 283 1095 nec
299 1039 389 1113 legem
405 1048 510 1097 naturae
523 1042 644 1112 potuisse
671 1042 724 1113 ipsi
750 1042 883 1098 obsistere
901 1060 908 1096 ε
959 1059 1055 1098 omues
1074 1043 1122 1114 qui
1136 1043 1258 1099 audiunt
1272 1043 1406 1099 obediunt
1424 1042 1584 1119 Evangelio.
1606 1042 1665 1097 Nec
1679 1039 1755 1096 solus

103 1125 128 1180 si
142 1126 207 1192 hoc,
223 1127 320 1199 inquit,
337 1127 503 1194 confitearis,
520 1138 546 1184 et
558 1130 665 1198 credas,
682 1146 736 1186 non
764 1131 853 1186 solum
866 1130 910 1185 vi·
960 1130 1011 1186 hoc
1033 1129 1095 1186 dico
1111 1148 1117 1185 :
1135 1131 1183 1186 scd
1199 1132 1285 1187 lacios
1309 1146 1418 1188 mecum
1439 1131 1560 1186 sentiens
1582 1131 1653 1186 dicit
1674 1130 1727 1186 hoc
1744 1147 1751 1184 :

101 1230 152 1270 vce
163 1215 366 1287 vitapraesenti,
380 1226 410 1273 ut
423 1234 473 1290 per
486 1218 585 1290 legem,
598 1220 647 1275 sed
663 1220 843 1275 etiamsotuus
853 1222 909 1277 eris
962 1221 1089 1285 Domine,
1107 1221 1169 1292 quis
1181 1220 1300 1276 eredidit
1315 1220 1427 1276 auditui
1436 1224 1554 1277 nostro?
1568 1219 1648 1274 idest
1659 1217 1754 1274 veihis

102 1305 358 1362 aeternaliter.Vere
373 1307 396 1361 si
409 1307 493 1363 corde
502 1307 659 1374 credideris,
672 1308 827 1363 salvaberis.
839 1309 909 1364 Num
959 1324 1020 1380 quae
1034 1307 1180 1364 audierunt
1195 1323 1211 1363 a
1233 1308 1322 1376 nobis,
1346 1308 1390 1364 vel
1403 1309 1445 1363 his
1460 1325 1521 1380 quaa
1535 1324 1586 1363 nos
1601 1307 1754 1363 audivimus

102 1394 331 1450 cordeereditur
346 1395 550 1451 adhibendam
564 1398 721 1469 justitiam,
738 1397 765 1450 id
781 1405 822 1452 est
829 1397 909 1465 justi·
959 1412 975 1452 a
991 1405 1016 1452 te
1032 1404 1058 1453 et
1071 1398 1254 1453 nuntiavimus
1269 1397 1322 1452 illis
1332 1399 1346 1453 ‘l
1357 1400 1407 1453 l’er
1424 1398 1557 1470 hoeqnod
1567 1397 1603 1452 ait
1614 1397 1680 1464 Quis
1690 1412 1753 1452 cre-

102 1480 262 1537 ficationem
276 1499 292 1537 a
305 1485 436 1554 peccatis.
454 1483 505 1552 Qui
533 1493 623 1540 autem
634 1484 795 1554 justificatus
808 1493 857 1551 est,
875 1486 909 1542 de
958 1482 1042 1547 didit,
1067 1481 1154 1536 innuit
1176 1482 1274 1537 multos
1287 1482 1396 1538 audisse
1412 1497 1418 1536 :
1435 1489 1462 1537 et
1476 1482 1498 1536 si
1512 1496 1566 1536 non
1582 1497 1686 1547 omnes,
1702 1480 1754 1535 ali·

104 1570 256 1627 salvatione
279 1588 393 1628 securus
407 1581 458 1629 est.
484 1574 517 1628 Et
535 1590 600 1630 vere
629 1574 652 1629 si
679 1575 835 1630 conlitearis
849 1589 907 1644 ore,
958 1585 1026 1641 quos
1043 1577 1135 1626 tamen
1150 1571 1311 1627 credidisse.
1327 1571 1360 1626 Et
1375 1569 1594 1642 quandoquidem
1604 1569 1688 1641 aliqui
1699 1584 1756 1626 cre

103 1660 267 1716 salvaberis.
280 1662 350 1716 Nam
363 1661 500 1718 consessio
519 1662 554 1732 fit
568 1679 615 1720 ore
631 1663 667 1718 ud
687 1663 944 1753 consequendamB
960 1658 1087 1714 diderunt
1113 1675 1119 1713 ι
1145 1675 1214 1733 ergo
1237 1660 1306 1730 fidet
1326 1659 1442 1715 habetur
1465 1676 1502 1715 ee
1526 1659 1637 1727 auditu,
1662 1658 1690 1714 id
1714 1666 1755 1714 εει

105 1757 241 1806 aeternam
256 1752 390 1807 sulutem.
406 1751 471 1807 ldeo
482 1751 680 1823 salutemtquia
694 1753 779 1822 majus
790 1753 907 1823 videtur)
960 1748 1071 1803 credunt
1092 1747 1187 1820 aliqui,
1213 1749 1274 1820 quia
1297 1749 1419 1804 audiunt.
1443 1749 1505 1804 Non
1528 1756 1620 1803 tamen
1634 1747 1755 1804 exomni

105 1839 199 1911 posuit
210 1840 247 1895 ad
275 1838 475 1895 contessionem
491 1840 557 1897 oris.
586 1842 644 1897 Hoc
672 1841 744 1896 enim
771 1839 906 1908 confiteri,
957 1836 1050 1891 auditu
1065 1837 1182 1893 habetur
1196 1854 1261 1892 sana
1274 1837 1343 1893 lidos
1360 1855 1366 1892 :
1382 1837 1430 1893 sed
1441 1837 1587 1893 exauditu
1601 1837 1647 1909 qui
1663 1835 1691 1891 lit
1702 1853 1756 1909 per

107 1928 215 1984 scilicet
231 1929 327 1994 Deum,
344 1945 472 2000 magnum
495 1937 521 1985 et
543 1930 707 2001 praecipuum
721 1939 778 1985 crat
794 1931 821 1984 in
837 1938 907 1986 tem·
957 1926 1079 1990 verbum,
1097 1925 1124 1980 id
1150 1933 1191 1982 est
1216 1926 1365 1982 secundum
1389 1925 1538 1981 doctrinam
1555 1926 1670 1991 Christi,
1687 1924 1756 1982 tides

104 2032 176 2089 pore
190 2018 314 2087 Apostoli
342 2019 471 2074 saei-ieme
486 2019 676 2091 persecutione
693 2038 700 2074 ι
717 2035 771 2091 quo
785 2028 907 2090 tempore
958 2021 999 2068 est
1015 2014 1141 2071 salubris.
1171 2015 1247 2071 Licet
1261 2015 1339 2086 pauci
1362 2015 1506 2071 crederent
1519 2014 1622 2069 auditui
1636 2022 1731 2070 nostro
1747 2032 1754 2070 ι

105 2106 186 2161 ιιιιιΙιί
201 2122 268 2161 sane
284 2107 429 2163 credentes
439 2124 493 2163 non
503 2108 639 2164 audebant
653 2109 742 2180 palam
757 2108 841 2180 loqui,
856 2125 908 2165 nec
958 2109 1048 2157 lamen
1060 2102 1131 2169 dito,
1144 2104 1277 2176 Nuntuid
1287 2119 1344 2159 two
1355 2103 1510 2160 accurunt
1521 2104 1535 2159 i
1545 2101 1754 2175 quusiditerelss

106 2193 245 2252 confiteri.
274 2196 375 2251 Probat
394 2197 467 2269 quod
491 2197 637 2253 credulitas
652 2197 742 2253 cordis
766 2196 905 2267 justificet,
957 2192 998 2246 De
1012 2192 1064 2248 boc
1079 2193 1153 2263 quod
1177 2207 1231 2247 non
1254 2193 1430 2249 crediderunt
1448 2191 1647 2248 inexcusabiles
1668 2198 1754 2247 sunt:

105 2285 141 2339 ab
166 2285 328 2342 auctoritate
357 2285 505 2357 Scriptnrae
531 2304 538 2340 ι
563 2302 615 2342 nec
642 2295 731 2342 ιειιιειι
746 2287 907 2342 determinat
958 2280 1022 2352 quia
1039 2281 1152 2337 verbum
1176 2279 1240 2337 fidei
1261 2281 1414 2338 audierunt.
1440 2282 1575 2354 Equidem
1596 2283 1628 2336 in
1642 2297 1755 2338 omnem

105 2374 186 2443 cujus
210 2374 245 2428 sit
274 2374 405 2445 scriptura
422 2390 428 2429 ε
445 2375 494 2430 sed
508 2374 535 2430 in
550 2375 664 2447 psalmis
678 2375 814 2431 multoties
829 2392 907 2447 aeque
959 2373 1066 2425 terrum
1082 2371 1282 2440 extortiones,
1298 2370 1325 2425 id
1341 2378 1382 2426 est
1392 2370 1472 2438 sama,
1486 2369 1756 2442 eorumpraedicato·

104 2462 200 2520 valens
220 2463 365 2520 invenitur.
956 2473 1027 2513 rum.
1044 2459 1103 2514 Nec
1123 2459 1209 2514 solum
1224 2458 1295 2514 lerna
1312 2477 1318 2514 :
1335 2459 1481 2515 sedetiam
1502 2458 1584 2516 verbu
1603 2475 1711 2525 eorum,
1727 2458 1755 2514 id

140 2553 215 2608 Vere
230 2554 448 2610 cordecreditur
462 2554 498 2609 ed
514 2556 666 2612 iustitiam.
682 2555 751 2609 Nam
768 2553 907 2625 Scriptura
935 2555 1000 2604 cst
1027 2547 1122 2603 eadem
1142 2565 1203 2620 quae
1225 2548 1276 2619 ipsi
1302 2548 1499 2619 predicabant,
1524 2547 1613 2603 audita
1637 2554 1699 2603 sunt
1722 2548 1754 2603 iu

104 2639 194 2697 dicit:
212 2644 319 2706 Ouinia,
338 2642 396 2697 sive
410 2642 531 2709 tudens,
547 2643 604 2698 sive
619 2643 737 2717 gentilis,
753 2643 801 2716 qui
816 2643 906 2699 credit
958 2635 1031 2705 fines
1053 2640 1137 2692 terrie
1152 2654 1159 2691 τ
1175 2645 1202 2692 et
1215 2637 1251 2692 ila
1273 2637 1335 2693 dico
1356 2645 1438 2693 lerrae
1461 2637 1534 2709 quod
1557 2637 1640 2702 orbib
1665 2637 1693 2692 id
1713 2643 1756 2692 eil

104 2731 137 2785 iu
148 2731 235 2786 illum
246 2747 326 2801 quem
338 2732 411 2786 Deus
426 2731 551 2787 excitavit
561 2732 775 2801 amortuis,uou
785 2735 907 2804 cortfuu-
957 2725 1115 2781 orbiculatis
1137 2733 1228 2782 tetrae.
1250 2727 1279 2780 ln
1304 2726 1377 2781 omni
1391 2725 1464 2782 enim
1478 2735 1555 2798 parte
1570 2733 1649 2782 terrae
1663 2726 1755 2782 audita

106 2819 210 2884 detur,
230 2819 257 2874 id
273 2827 313 2874 est
333 2835 388 2875 non
411 2819 552 2876 erubescet
567 2821 646 2892 quasi
664 2821 735 2876 male
749 2821 905 2876 crediderit.
958 2815 1754 2887 sunlverbatp0³l010rttm=Audiettssluliqssevsissulprff

105 2908 181 2963 Bene
190 2908 360 2964 diocoruuis.
372 2909 441 2964 Nam
452 2924 507 2964 noa
521 2917 562 2964 est
573 2909 709 2966 distinctio
718 2910 788 2982 apud
802 2912 906 2966 Deum:
958 2903 1050 2957 batum
1067 2910 1118 2959 esl-
1145 2905 1204 2960 Neo
1228 2905 1316 2960 solum
1338 2921 1386 2961 eos
1409 2905 1518 2960 audisse
1532 2904 1594 2960 dico
1611 2919 1617 2959 :
1634 2904 1681 2961 ted
1695 2905 1755 2962 dico

105 2991 195 3048 tudaei
206 3000 232 3048 et
246 2992 345 3059 Graeci,
361 2992 387 3047 id
403 3002 443 3049 est
458 2994 532 3048 Deus
542 2993 569 3047 in
580 2993 729 3050 salvatione
737 3010 786 3049 sua
800 2994 908 3050 inditia·
959 2993 1031 3062 quod
1055 2992 1136 3048 etiam
1159 3002 1355 3066 cognoverunt,
1382 2995 1454 3067 quod
1472 2992 1666 3067 interrogative
1679 2993 1756 3065 ponit

104 3089 201 3136 renter
217 3081 315 3152 accipit
329 3082 453 3138 tudaeum
481 3090 510 3137 ut
537 3082 676 3157 gentilem,
693 3090 719 3138 et
733 3084 861 3154 gentilem
877 3092 906 3138 ut
921 3055 985 3135 Gut
1000 3082 1089 3154 magis
1106 3098 1153 3138 eos
1164 3083 1272 3152 excitet,
1289 3083 1384 3139 dicens
1400 3101 1407 3138 ι
1423 3083 1556 3156 Numquid
1565 3083 1661 3148 lueet,
1672 3081 1700 3137 id
1710 3095 1751 3137 εει

104 3171 240 3226 tndaeum.
254 3171 323 3226 Vere
338 3171 410 3241 apud
422 3172 509 3227 Deum
522 3171 598 3227 nulla
613 3180 654 3227 est
669 3172 804 3228 distinctio
819 3172 905 3228 tndaei
956 3169 1085 3226 iudaicus
1109 3170 1236 3242 populus,
1261 3189 1319 3229 riou
1334 3173 1484 3243 cognouit?
1499 3173 1558 3227 Duo
1573 3179 1636 3226 sunt
1650 3186 1752 3243 genera

108 3268 135 3315 et
150 3259 263 3330 gentilis
280 3274 286 3314 :
302 3275 366 3314 nam
381 3260 455 3316 idem
473 3269 514 3316 est
537 3262 672 3319 Dominus
696 3263 834 3317 emerium.
852 3260 905 3329 Qui
958 3259 1131 3331 cognitionis.
1156 3261 1244 3316 Unum
1265 3276 1319 3332 quo
1342 3260 1419 3317 sicuti
1442 3277 1498 3316 rem
1514 3260 1615 3316 bonam
1628 3276 1690 3316 esse
1705 3275 1755 3317 co·

83 3365 87 3373 ’
106 3348 179 3404 enim
195 3348 299 3404 creavit
312 3364 405 3417 unum,
422 3349 524 3405 creavit
540 3359 566 3406 et
580 3349 708 3406 alterum.
729 3351 805 3406 Unde
817 3367 905 3422 appa·
956 3348 1123 3419 gnoscimus,
1147 3348 1247 3403 bonum
1269 3350 1347 3419 hujus
1370 3349 1408 3405 rei
1421 3349 1561 3423 diligimus
1576 3357 1602 3405 et
1616 3349 1756 3420 approba-

104 3445 146 3493 ret
162 3437 237 3509 quod
258 3454 362 3510 aequam
387 3438 552 3494 voluntatem
579 3438 676 3494 haheat
700 3439 904 3511 eduramque,
959 3452 1020 3491 mus
1037 3452 1044 3491 ε
1062 3444 1088 3490 ει
1103 3437 1162 3491 haec
1181 3445 1222 3492 est
1237 3436 1309 3492 hona
1333 3438 1462 3510 cognitio.
1480 3439 1600 3494 Alterum
1614 3454 1668 3510 quo
1683 3454 1753 3505 rem,

104 3535 132 3582 ει
157 3527 226 3582 sicut
254 3527 430 3593 voluntatem,
458 3527 499 3583 sic
526 3527 607 3582 etiam
635 3527 718 3583 habet
744 3527 903 3599 potentiam.
957 3524 1035 3581 sicuti
1064 3524 1171 3594 dicitur,
1194 3525 1230 3580 ita
1252 3541 1314 3581 esse
1336 3526 1471 3592 videmus,
1495 3542 1547 3583 nec
1570 3527 1754 3583 contradicere

105 3617 179 3672 Nam
192 3617 252 3687 ipse
266 3625 307 3672 cst
317 3616 395 3671 dives
407 3623 447 3671 :et
457 3617 627 3672 abundanter
641 3617 794 3672 retribuens
809 3619 840 3672 in
852 3633 907 3673 om·
956 3628 1101 3684 possumus
1118 3631 1125 3667 :
1142 3621 1274 3669 ettamen
1296 3631 1354 3670 rem
1371 3614 1445 3670 illam
1467 3630 1521 3670 non
1540 3615 1689 3689 diligimus,
1705 3615 1754 3671 sed

105 3723 158 3762 ner
169 3707 219 3778 qui
228 3707 363 3763 iuvocuut
375 3707 470 3762 illum.
479 3706 579 3761 Probat
589 3707 661 3777 quod
671 3706 807 3778 confessio
821 3706 855 3775 fit
870 3707 906 3762 ud
957 3701 1041 3773 (quod
1058 3702 1145 3757 solum
1168 3707 1326 3775 possumus)
1345 3705 1466 3778 iniquum
1480 3704 1551 3760 velle
1566 3704 1601 3760 od
1615 3704 1687 3759 illam
1702 3705 1754 3760 he-

104 3796 242 3850 rotutem.
268 3794 424 3865 Respondet
448 3804 539 3850 tamen
564 3794 653 3850 littero
681 3796 715 3849 ad
741 3795 904 3866 proximum.
958 3792 1063 3846 bemus.
1080 3792 1144 3847 Haec
1159 3801 1200 3848 est
1214 3793 1284 3849 mela
1299 3793 1419 3867 cognitio
1435 3810 1516 3866 quam
1530 3793 1618 3849 Judaei
1632 3793 1659 3848 in
1678 3792 1756 3849 Chri-

106 3884 265 3940 Verelleus
288 3891 329 3938 εει
345 3884 419 3942 diuet
444 3885 476 3940 in
491 3901 588 3941 omues
602 3884 650 3956 qui
662 3884 796 3940 inuocaret
811 3886 904 3941 illu-m.
957 3892 1029 3939 stum
1064 3882 1227 3939 habuerunt.
1251 3884 1350 3938 Probat
1366 3883 1524 3940 auctoritate
1546 3883 1632 3955 lloysi
1649 3882 1755 3940 ludaeos

103 3973 176 4028 Nam
192 3973 285 4028 omnir
313 3973 471 4045 pomumque
499 3973 533 4027 sit
556 3973 612 4039 ille,
630 3972 688 4028 sive
712 3974 832 4039 iudaeae,
850 3974 907 4029 sive
957 3975 1120 4049 cognovisse
1136 3974 1283 4040 Christum,
1298 3973 1393 4030 dicens
1409 3989 1415 4029 ι
1433 3974 1501 4029 Vere
1515 3973 1601 4029 lsrael
1615 3972 1754 4047 cognovit.

102 4061 229 4134 gentilis,
246 4064 293 4134 qut
307 4063 480 4119 invocaverit
494 4062 834 4128 uomeuhomiui,sotout
851 4065 907 4119 erit
957 4064 1027 4118 Nam
1049 4067 1151 4137 Moyses
1174 4066 1284 4137 primos
1307 4072 1430 4135 tempore
1455 4063 1605 4120 secundum
1629 4061 1757 4134 scripta:

104 4150 335 4222 Quandoquidem
364 4159 471 4221 oportet
485 4167 534 4207 eos
549 4151 676 4208 invocare
700 4159 729 4205 ut
757 4151 904 4220 salventur,
957 4169 1038 4209 nemo
1054 4154 1126 4209 enim
1150 4161 1213 4209 onte
1237 4168 1299 4208 eum
1314 4152 1424 4224 scripsit
1443 4152 1623 4224 prophetiam.
1640 4151 1691 4207 Per
1705 4152 1758 4207 hoc

103 4256 175 4311 ergo
190 4247 297 4310 oportet
310 4254 358 4295 eos
374 4239 491 4309 primum
505 4241 632 4307 credere,
649 4247 678 4294 ut
705 4247 801 4312 postea
829 4241 906 4297 invo·
957 4252 1048 4298 autem
1063 4244 1137 4315 quod
1156 4242 1194 4298 ait
1217 4243 1338 4315 primur,
1362 4241 1451 4296 innuit
1465 4241 1588 4310 ejusdem
1603 4240 1641 4296 rei
1656 4240 1756 4297 multos

104 4336 179 4385 cent.
195 4328 334 4396 Quomodo
349 4329 421 4383 enim
431 4329 601 4385 invocabunt
616 4327 691 4383 illum
706 4330 738 4384 iu
752 4346 834 4402 quem
848 4347 905 4387 uou
957 4338 1042 4387 testes
1058 4348 1129 4398 esse,
1147 4332 1211 4386 licet
1230 4347 1284 4386 non
1307 4337 1419 4401 reponat
1439 4345 1497 4385 eos.
1522 4330 1571 4386 Vel
1596 4329 1711 4402 primus,
1727 4331 1755 4387 id

106 4417 318 4474 crediderunt‘.l
333 4417 410 4489 quasi
435 4417 539 4473 diceret
556 4433 562 4471 :
578 4417 647 4486 Quia
666 4418 778 4473 credent
792 4419 906 4475 invoca·
921 4413 1000 4476 Dest
1015 4421 1170 4493 precipuus
1184 4419 1335 4476 secundum
1348 4418 1518 4490 dignitatem.
1531 4421 1644 4493 ltoyret,
1656 4420 1754 4492 inquit,

106 4507 185 4561 bunt.
203 4506 560 4578 detqucmodocredentei
574 4523 655 4579 quem
667 4524 724 4563 uon
735 4507 905 4563 audieruut:
959 4513 1070 4583 primur
1087 4509 1158 4566 dicit
1172 4509 1224 4564 hoc
1241 4523 1247 4563 :
1263 4509 1318 4578 Epo
1342 4507 1481 4564 adducam
1505 4525 1562 4575 uos,
1578 4508 1704 4576 otudaei,
1720 4509 1757 4566 ed

103 4595 134 4651 id
144 4603 196 4663 est,
208 4595 271 4667 quia
279 4595 388 4650 audient
398 4596 520 4651 credent.
536 4596 778 4664 Quomodouutem
790 4597 909 4652 audient
958 4600 1181 4665 (emulationem,
1207 4597 1234 4652 id
1251 4605 1292 4652 est
1310 4596 1343 4651 ad
1357 4596 1486 4652 invidiam
1501 4605 1527 4652 et
1541 4597 1757 4670 indignationem

102 4685 167 4741 rinc
183 4685 355 4756 predicente
368 4689 379 4740 ι
393 4684 420 4738 id
436 4693 477 4739 cst
504 4685 566 4757 qnia
582 4685 771 4755 praedicabitur
783 4685 837 4740 illis
852 4702 907 4741 uu·
959 4688 1051 4754 animi,
1067 4689 1099 4742 iu
1113 4703 1170 4743 riou
1184 4690 1307 4759 pentem,
1320 4685 1395 4741 idest
1406 4686 1683 4759 contragentilitatem
1695 4703 1756 4758 quaa

103 4775 197 4829 diem.
216 4773 353 4842 Quomodo
368 4790 432 4829 uero
445 4773 641 4846 praedicabunt
655 4775 713 4830 reici
727 4775 910 4830 mittantur?
959 4777 1034 4849 prius
1049 4793 1118 4848 gens
1131 4791 1193 4830 mea
1212 4791 1267 4831 non
1286 4776 1428 4832 dicebatur
1445 4790 1451 4830 :
1468 4782 1537 4848 quo's
1557 4774 1660 4846 vosipsi
1674 4791 1756 4833 canes

106 4862 135 4918 id
148 4870 191 4918 est
206 4863 269 4934 quia
285 4864 358 4918 Deus
371 4862 459 4918 mittet
469 4862 541 4930 illos,
563 4862 644 4919 60
660 4863 857 4934 predicatum.
870 4865 910 4918 Ex
961 4865 1112 4923 vocabatis.
1129 4865 1178 4920 Vel
1192 4865 1224 4920 itt
1239 4881 1295 4921 riou
1310 4868 1432 4936 perstem,
1448 4864 1476 4919 id
1491 4871 1532 4920 est
1546 4864 1757 4935 contragentili-

105 4952 234 5008 omnibus
242 4952 285 5006 his
293 4951 551 5023 interrogationibus
561 4952 675 5008 intendit
684 4953 867 5008 totomvcnire
878 4969 911 5008 ex
960 4963 1043 5011 tatem
1066 4971 1147 5027 quam
1169 4953 1266 5011 faciam
1290 4970 1344 5009 non
1369 4961 1488 5027 gentem,
1511 4953 1539 5008 id
1563 4961 1604 5009 est
1619 4970 1673 5010 non
1689 4955 1759 5010 sicut

104 5040 259 5114 gratiaDci,
272 5041 721 5113 aprincipiovocationisusquead
732 5041 911 5096 salvationem
960 5045 1051 5117 genita
1066 5052 1107 5099 est
1130 5044 1262 5099 dimittam
1285 5059 1355 5110 cam,
1382 5044 1431 5099 sed
1455 5042 1549 5100 inciam
1563 5060 1664 5100 novam
1678 5061 1757 5102 crea-

103 5147 212 5186 eorum.
226 5130 293 5185 Com
321 5129 394 5184 enim
413 5129 477 5185 dicit
496 5130 715 5202 praedicatoresa
731 5132 788 5186 Deo
811 5130 911 5186 missos
960 5142 1048 5189 tutam
1064 5151 1071 5188 ε
1088 5141 1276 5204 regeneratam
1299 5149 1369 5206 aqua
1393 5140 1420 5188 et
1444 5132 1544 5204 Spiritu
1566 5142 1673 5190 sancto.
1700 5136 1759 5192 Nec

103 5236 174 5293 quos
188 5219 331 5274 audierunt
348 5234 354 5272 :
372 5226 398 5273 et
412 5227 473 5291 post
487 5219 607 5274 auditum
620 5220 733 5276 credunt
749 5235 756 5273 :
773 5227 798 5275 et
813 5219 911 5276 deinde
961 5223 1049 5278 solum
1074 5222 1207 5278 adducam
1221 5237 1270 5277 vos
1286 5231 1315 5277 ut
1331 5222 1444 5278 videatis
1462 5240 1468 5276 :
1484 5223 1627 5279 sedetiam
1641 5224 1758 5279 mittem

103 5309 242 5373 invocant,
258 5315 285 5363 et
300 5309 340 5364 sic
354 5308 388 5363 ad
402 5308 524 5363 ultimum
546 5308 684 5364 salvantur
700 5327 707 5362 ε
724 5316 810 5363 ιοιιιιιι
825 5309 912 5363 innuit
960 5329 1007 5368 vos
1021 5314 1054 5367 iu
1068 5313 1152 5380 irem,
1168 5319 1198 5365 ut
1215 5311 1417 5383 persequamini
1439 5327 1497 5368 eos.
1523 5313 1631 5368 llittom
1647 5311 1708 5366 dico
1723 5313 1757 5369 iu

104 5397 281 5454 referendum
321 5413 384 5453 esse
412 5397 506 5469 gratiae
533 5398 593 5453 Dei.
619 5397 690 5453 Vere
717 5398 911 5470 praedicatores
961 5403 1045 5468 irum,
1061 5400 1088 5455 id
1103 5408 1144 5456 est
1160 5408 1255 5456 contra
1270 5399 1448 5474 gentilitatem
1464 5401 1658 5474 insipientem,
1675 5399 1702 5455 id
1717 5409 1760 5458 est

105 5487 250 5543 mittuntur
287 5502 302 5540 a
335 5487 404 5555 Deo,
421 5486 490 5543 sicut
528 5486 658 5559 scriptun
687 5495 729 5544 est
755 5487 783 5543 in
813 5487 909 5544 isaia:
960 5506 1021 5562 quae
1034 5489 1110 5561 prius
1124 5497 1184 5545 erat
1197 5489 1339 5561 insipiens,
1356 5490 1428 5564 quia,
1444 5489 1508 5547 lieet
1517 5488 1592 5546 multi
1602 5487 1760 5566 philosophi
