3750 5984
62 215 115 270 9¹25
705 206 884 267 sclarola:
902 206 1072 280 QUINQUE.
1668 216 1721 272 926

66 337 136 410 regit
151 336 272 408 spiritus,
288 336 349 408 quia
359 350 411 392 nec
424 335 484 406 ipse
494 334 583 391 subdit
596 351 626 392 se
635 334 788 409 regendum
797 334 905 395 bend
919 332 990 391 Dicit
1004 335 1077 390 enim
1085 334 1228 407 Scriptura
1239 351 1244 390 :
1255 336 1475 396 Omnieaatedtn
1485 353 1619 394 aerucam
1628 341 1719 406 taam,

66 427 131 482 llaec
145 433 185 481 est
199 425 253 481 vita
267 424 385 479 hominis
400 424 563 492 inordinata,
581 431 607 480 et
621 423 768 496 perditioni
783 423 869 480 obno·
918 425 1052 495 quantem
1062 440 1098 479 ere
1110 426 1169 496 ipso
1180 425 1374 497 vitoproecda't
1384 427 1476 496 (Prae.
1486 441 1525 496 τυ,
1536 425 1593 496 23).
1605 426 1659 481 Cor
1668 441 1720 480 au-

67 515 119 570 xia.
136 513 188 583 Qui
203 521 292 570 autem
307 513 405 584 spiritu
420 511 538 568 animam
549 513 630 586 regit,
647 519 674 569 et
688 529 737 584 per
751 511 868 566 animam
918 518 973 566 tem
1001 511 1075 567 nullo
1099 511 1151 568 alio
1181 512 1263 569 niodo
1287 513 1385 570 melius
1407 514 1565 584 custoditur,
1589 529 1671 586 quam
1691 521 1721 569 ut

66 617 168 674 eorpus
182 618 290 676 quoque
305 611 413 658 coercet
428 600 500 657 intra
515 612 603 657 metas
618 601 749 657 naturalis
763 600 868 656 ordinis
919 616 1028 671 semper
1043 601 1144 657 sanetis
1157 594 1368 674 cogitationibus
1383 603 1526 674 (quantum
1541 619 1590 674 ρετ
1604 603 1720 676 gratiam

67 692 153 762 (quod
167 708 222 746 non
236 699 327 763 potest
341 690 442 757 lacere,
467 690 519 745 nisi
540 692 627 746 Deum
651 691 751 747 babeat
768 698 794 746 ct
809 689 868 760 ipse
919 689 969 743 Dei
984 687 1041 744 fieri
1057 689 1155 762 potest)
1171 699 1332 761 occupatum
1351 699 1483 758 teneatur,
1510 691 1579 747 sieut
1593 691 1693 765 legitur
1710 707 1716 746 :
1789 710 1794 718 ·

66 781 213 849 rectorem)
236 788 347 836 vocatur
374 779 514 850 spiritalis.
538 781 602 836 llaec
634 788 676 836 est
706 779 794 851 itaque
814 776 869 833 vita
919 777 1057 848 Cogitatio
1072 783 1174 834 saneta
1189 781 1310 836 servabit
1327 784 1352 835 te
1369 781 1459 847 (Prou.
1476 796 1506 846 n,
1523 782 1580 852 ll).
1600 780 1680 849 Quod
1695 779 1718 835 si

67 869 202 935 ordinata,
219 876 248 924 ut
262 868 373 940 spiritus
388 868 506 923 hominis
522 869 641 940 seipsum
656 870 715 925 Deo
729 867 866 938 subjiciat,
918 865 1120 921 studiosissime
1135 866 1261 932 facimus,
1275 883 1347 923 nune
1354 884 1405 939 per
1414 868 1566 934 lectionem,
1583 883 1656 924 nunc
1669 884 1719 939 per

66 957 95 1011 id
110 965 161 1024 est,
176 965 301 1028 paratum
317 973 347 1012 εε
361 957 395 1011 ad
406 956 456 1013 Dei
466 957 633 1013 voluntatem
648 956 801 1013 taciendam
817 974 867 1014 ex·
918 953 1079 1021 orationem,
1104 954 1250 1027 aliquando
1274 972 1323 1026 ρετ
1349 955 1531 1027 psalmodiam
1555 956 1720 1029 quandoque

66 1044 169 1111 hibent,
185 1054 213 1100 et
227 1052 291 1101 tune
304 1061 416 1101 munere
440 1045 532 1101 divino
555 1044 667 1100 babebit
682 1053 709 1100 et
731 1045 789 1116 ipse
802 1061 867 1101 ear·
917 1059 968 1114 per
983 1051 1106 1099 sanctam
1128 1043 1355 1099 meditationem:
1373 1043 1542 1115 impossibile
1563 1051 1655 1099 tamen
1678 1051 1721 1099 eat

65 1149 138 1199 nem,
156 1133 329 1206 animamque
343 1133 504 1204 subjectam,
521 1133 548 1188 id
568 1142 620 1204 est,
645 1132 744 1188 rationi
760 1134 867 1190 obtem·
917 1138 946 1185 ut
960 1130 1052 1201 pravis
1067 1131 1177 1187 omnino
1192 1131 1401 1202 cogitationibus
1417 1147 1569 1189 careamus.
1586 1131 1640 1187 Sed
1655 1132 1719 1186 nul-

65 1228 218 1292 perantem.
235 1222 342 1277 Primus
357 1221 491 1294 siquidem
514 1222 596 1278 bomo
620 1222 738 1294 quandiu
760 1238 866 1294 ρτεεε-
916 1217 973 1273 lum
986 1228 1028 1275 cst
1041 1219 1202 1290 perieulum,
1218 1220 1322 1275 nullum
1336 1228 1377 1275 est
1401 1219 1511 1277 omnino
1527 1227 1680 1291 peccatum,
1696 1218 1720 1275 si

64 1317 141 1381 ptum
156 1308 358 1366 obedientiario
371 1310 497 1381 paradiso
516 1310 645 1376 servavit,
663 1311 792 1382 spiritalis
806 1310 865 1366 luit.
916 1323 963 1362 eas
977 1307 1101 1378 improbe
1115 1308 1251 1365 irruentes
1274 1308 1468 1365 instantissime
1492 1308 1584 1377 abigat
1598 1307 1717 1380 spiritua,

64 1398 212 1470 Postquam
227 1413 292 1454 vero
307 1399 438 1469 peccavit,
450 1398 580 1454 dimissus
588 1400 623 1455 dc
636 1399 774 1470 paradiso,
791 1399 819 1454 in
834 1414 867 1455 eo
915 1395 974 1452 sivo
990 1395 1058 1451 ratio
1073 1396 1281 1468 vigilantissime
1296 1412 1406 1468 semper
1428 1396 1555 1453 excubias
1580 1413 1677 1469 agens,
1692 1404 1720 1452 ct

62 1486 196 1542 remansit
210 1494 238 1542 ut
253 1495 324 1543 esset
340 1487 475 1542 animalis.
492 1487 597 1543 Etideo
607 1487 745 1543 bominem
760 1487 866 1543 anima-
915 1491 1009 1541 eontra
1025 1484 1202 1541 illecebrosos
1216 1500 1249 1542 ae
1263 1485 1359 1541 noxios
1374 1485 1509 1559 cogitatus
1523 1492 1640 1553 nostms,
1657 1499 1721 1540 ora·

63 1573 119 1630 lem
133 1574 208 1646 prius
223 1575 330 1646 agimus
345 1591 452 1642 omnes,
473 1575 519 1648 qui
542 1577 576 1632 de
595 1575 642 1632 illo
664 1593 712 1647 per
725 1585 867 1648 peecatum
914 1572 997 1628 tionis
1021 1574 1157 1646 clypeum,
1182 1582 1208 1630 et
1235 1581 1391 1630 sanctarum
1411 1572 1605 1648 cogitationum
1627 1570 1719 1628 munl-

63 1664 213 1730 naseimur,
226 1664 314 1720 donec
324 1664 497 1738 pergratiam
506 1664 557 1720 Dei
567 1664 902 1747 spiritalesefficiamur.B
916 1669 1008 1718 menta
1023 1677 1174 1734 opponens.
1191 1662 1300 1719 sivero
1323 1663 1391 1719 ratio
1412 1662 1550 1728 dormitat,
1567 1670 1594 1717 et
1616 1661 1720 1732 passim

66 1751 146 1809 Unde
161 1752 309 1823 Apostolus
325 1767 332 1806 ε
349 1754 410 1809 Non
422 1753 504 1824 prins
518 1753 589 1822 qaod
602 1755 734 1826 spiritate
749 1758 802 1823 est,
818 1755 866 1812 red
917 1750 1052 1823 quaslibet
1066 1750 1221 1806 immundas
1237 1759 1263 1806 et
1277 1751 1371 1807 nerias
1396 1751 1587 1825 cogitationes,
1602 1765 1657 1806 non
1672 1764 1720 1805 so·

63 1840 135 1911 qaod
146 1842 273 1897 animale
284 1859 292 1907 ;
304 1841 404 1896 deinde
415 1841 486 1912 quod
496 1843 628 1914 spiritale
637 1841 731 1913 (lCor.
747 1857 796 1910 rr,
809 1843 864 1914 ld).
917 1838 973 1894 lum
985 1838 1104 1910 ingredi,
1122 1840 1172 1894 sed
1187 1839 1270 1895 etiam
1283 1854 1389 1895 moram
1403 1839 1431 1895 in
1445 1840 1535 1895 animo
1548 1837 1639 1895 faeere
1652 1854 1719 1910 per·

64 1929 155 1984 Etiam
169 1943 242 1986 nunc
255 1927 282 1983 in
299 1943 463 2001 unoquoque
483 1929 593 1985 homine
608 1929 675 1985 nibil
689 1930 762 1987 aliud
777 1931 867 2004 agitur
915 1927 1008 1995 mittit,
1027 1927 1150 1998 increpat
1164 1944 1214 1984 nos
1238 1945 1287 2000 per
1308 1930 1472 2000 prophetam
1486 1944 1577 1984 sermo
1600 1925 1717 1996 divinus,

63 2031 128 2073 enm
142 2017 178 2072 ad
192 2025 333 2089 peccatum
346 2017 484 2085 dilabitur,
502 2033 585 2091 quam
601 2026 665 2075 tunc
680 2028 769 2076 aetum
785 2027 824 2075 est
838 2021 866 2076 in
916 2014 1010 2071 dicens
1028 2031 1034 2070 :
1053 2018 1432 2090 Usquequomorebunturtn
1443 2017 1718 2089 teeoptteta'ortearto·

64 2105 193 2177 paradiso
207 2105 234 2161 in
248 2106 302 2161 illis
322 2105 417 2172 tribus,
445 2107 558 2175 scilieet,
581 2115 718 2179 serpente,
742 2108 865 2179 muliere,
917 2105 974 2160 ete
987 2109 999 2160 t
1013 2107 1130 2174 (terem.
1152 2120 1189 2171 ur,
1207 2105 1262 2176 tt.)
1278 2105 1307 2160 Si
1318 2114 1407 2161 autem
1418 2112 1602 2177 postpravam
1616 2118 1718 2176 sugge-

65 2203 93 2250 ει
108 2193 176 2250 viro.
196 2194 268 2249 Nam
291 2194 380 2266 primo
406 2192 466 2251 fita
480 2203 608 2267 serpente
637 2197 789 2270 suggestio,
809 2198 867 2255 sive
916 2192 1041 2260 ationem,
1057 2192 1234 2264 pernimiam
1260 2193 1466 2267 negligentiam,
1491 2192 1571 2248 etiam
1585 2191 1718 2262 eoncupi-

62 2297 114 2354 per
127 2282 331 2354 cogitationem,
349 2282 406 2339 sive
421 2300 582 2355 persensus
607 2285 741 2356 eorporis,
769 2285 813 2342 vel
828 2287 868 2342 vi·
917 2281 1019 2337 scentia
1034 2289 1108 2338 mota
1122 2281 1200 2337 luerit
1217 2300 1223 2338 :
1239 2289 1305 2338 tunc
1318 2282 1414 2338 saltem
1437 2281 1518 2337 debet
1540 2281 1646 2336 animus
1661 2279 1718 2336 cri·

62 2371 164 2440 dendo,
183 2372 228 2427 vel
251 2372 398 2443 tangendo,
424 2372 467 2428 vel
488 2373 633 2442 audiendo,
656 2373 700 2430 vel
720 2376 866 2447 gustando,
917 2369 1022 2442 gilare;
1039 2377 1064 2426 et
1079 2370 1255 2444 exstinguens
1270 2371 1361 2443 ignem
1385 2370 1539 2438 excitatum,
1554 2371 1647 2425 hostes
1658 2368 1716 2438 jam

64 2460 109 2515 vel
138 2458 302 2516 olfaciendo.
318 2460 386 2529 Quae
403 2461 622 2533 suggestionum
646 2461 714 2518 iacta
729 2463 819 2530 tuerit,
845 2464 868 2520 si
917 2459 986 2513 intra
997 2459 1108 2529 januam
1118 2459 1262 2525 admissos,
1274 2459 1380 2515 fortiter
1392 2458 1544 2515 resistendo
1559 2457 1714 2525 excludere,

62 2547 283 2619 concupiscentia
298 2564 354 2604 non
368 2550 554 2606 moveaturad
564 2551 869 2621 peccandumercludi-
918 2564 952 2603 ne
963 2555 989 2603 et
1001 2547 1060 2618 ipse
1071 2548 1154 2620 (quod
1165 2548 1366 2620 absitlpeccato
1376 2548 1548 2616 consentiens
1554 2544 1712 2618 perimatur.

61 2644 106 2691 tur
130 2636 265 2708 serpentis
289 2637 396 2693 astutia.
423 2637 452 2694 Si
476 2646 566 2693 autem
581 2647 653 2695 mota
677 2639 767 2707 luerit,
792 2637 870 2712 quasi
918 2636 983 2692 Ηεε
996 2635 1045 2690 tibi
1062 2636 1182 2692 breviter
1196 2636 1302 2708 scripsi,
1317 2635 1440 2708 petitioni
1452 2643 1505 2691 tuae
1526 2634 1606 2706 (sieut
1626 2633 1713 2705 potui)

59 2724 118 2793 J'am
149 2724 256 2780 mulieri
279 2742 440 2797 persuasum
463 2726 523 2782 erit.
550 2727 606 2783 Sed
629 2726 777 2799 aliquando
799 2728 870 2786 ratio
920 2723 1076 2780 satisfacere
1091 2740 1212 2781 curans:
1238 2740 1299 2797 τρυε
1313 2725 1336 2780 si
1360 2724 1493 2798 tibigrata
1508 2740 1569 2780 esse
1582 2720 1703 2780 didicero

62 2812 144 2867 etiam
160 2821 323 2870 commotam
344 2815 520 2887 cupiditatem
543 2815 657 2872 viriliter
682 2815 802 2873 relrenat
826 2826 869 2872 at·
919 2812 1075 2871 mercedem
1090 2812 1141 2868 tuis
1155 2812 1323 2871 orationibus
1337 2812 1533 2888 compensabo.

62 2917 117 2972 qne
132 2902 289 2973 compescit.
309 2902 390 2971 Quod
410 2920 472 2960 cum
491 2902 530 2972 fit,
554 2921 610 2961 non
632 2905 731 2963 labitur
745 2910 826 2965 bomo
842 2909 870 2964 in
1417 2890 1420 2895 Ι

60 2999 213 3060 peceatum,
236 2991 286 3046 scd
301 3007 363 3047 eum
378 2992 471 3065 aliqua
494 2993 638 3051 luctatione
661 3004 822 3054 coronatur.
839 3000 868 3055 Si
882 3048 906 3109 o
1207 2970 1376 3029 EPISTOLA
1389 2971 1423 3028 V·

60 3085 154 3133 autern
168 3079 238 3135 ratio
253 3079 414 3148 consentiat,
430 3090 457 3137 et
481 3083 553 3153 quod
576 3083 660 3140 libido
674 3087 861 3154 commoverit,
914 3116 952 3158 g„
963 3117 1133 3158 ρρρρρρρῃρρρρ
1148 3118 1280 3159 gesom
1296 3118 1379 3174 suun,
1395 3119 1444 3168 ont
1460 3118 1496 3159 pe
1513 3115 1714 3159 ετιττττυετεττετ

60 3165 216 3223 iaciendum
231 3184 293 3225 esse
308 3170 456 3239 decernat;
473 3172 508 3226 ab
534 3172 607 3227 omni
621 3172 702 3229 beata
726 3175 779 3230 vita
800 3183 864 3230 tan·
1002 3206 1038 3246 ρρ)
1052 3206 1137 3250 ,m
1151 3207 1278 3248 ορῃρρρρςρρ
1292 3207 1429 3250 rursm
1442 3206 1605 3249 ωεττττεττ.

61 3270 145 3326 quant
160 3256 194 3311 de
207 3257 334 3328 paradiso
345 3257 489 3329 expellitur
497 3259 590 3316 bomo.
609 3261 749 3318 tamenim
764 3279 864 3335 pecca-

60 3350 119 3398 turn
151 3343 305 3416 imputatur,
335 3346 518 3403 etiamsinon
550 3349 733 3422 subsequatur
752 3351 863 3424 sactum,
1100 3329 1138 3384 ⁰⁶
1152 3329 1318 3386 mmmmm
1332 3329 1528 3404 mmmm·

61 3431 190 3530 quoniam
204 3449 251 3488 rea
265 3440 372 3490 tenetur
395 3434 424 3490 in
448 3452 531 3492 sensu
545 3437 720 3495 conscientia.
744 3441 781 3497 lis
796 3458 864 3515 ergo
950 3449 1042 3506 Frater
1063 3450 1206 3519 loannes,
1232 3451 1329 3508 domus
1352 3452 1495 3509 Portarum
1519 3452 1714 3526 qualiscunque

60 3519 149 3574 tribus
175 3522 263 3577 modis
281 3531 454 3594 perpetratur
481 3534 647 3596 peecatum:
673 3531 861 3604 suggestione,
914 3541 1074 3607 monachus,
1087 3540 1578 3599 Banutnnodilectissimosecnndum
1588 3541 1713 3613 spiritum

59 3624 122 3705 τρυε
136 3607 165 3664 sit
179 3625 229 3680 ρετ
247 3609 403 3679 diabolnm;
429 3613 649 3686 concupiscentia
673 3617 730 3674 sive
744 3619 863 3676 delecta·
913 3625 977 3697 lilio,
994 3634 1021 3684 et
1035 3629 1185 3685 secundnm
1199 3645 1309 3685 earnem
1323 3630 1425 3702 nepoti,
1437 3630 1554 3687 debitam
1579 3629 1607 3685 in
1620 3629 1713 3689 divino

58 3703 144 3793 tuone,
160 3713 220 3768 τρυε
234 3696 327 3796 Γτῑρετ
340 3713 462 3769 carnem,
478 3710 506 3758 et
527 3703 656 3774 animam,
672 3712 699 3761 et
713 3722 858 3777 consensu,
915 3714 1046 3772 famulatu
1061 3718 1296 3789 perseverantiam
1311 3725 1338 3775 et
1351 3719 1514 3791 proiectum.

58 3799 107 3855 qur
121 3782 149 3838 fit
162 3800 212 3855 per
232 3787 365 3885 spiritum.
392 3789 448 3845 Scit
466 3805 583 3863 namque
603 3796 791 3864 perversitatis
815 3798 861 3855 ille
949 3806 1047 3862 Audiri
1062 3807 1135 3879 quod
1148 3820 1166 3862 a
1179 3808 1362 3878 propositoad
1372 3809 1445 3881 quod
1459 3817 1494 3877 te,
1512 3807 1713 3883 christigratia

59 3886 220 3944 persuasor,
243 3881 373 3931 rationem
388 3878 422 3932 ad
447 3880 552 3949 peceati
575 3895 739 3939 consensum
762 3885 861 3944 deduci
913 3902 1064 3962 vocaverat,
1081 3895 1122 3952 ris
1137 3895 1276 3964 recedere,
1302 3903 1329 3952 et
1351 3898 1386 3953 ad
1409 3897 1491 3953 alium
1517 3898 1640 3957 o'rdincm
1662 3899 1712 3955 mi-

59 3975 115 4014 non
130 3975 221 4060 posse,
238 3961 289 4061 nisi
306 3964 381 4035 prius
396 3965 551 4035 delectatio,
568 3969 625 4026 sive
640 3973 862 4045 eoncupiscentia
911 3998 1003 4056 grare.
1021 3984 1085 4041 llaee
1099 3985 1241 4056 persuasio
1255 4000 1310 4041 non
1323 3994 1365 4042 est
1386 4002 1418 4043 ex
1437 4003 1471 4043 εο
1494 3987 1540 4059 qui
1555 3994 1582 4044 ta
1595 3987 1710 4057 vocant,

59 4055 132 4103 mota
146 4047 268 4149 fueritin
283 4066 316 4107 ea
330 4061 405 4124 parte
420 4055 528 4124 animae,
546 4074 606 4128 τρυε
625 4059 707 4116 debet
721 4062 861 4136 obtempe-
911 4071 960 4127 sed
975 4087 1097 4143 serpens,
1114 4073 1160 4145 qui
1175 4074 1281 4130 seduxit
1295 4076 1379 4130 Eram
1393 4075 1493 4132 astutia
1513 4091 1573 4145 sua,
1597 4085 1624 4133 te
1638 4094 1710 4150 quo·

59 4145 246 4236 rare'ratronu,
264 4147 392 4214 tanquam
421 4143 478 4200 viro
506 4147 622 4218 regenti.
647 4149 682 4204 Et
700 4149 764 4207 ideo
785 4152 861 4208 miris
911 4176 963 4231 que
977 4159 1034 4216 vult
1049 4161 1191 4232 seducere,
1207 4144 1233 4218 et
1248 4163 1283 4218 ab
1302 4171 1418 4237 angusta
1440 4163 1495 4227 ria.
1512 4180 1571 4236 τρυε
1587 4164 1661 4222 ducit
1674 4163 1710 4221 ad

57 4225 148 4323 modis
164 4242 218 4281 non
236 4238 492 4328 cessatusuggercre
506 4249 557 4304 per
571 4235 765 4306 cogitationem
779 4241 861 4313 quid·
909 4247 1002 4316 vitam,
1018 4264 1069 4319 ρετ
1083 4265 1164 4321 qnam
1178 4265 1301 4322 coeperas
1321 4252 1472 4320 ambulare,
1496 4259 1524 4308 te
1537 4249 1609 4324 eupit
1622 4252 1657 4309 ad
1671 4249 1711 4309 la·

60 4313 126 4384 quld
140 4321 238 4413 potest,
254 4318 358 4389 et(n1s1
378 4321 502 4390 repulsus
517 4320 608 4394 inerit)
624 4333 686 4395 post
701 4330 859 4401 suggestio-
908 4342 963 4391 tam
974 4345 999 4392 et
1015 4336 1162 4408 spatiosam
1185 4339 1266 4407 viam,
1291 4356 1351 4412 τρυε
1371 4340 1444 4397 ducit
1458 4341 1493 4396 ad
1518 4341 1708 4413 perditionem,

58 4415 123 4454 nem
138 4416 239 4502 earnis,
251 4407 498 4504 concupiscentiam
513 4410 730 4483 inflammarent
744 4409 896 4487 postmoD
910 4425 1051 4481 reducere.
1078 4425 1149 4481 Audi
1181 4442 1248 4501 ergo
1267 4427 1357 4500 potius
1379 4429 1516 4487 Christum
1548 4431 1684 4487 dicentem
1700 4450 1708 4488 τ

57 4487 124 4542 dum
140 4497 277 4561 captivum
295 4509 415 4594 animum
429 4497 463 4552 ad
486 4499 592 4569 peceati
613 4517 778 4560 consensum
793 4524 859 4578 per·
910 4513 1531 4592 contenditeintrateper·onguatemportam,
1541 4522 1606 4594 quic
1621 4521 1710 4579 multi

56 4577 167 4633 trabere
181 4579 280 4679 valeat.
300 4583 382 4680 Novit
405 4592 493 4641 autern
506 4587 552 4643 ille
565 4590 608 4645 eui
631 4591 745 4664 inspiret
766 4603 859 4653 turno·
908 4601 980 4672 (dieo
989 4603 1074 4674 υοὸὶτ)
1084 4609 1212 4677 pararent
1227 4606 1349 4674 intrare,
1358 4611 1387 4663 et
1405 4623 1464 4664 nora
1472 4613 1608 4681 poterant
1627 4610 1704 4679 (Lae.

56 4679 116 4763 rem
132 4668 280 4768 superbiae,
292 4680 482 4772 eurlsuggerat
491 4677 641 4747 appetitum
649 4680 736 4737 inanis
751 4683 855 4756 gloriae,
907 4705 967 4761 xm,
984 4692 1039 4764 at).
1056 4693 1118 4749 Non
1131 4694 1168 4748 ait
1183 4696 1378 4765 tantummodo,
1395 4697 1513 4765 intrate,
1530 4698 1578 4753 aed
1593 4702 1711 4755 centen-

55 4767 103 4807 eur
118 4762 456 4860 viruspropmetmvrdrae‚
469 4766 859 4835 quemadlibidineminllam·
908 4779 966 4837 dite
988 4782 1110 4854 intrare,
1127 4783 1192 4856 quia
1214 4784 1338 4856 prolecto
1362 4801 1464 4857 magna
1487 4786 1659 4842 contentione
1679 4795 1706 4843 et

55 4848 122 4907 met,
139 4860 220 4940 quem
234 4846 450 4946 adtiraenndram
472 4853 568 4925 irritet,
589 4872 671 4928 quem
685 4859 799 4916 aliorum
814 4871 851 4918 at·
906 4884 1009 4943 pugna,
1025 4887 1126 4946 magno
1140 4873 1282 4929 conamine
1299 4881 1324 4931 et
1339 4873 1468 4930 conllietu
1488 4890 1557 4946 opus
1572 4882 1623 4942 est,
1639 4888 1707 4930 eon-

56 4943 111 4998 que
126 4928 240 4986 cliorum
254 4943 381 4992 vitrorum
402 4948 478 5009 peste
502 4944 667 5002 contaminet
683 4964 690 5001 :
706 4958 786 5019 prout
809 4951 857 5007 de·
905 4964 948 5013 tra
958 4958 1140 5017 infirmitatem
1156 4970 1184 5017 et
1197 4963 1295 5019 mentis
1310 4971 1335 5019 ct
1351 4963 1485 5036 corporis,
1504 4969 1600 5018 contra
1622 4962 1705 5018 innu-

56 5017 229 5086 prehcnderc
242 5029 332 5091 potest
347 5025 517 5084 diversomm
532 5030 700 5106 affectiones,
717 5039 855 5096 variorum
904 5047 1049 5104 merabiles
1064 5067 1125 5121 τρυε
1140 5059 1284 5108 occurrunt
1309 5052 1488 5120 infirmitates,
1512 5059 1539 5108 et
1562 5050 1704 5108 difficulta-

56 5101 184 5202 vitiomm
199 5106 321 5165 inmitem
336 5114 470 5186 recipere.
486 5119 547 5190 Ιρεε
561 5119 653 5193 itaque
677 5124 757 5194 (sicut
772 5128 805 5184 de
821 5145 854 5186 eo
904 5142 956 5201 tes,
977 5145 1003 5192 et
1017 5137 1221 5209 impedimenta,
1232 5151 1327 5199 eontra
1339 5143 1429 5215 jacula
1440 5142 1594 5217 linguarum
1604 5148 1630 5202 et
1644 5155 1708 5197 eon·

56 5201 189 5263 scriptum
204 5197 255 5266 est)
269 5200 412 5269 caleaneo,
430 5203 515 5273 idest,
527 5207 616 5279 lapsui
632 5220 725 5269 nostro
739 5218 855 5275 insidia·
903 5225 1038 5298 tumelias,
1054 5235 1081 5282 et
1095 5227 1276 5286 detractiones
1298 5232 1522 5305 obloquentium
1540 5242 1634 5291 contra
1647 5247 1706 5293 cara

53 5283 105 5378 ⁸tur
124 5282 261 5382 (anssfn’
278 5288 332 5358 15).
349 5291 508 5348 Nosautcm
527 5296 660 5354 debemus
681 5311 761 5374 caput
783 5306 851 5376 ejus,
902 5312 979 5370 nales
1003 5323 1028 5369 et
1060 5323 1182 5373 terrenas
1207 5319 1388 5391 cupiditates,
1423 5330 1515 5381 contra
1547 5323 1705 5380 innumeras

52 5367 81 5422 id
96 5377 146 5436 cst,
164 5381 270 5428 initium
283 5392 372 5445 prava
394 5383 579 5453 suggestionis
603 5395 754 5458 conterere,
770 5408 852 5450 erar·
902 5402 1065 5460 tentationes
1081 5406 1205 5476 etdolos,
1217 5396 1299 5481 atque
1309 5409 1422 5474 insldlaa
1435 5411 1579 5472 invisibilis
1589 5412 1701 5472 inimici.

53 5463 108 5511 turn
121 5474 231 5531 semper
246 5470 369 5521 tenentes
391 5467 511 5538 gladium
535 5474 655 5545 spiritus,
673 5485 699 5532 ct
718 5479 799 5536 aliam
817 5484 852 5540 de
901 5489 974 5547 Sicut
989 5492 1062 5549 enim
1076 5494 1114 5549 ait
1127 5496 1246 5569 quidam.
1258 5485 1345 5555 'Novit
1359 5499 1437 5560 exsul
1460 5499 1531 5567 ooeli,
1554 5499 1620 5572 quid
1634 5517 1702 5573 aga·

52 5560 106 5615 qua
118 5562 168 5604 nos
183 5551 328 5625 Apostolus
355 5554 465 5614 instruit
483 5568 647 5625 armaturam
671 5565 781 5650 (aptes.
798 5574 848 5654 vr).
900 5579 1088 5657 turrigeram,
1104 5590 1131 5646 at
1150 5583 1276 5645 invidens
1300 5587 1379 5648 uobis
1402 5588 1595 5655 beatitudinem
1619 5606 1701 5669 quant
