3742 5986
175 153 227 209 687
344 226 347 230 ¹
597 149 769 208 GUlGONlS
788 151 800 204 Ι
819 147 1023 205 CARTHUSIAE
1041 148 1189 205 ttttOttts
1208 147 1400 208 PRIORIS'V·
1780 152 1832 206 688

211 280 238 334 2.
255 275 285 330 ln
299 273 359 346 ipsa
373 279 464 330 antem
478 273 570 340 missa,
588 290 641 346 qua
655 272 844 344 suscipiendus
859 279 910 338 est,
927 280 990 343 post
1004 271 1180 330 Oberandam
1194 276 1227 331 ad
1242 276 1358 347 gradum
1372 281 1436 331 anta
1459 275 1546 331 altare
1563 272 1648 340 venit,
1663 271 1830 330 inclinatus-

175 390 228 445 que
238 389 347 429 versum
357 372 430 428 huno
444 371 523 427 tertio
534 371 640 445 repetit,
651 372 735 427 choro
745 369 927 440 respondente
937 369 1061 425 eumdem
1075 387 1081 424 :
1096 372 1210 445 Sarcipe
1219 390 1274 440 me,
1287 375 1413 440 Domine,
1424 374 1579 431 secandum
1589 373 1736 445 eloquiam
1746 375 1829 428 tuam

174 474 202 528 at
217 471 309 526 vivam
321 472 363 536 ;et
374 485 432 526 non
443 469 603 540 confundar
613 483 656 524 me
667 468 700 523 ab
709 467 921 539 exspectatione
931 483 1004 523 mea.
1014 468 1077 523 Post
1088 469 1163 539 cujus
1172 471 1279 526 tertiam
1290 472 1479 543 repetitionem
1492 470 1611 539 additur,
1624 470 1722 527 Gloria
1731 469 1825 552 Patri,

175 568 392 640 Karia-eleyson,
405 568 491 622 Pater
501 570 606 622 noster.
620 564 730 619 Interim
740 564 857 620 novitius
867 571 929 620 ante
940 563 1063 638 singulos
1072 567 1316 640 monachosgenua
1326 568 1522 635 flectensdioit,
1538 568 1648 639 Orapro
1658 582 1716 634 mc,
1729 568 1826 621 Pater·

173 665 238 719 Post
252 665 311 720 baec
325 663 445 730 rediens,
461 663 489 717 in
505 662 601 718 eodem
617 677 671 734 quo
684 662 770 732 prius,
787 669 839 716 stat
853 660 997 718 inclinatus
1006 661 1077 720 loco.
1087 664 1299 723 Tuncsacerdos
1312 667 1347 722 ad
1360 666 1437 722 illum
1447 682 1598 723 conversus
1611 664 1706 720 subdit
1722 680 1729 720 :
1743 665 1780 720 Et
1793 679 1828 719 ne

171 780 223 820 noa
237 763 365 830 inducas,
380 763 493 819 Salvam
504 764 551 832 sac
562 777 674 817 seruum
683 764 774 830 taum,
788 759 866 816 ltittc
877 759 912 827 ci,
923 759 987 816 flato
998 760 1035 827 ei,
1047 760 1182 817 Dominus
1192 763 1331 820 vobncatn
1342 782 1351 819 .·
1362 764 1456 836 sicque
1466 763 1601 820 cucullum
1611 777 1697 835 super
1706 760 1827 834 gradum

171 869 234 919 ante
248 860 379 917 novitium
394 859 511 932 positam
527 858 672 925 benedicit,
689 857 783 914 dicens
799 872 806 912 :

854 1033 1141 1094 COMMENTARIUS.

169 1188 263 1249 cufosa
278 1198 323 1246 aut
337 1189 467 1246 indecora
481 1205 542 1245 esse
566 1195 720 1256 censentur,
746 1187 855 1243 acideo
877 1186 1005 1258 probi-A
1019 1203 1035 1242 e
1049 1189 1182 1246 contrario
1198 1189 1233 1245 sit
1247 1190 1396 1246 remedium
1415 1189 1588 1262 oppositum,
1604 1205 1640 1246 ne
1664 1188 1731 1261 quid
1757 1205 1822 1244 sen-

170 1281 277 1347 bentur,
294 1279 334 1335 sie
348 1278 427 1350 plura
442 1278 504 1334 vitre
518 1277 646 1333 solitariae
670 1274 873 1347 professoribus
889 1275 970 1330 noxia
1020 1276 1070 1330 sim
1085 1285 1202 1333 mutetur
1222 1296 1255 1334 ex
1279 1280 1400 1335 humana
1425 1277 1588 1346 infirmitate,
1613 1278 1688 1350 quod
1709 1278 1825 1350 antiquo

169 1376 241 1435 sunt,
258 1375 284 1423 et
297 1367 358 1423 ideo
376 1365 554 1437 prohibenda,
572 1381 633 1436 quaa
646 1364 706 1418 aliis
725 1363 899 1436 regularibus
913 1379 969 1418 non
1019 1366 1159 1436 proposito
1175 1368 1359 1423 Cartbusiensi
1373 1367 1544 1424 adversetur.

168 1463 273 1529 tentum
286 1455 367 1510 noxia
381 1470 436 1509 non
452 1461 523 1520 sunt,
540 1453 589 1508 scd
604 1453 685 1508 etiam
695 1469 749 1507 non
762 1467 825 1508 raro
840 1451 925 1517 utilia,
942 1458 969 1506 et
1054 1454 1111 1509 Hoc
1138 1455 1290 1511 stabilitatis
1316 1464 1409 1512 votum
1441 1456 1574 1522 multum,
1595 1455 1728 1527 inquam,
1755 1470 1823 1512 eon·

167 1543 231 1601 ideo
246 1543 313 1615 ipsis
327 1559 342 1598 a
357 1542 413 1597 suis
428 1541 616 1613 superioribus
635 1540 814 1614 injungenda,
830 1539 903 1612 quod
918 1555 967 1594 ex·
1017 1540 1070 1597 tert
1101 1542 1135 1597 ad
1155 1543 1295 1616 antiquum
1312 1545 1416 1600 ordinis
1434 1544 1603 1617 propositum
1626 1544 1735 1599 illibate
1760 1560 1822 1600 ser·

168 1632 265 1703 amplis
279 1632 397 1703 probare
411 1630 439 1685 in
462 1636 589 1701 promptu
605 1625 694 1699 esset,
711 1629 760 1685 sed
783 1629 819 1684 ad
839 1628 967 1701 proposi·
1017 1631 1136 1685 randum
1151 1649 1157 1686 :
1174 1632 1253 1689 etsie
1268 1633 1302 1687 ad
1317 1634 1369 1690 hoa
1387 1633 1525 1705 pertinere
1548 1639 1656 1689 constat
1670 1641 1701 1687 ut
1714 1632 1778 1704 ipse
1792 1631 1820 1689 S.

166 1730 223 1777 turn
239 1728 431 1776 nostrumnon
450 1719 576 1790 pertinet.
1016 1720 1094 1774 Pater
1108 1721 1199 1776 bruno
1213 1721 1241 1775 in
1255 1721 1368 1778 homilia
1381 1721 1416 1778 de
1433 1720 1633 1789 Purificatione,
1661 1721 1697 1777 de
1721 1736 1822 1777 mona-

202 1808 340 1866 Stabilitas
355 1824 421 1879 ergo
436 1807 487 1862 ista
499 1807 527 1861 in
545 1807 639 1862 ordine
663 1804 866 1873 Carthasiensi,
892 1804 967 1861 velut
1017 1805 1076 1863 abis
1091 1808 1217 1880 loquens,
1232 1809 1260 1865 id
1273 1811 1375 1866 diserte
1397 1810 1548 1882 exprimat,
1564 1809 1685 1865 dicendo
1702 1824 1710 1864 ε
1729 1813 1821 1867 Fran·

166 1915 267 1955 nervus
282 1914 297 1951 a
313 1913 366 1968 quo
380 1896 481 1967 pendet
494 1894 565 1950 illius
588 1895 792 1967 perseverantia
815 1893 843 1949 in
858 1909 907 1948 suo
922 1893 966 1947 in·
1015 1899 1247 1968 pantaraaclloe,
1260 1900 1326 1970 qaia
1336 1898 1719 1970 vagandiliccntiatoltitar,
1731 1899 1823 1955 etlaci

166 1987 267 2053 stituto,
284 1984 490 2050 consideratur;
511 1999 543 2038 ex
562 1982 634 2037 illius
648 1983 721 2038 enim
742 1981 798 2038 voti
820 1981 966 2037 emissione
1015 1986 1823 2059 proposittqbcstabilitasimperatur.Quibusverbispro-

166 2083 192 2131 et
205 2073 387 2138 observantia,
405 2074 462 2127 lteo
481 2070 648 2142 singularem
672 2070 787 2144 gratiam
802 2070 853 2141 ipsi
867 2070 965 2139 adjun-
1015 2074 1113 2143 posito,
1130 2075 1220 2130 locum
1245 2075 1325 2130 etiam
1347 2075 1479 2147 adjungit,
1496 2083 1526 2130 ut
1545 2074 1647 2130 indicet
1669 2075 1822 2132 secundum

166 2166 258 2232 gente,
275 2156 420 2213 laudabilis
434 2156 482 2210 illa
495 2155 624 2210 tenacitas
648 2154 806 2210 adhaerendi
822 2153 879 2209 suis
893 2153 965 2208 anti·
1015 2170 1135 2218 mentem
1150 2180 1235 2228 suam,
1253 2163 1428 2219 stabilitatem
1441 2164 1469 2218 jn
1492 2171 1608 2236 utroque
1622 2179 1686 2220 2530
1703 2179 1821 2220 servan.

167 2248 229 2319 quis
243 2246 347 2312 usibus,
364 2252 390 2301 ei
405 2244 471 2299 nihil
485 2243 632 2300 innovandi
647 2243 675 2298 in
691 2242 744 2310 his,
760 2259 820 2315 quae
834 2243 869 2297 ad
883 2250 963 2296 natu·
1015 2251 1087 2305 (lam,
1118 2251 1149 2305 Id
1168 2251 1285 2323 amplius
1308 2268 1342 2307 ex
1374 2267 1444 2307 nova
1471 2251 1631 2308 collectione
1656 2260 1820 2310 statutorum

166 2351 226 2392 ram
242 2344 269 2391 et
283 2334 459 2390 substantiam
474 2331 516 2388 sui
527 2331 640 2387 instituti
650 2338 773 2403 spectant
786 2339 851 2387 nata
865 2337 916 2396 est,
932 2347 965 2385 ex
1014 2338 1118 2394 ordinis
1130 2339 1268 2410 probatur,
1290 2339 1337 2394 ubi
1359 2340 1460 2396 dieitur
1483 2356 1546 2412 cap.
1573 2344 1618 2407 22,
1644 2355 1673 2397 n.
1689 2344 1722 2396 bl
1743 2359 1752 2396 :
1768 2341 1821 2409 oet

155 2440 218 2497 aua
232 2423 347 2479 firmitas
369 2423 414 2477 illa
437 2420 538 2478 veteris
561 2419 741 2477 observantiae
764 2419 906 2476 servandac
929 2419 965 2474 ad
1014 2444 1078 2485 acro
1091 2430 1328 2500 presumpserint
1336 2445 1386 2500 per
1396 2429 1508 2485 litteras
1526 2429 1683 2501 suppressis
1693 2430 1820 2486 nomini·

163 2514 222 2570 bec
236 2529 323 2584 usque
337 2519 462 2582 tempora
476 2510 611 2581 pervenit.
975 2515 1065 2604 Blae
1075 2519 1218 2587 infamare
1234 2517 1362 2573 ordinem
1377 2522 1517 2585 nostram,
1533 2521 1584 2573 ant
1593 2518 1732 2590 proelataa
1746 2520 1817 2591 ejas,

198 2601 227 2658 si
240 2601 307 2673 quid
320 2600 393 2656 enim
404 2607 537 2655 mutatum
552 2599 658 2655 videtur
672 2598 700 2652 in
719 2611 833 2653 numero
849 2604 875 2652 et
890 2611 960 2668 qua·
1013 2602 1056 2657 uel
1066 2602 1190 2673 almucia
1200 2617 1237 2658 aa
1247 2603 1327 2673 ipris,
1335 2605 1387 2656 aut
1398 2603 1575 2657 tentaverint
1584 2603 1719 2658 instituti
1726 2603 1819 2660 nostri

162 2689 237 2745 litate
251 2688 478 2744 abstinentiarum
490 2687 518 2742 in
533 2702 603 2759 pane
618 2694 732 2758 etaqua,
749 2686 784 2742 de
799 2684 896 2757 quibus
911 2699 961 2740 suo
1011 2690 1819 2763 naturamaverterectimmatarc,ipaotactoomniofficio

161 2777 221 2834 loco
237 2777 346 2849 agitur,
363 2792 458 2832 revera
472 2775 550 2847 quasi
569 2791 624 2831 non
639 2782 769 2829 mutatum
792 2773 961 2831 censendum
1011 2783 1039 2835 ct
1050 2793 1114 2834 uoce
1124 2778 1819 2850 priventur,eteoeaommttnt'calionittentcnit'am

160 2874 213 2933 est,
228 2865 292 2939 quia
306 2865 341 2920 ab
355 2863 432 2920 initio
446 2864 480 2918 ad
501 2871 595 2918 nutum
619 2861 767 2934 superioris
781 2870 885 2917 tantum
900 2878 960 2917 ser·
1010 2866 1819 2940 incarnandaqaanonposaintabeotui,nitipcrrcacren·

159 2954 256 3011 vandra
270 2960 362 3010 erant:
379 2959 405 3009 et
420 2952 444 3007 si
457 2968 529 3007 nunc
540 2966 594 3007 non
610 2951 690 3022 plene
709 2957 853 3007 servantur
865 2957 894 3006 ut
908 2964 960 3005 an·
1011 2953 1078 3009 dam
1089 2956 1212 3020 Patrem,
1225 2955 1449 3027 aatattqncrnca
1455 2955 1817 3031 mercatoriamtatbergo

160 3042 284 3115 tiquitus,
299 3042 328 3098 id
342 3058 375 3098 ex
391 3040 551 3097 necessitate
566 3038 744 3096 subveniendi
766 3038 923 3111 indigentiis
934 3047 961 3096 et
1010 3042 1544 3114 attentatusreputaturmnteriapeccati,
1556 3043 1706 3115 etquidem
1718 3053 1818 3101 morta·

158 3130 358 3190 conservationi
373 3145 519 3201 corporum
541 3128 686 3200 processit,
711 3136 738 3183 et
760 3127 887 3201 exigente
910 3144 959 3183 ax·
1010 3129 1819 3202 liscumexcommunicationispoenaesubjaceat,etmeri-

156 3219 309 3293 perientia,
338 3235 355 3275 a
378 3217 564 3290 superioribus
590 3217 617 3271 in
640 3216 764 3288 capitulis
788 3215 961 3288 generalibus
1010 3227 1047 3285 to,
1064 3219 1320 3292 quiaigiturdavoti
1330 3220 1549 3293 transgressione
1563 3220 1719 3278 inmateria
1728 3222 1817 3296 gravi,

160 3307 281 3380 legitime
296 3306 471 3381 congregatis
485 3305 534 3361 fuit
556 3305 721 3374 ordinatum,
747 3311 776 3360 ut
796 3305 854 3375 jam
867 3306 960 3377 capi
1011 3307 1098 3380 qualis
1113 3315 1155 3363 est
1175 3317 1321 3365 attentatus
1345 3308 1390 3364 ille
1411 3309 1577 3380 procurandi
1591 3310 1768 3367 eversionem
1790 3318 1818 3368 et

160 3396 288 3453 diximus.
1010 3396 1199 3454 infractionem
1230 3397 1382 3453 stabilitatis
1413 3398 1515 3454 veteris
1536 3405 1563 3455 et
1586 3398 1675 3455 sancti
1698 3399 1817 3456 instituti

160 3531 162 3535 .
193 3485 267 3542 Nihil
286 3500 399 3558 prorsus
422 3490 554 3540 mutatum
576 3490 617 3539 est
641 3482 668 3538 in
691 3481 803 3549 ordine,
820 3482 872 3538 nisi
887 3482 961 3554 quod
1011 3486 1084 3556 quod
1098 3502 1113 3541 a
1128 3494 1168 3542 tot
1182 3485 1262 3542 annis
1275 3502 1325 3558 per
1343 3485 1515 3543 stabilitatem
1529 3486 1558 3542 in
1572 3486 1670 3561 vigore
1682 3503 1812 3560 perseve-

158 3573 325 3647 experientia
339 3573 486 3629 multorum
501 3587 635 3629 annorum
649 3571 726 3642 prius
745 3571 847 3640 docuit,
864 3571 892 3626 in
906 3587 960 3627 me
1010 3581 1060 3629 rat.
1077 3574 1192 3630 sienim
1207 3575 1253 3647 qui
1267 3575 1454 3631 machinantur
1474 3575 1576 3646 aliquid
1599 3585 1694 3633 contra
1718 3593 1815 3651 pacem

158 3664 212 3720 lius
226 3679 288 3720 esse
312 3661 537 3730 convertendum,
562 3660 645 3732 idque
664 3675 719 3715 non
734 3659 872 3715 voluntate
887 3659 959 3715 infe·
1008 3669 1037 3716 et
1057 3662 1197 3718 utilitatem
1221 3662 1322 3719 civium
1345 3663 1426 3719 unius
1449 3663 1575 3730 civitatis,
1598 3665 1723 3738 pavini
1744 3681 1813 3738 pec·

156 3752 271 3820 riomm,
310 3746 359 3807 sed
382 3749 549 3821 generalium
587 3747 766 3819 capitulorum
791 3747 895 3816 jndicio
921 3747 960 3802 fa·
1009 3758 1085 3817 aant3
1112 3751 1177 3824 quid
1199 3751 1235 3807 de
1257 3752 1399 3808 monacbis
1415 3752 1582 3809 censendum
1603 3759 1656 3822 est,
1681 3753 1731 3825 qui
1753 3762 1815 3826 post

157 3848 231 3897 ctum
247 3846 298 3894 est.
314 3838 368 3893 Pro
382 3836 508 3909 exemplo
524 3836 557 3891 sit
572 3836 660 3892 forma
670 3834 811 3892 electionis
826 3834 958 3905 priorum,
1009 3843 1102 3892 votum
1123 3836 1253 3891 emissmn
1276 3835 1410 3892 stabiliter
1430 3837 1581 3893 inhaerendi
1602 3838 1748 3910 proposito
1771 3838 1813 3896 aui

158 3936 240 4001 prout
254 3926 281 3982 in
307 3941 379 3983 nova
403 3924 564 3982 collectione
589 3931 750 3980 statutorum
771 3930 833 3980 ante
852 3897 995 3980 centumc
1010 3923 1135 3992 instituti,
1151 3923 1216 3981 illud
1231 3933 1353 3981 evertere
1368 3933 1395 3982 et
1410 3925 1552 3982 immutare
1566 3927 1723 3983 conantur?

158 4032 246 4072 annos
259 4015 332 4071 fasta
346 4013 473 4069 statuitur
486 4028 546 4083 cap.
571 4016 599 4079 2,
615 4028 645 4079 11,
669 4018 752 4082 part,
768 4028 797 4066 n.
813 4015 859 4067 33.
874 4013 961 4068 Datur
1046 4012 1158 4084 Aliquae
1173 4012 1372 4068 immutationes
1386 4021 1413 4069 et
1436 4013 1613 4070 alterationes
1635 4031 1763 4087 qnaerere
1779 4006 1812 4072 'in

157 4103 196 4161 ibi
210 4102 334 4171 facultas,
350 4118 411 4175 quae
424 4102 452 4156 in
467 4100 586 4172 antiquis
610 4099 716 4156 statutis
740 4115 795 4156 non
818 4107 876 4156 arat
890 4115 957 4157 con·
1010 4100 1121 4172 antiquo
1136 4118 1187 4157 usu
1201 4108 1228 4156 et
1248 4101 1371 4157 instituto
1394 4102 1590 4172 carthusiensi,
1606 4110 1633 4160 et
1647 4102 1716 4160 illud
1730 4120 1810 4162 ever-

158 4208 248 4260 cessa,
261 4207 359 4263 nempe
375 4197 469 4262 qnater
482 4188 623 4260 repetendi
646 4188 803 4245 scrutinium
819 4188 847 4244 in
862 4189 959 4245 eadam
1009 4197 1076 4257 tere,
1101 4189 1173 4246 idem
1197 4197 1257 4258 est,
1281 4189 1345 4246 inde
1380 4190 1452 4245 enim
1479 4190 1583 4246 ordinis
1607 4191 1810 4250 Carthasiensia

157 4282 221 4348 die,
238 4281 287 4337 sed
302 4278 424 4335 aufertur
437 4278 475 4334 ibi
491 4277 603 4334 libertas
625 4278 778 4334 remittendi
801 4285 890 4334 actmn
914 4277 961 4334 eli·
1008 4278 1153 4334 laudabilis
1167 4277 1211 4333 illa
1224 4278 1365 4349 tenacitas,
1391 4279 1467 4336 etin
1489 4279 1546 4335 suis
1569 4279 1687 4352 andquis
1714 4282 1808 4338 ustum

158 4369 242 4443 gendi
256 4368 283 4424 in
297 4369 369 4424 diem
396 4367 554 4434 crastinum,
581 4366 644 4439 quia
668 4366 835 4439 experientia
861 4366 959 4422 docue-
1009 4365 1141 4422 stabilitas
1157 4366 1261 4421 destrui
1276 4365 1378 4438 incipit.
1394 4367 1462 4421 Nam
1471 4366 1495 4422 si
1504 4367 1551 4439 qni
1563 4368 1688 4424 monachi
1698 4368 1809 4426 solitarii

158 4466 200 4514 rat
214 4457 278 4514 inde
291 4456 421 4513 notabilia
435 4456 560 4513 evenisse
575 4455 682 4522 damna,
708 4472 740 4511 ex
755 4455 842 4526 pactis
856 4463 882 4510 et
896 4454 957 4511 aliis
1008 4454 1093 4511 semel
1108 4455 1135 4510 in
1150 4456 1202 4512 hac
1215 4462 1293 4527 parte
1307 4455 1341 4510 ad
1352 4471 1430 4511 suam
1444 4455 1600 4512 instantiam
1623 4457 1728 4529 aliquid
1740 4458 1809 4515 obti-

158 4545 295 4602 similibus
310 4544 459 4615 industriis,
473 4561 533 4617 quaa
557 4544 686 4615 Spiritum
712 4550 834 4599 sanctum
847 4542 883 4598 ab
896 4529 958 4613 ipsa
1007 4558 1072 4599 nere
1087 4542 1247 4611 niterentur,
1262 4543 1306 4599 vel
1325 4544 1406 4599 etiam
1428 4560 1478 4616 per
1491 4545 1588 4601 modos
1602 4546 1808 4618 subreptitiost

158 4635 291 4694 electione
315 4635 457 4704 arcebant,
481 4641 510 4689 ut
533 4632 656 4705 ipsorum
680 4638 840 4687 statutorum
864 4630 956 4686 verbis
1007 4631 1036 4688 S.
1052 4631 1118 4687 sede
1132 4630 1284 4702 apostolica
1306 4632 1469 4700 obtinerent,
1496 4633 1559 4689 inde
1569 4633 1656 4703 janua
1668 4633 1725 4690 illis
1739 4651 1807 4708 apa·

156 4733 276 4782 utamur.
1006 4719 1149 4775 rireturad
1160 4719 1296 4791 quaslibet
1310 4720 1443 4777 novitates
1457 4721 1661 4792 excogitandas,
1677 4730 1809 4796 appeten·

160 4853 163 4857 -
190 4816 258 4881 lmo,
274 4812 298 4867 ai
313 4811 376 4884 quid
390 4810 510 4866 additum
528 4825 589 4865 ease
612 4808 718 4864 videtur
740 4823 790 4879 per
803 4807 955 4864 ordinatio-
1005 4808 1055 4864 das
1070 4816 1097 4865 et
1111 4808 1280 4879 quaerendas.
1298 4810 1401 4866 litantes
1416 4805 1524 4867 illorum
1536 4810 1608 4866 intm
1623 4810 1702 4868 cellae
1715 4812 1806 4884 parie-

152 4919 202 4960 nes
216 4901 396 4973 capitulorum
412 4898 590 4972 generalium,
608 4896 636 4952 id
662 4903 766 4952 tanturn
790 4896 890 4952 factum
914 4905 957 4953 est
1005 4905 1047 4952 tes
1061 4897 1249 4970 cogitabundae
1273 4886 1346 4953 milla
1369 4897 1500 4971 figmenta
1512 4907 1717 4970 componerent,
1734 4917 1804 4974 quae,

154 4990 299 5047 occasione
323 4988 501 5060 irrepentium
523 4986 666 5052 abusuum,
689 4985 725 5039 ad
747 5001 862 5056 quorum
886 4984 954 5042 effe-
1006 4985 1152 5057 instigante
1174 4985 1281 5041 diabolo
1304 4994 1330 5041 et
1359 5001 1453 5044 amore
1480 4987 1586 5059 privato
1611 4988 1804 5058 lenocinante,

114 5143 117 5149 .
154 5087 224 5147 ctus,
241 5077 284 5133 vel
304 5076 512 5148 praeveniendos
535 5073 579 5130 vel
596 5072 783 5144 corrigendos,
808 5082 853 5130 aut
875 5089 954 5129 erro·
1005 5074 1079 5130 velut
1091 5074 1241 5142 justissima
1256 5083 1283 5130 et
1298 5076 1554 5133 convenientissima
1569 5085 1739 5149 reputarent,
1755 5093 1806 5135 nec

153 5183 221 5224 neas
253 5164 493 5237 interpretationes
525 5162 704 5218 destruendas
734 5163 883 5218 remedium
906 5178 956 5234 pet
1006 5162 1187 5234 quiescerent,
1208 5163 1297 5219 donec
1320 5164 1410 5220 media
1425 5165 1576 5237 reperirent
1599 5165 1634 5221 ad
1658 5183 1740 5223 suum
1762 5167 1806 5223 in-

151 5256 218 5312 istas
233 5254 419 5311 ordinationes
434 5251 585 5322 appositum
600 5258 651 5317 est,
667 5257 696 5304 ut
719 5250 806 5306 videri
820 5258 910 5321 potest
924 5249 988 5309 inD
1004 5259 1107 5307 tentum
1145 5251 1339 5319 obtinendum,
1373 5260 1399 5308 et
1430 5253 1519 5309 donec
1551 5254 1659 5310 tandem
1678 5255 1808 5312 ‘totaliter

121 5368 125 5376 ·
151 5360 221 5401 nova
235 5343 354 5400 editione
376 5347 543 5406 statutorum,
565 5339 594 5393 in
615 5354 668 5411 qua
688 5338 781 5410 plures
803 5339 952 5395 ordinatio·
1002 5354 1096 5397 amore
1111 5339 1218 5411 privato
1239 5341 1384 5398 obcaecata
1405 5341 1603 5398 arbitrarentur
1626 5343 1708 5399 etiarn
1723 5344 1807 5401 obse·

149 5448 200 5490 nes
222 5432 333 5488 msartae
353 5428 498 5485 habentur.
523 5427 553 5482 ld
577 5442 643 5499 ergo
667 5442 721 5483 non
745 5427 828 5485 veluti
852 5442 953 5486 novum
1003 5428 1095 5501 quium
1110 5444 1140 5485 se
1154 5436 1285 5502 prestare
1299 5429 1368 5499 Deo,
1384 5429 1408 5486 si
1422 5429 1573 5487 institutum
1587 5438 1665 5489 vatus
1681 5439 1807 5492 evertere

147 5520 223 5593 quid,
240 5527 286 5578 ant
300 5516 440 5575 stabilitati
451 5515 597 5575 adversum
618 5515 800 5590 reputandum
814 5521 874 5587 eat,
891 5531 952 5575 aum
1002 5517 1162 5575 niterentur.
