3750 5984
64 215 119 272 ἥδ
383 209 573 267 EXPOSlTIO
593 211 630 267 [Ν
658 209 849 268 nrtsnonas
874 209 990 268 PAULI.
1009 239 1044 253 -
1059 209 1096 266 lN
1109 208 1220 266 EPIST.
1236 209 1248 264 l
1266 207 1314 265 ob
1327 209 1398 270 Tlll.
1666 223 1719 280 l26

67 337 104 393 ad
138 335 219 391 tidem
248 334 397 399 convertit3
427 334 525 406 quibus
553 337 670 391 loannes
700 334 871 408 evangelista
879 346 907 408 A
920 334 955 389 sit
970 343 996 390 ει
1025 334 1195 401 reverentie,
1219 333 1383 405 Ephesianis
1405 335 1578 394 audientibus
1593 354 1610 394 a
1626 341 1720 400 Timo-

65 425 240 496 postmodum
254 423 281 478 in
297 423 457 495 episcopum
471 422 589 493 praeluit,
606 425 747 481 Timotheo
762 425 870 495 inopus
921 424 984 478 theo
997 422 1069 478 idem
1085 423 1180 479 doceri
1195 423 1267 495 quod
1282 439 1297 477 e
1312 424 1407 490 Paulo,
1434 425 1478 480 cui
1494 427 1590 482 tradita
1605 436 1646 484 est
1660 431 1720 488 baec

66 512 208 586 Evangelii
223 530 239 567 a
254 512 335 568 Panlo
359 520 496 568 revocato.
525 514 599 568 Hanc
614 522 704 569 autem
719 514 869 585 Epistolam
920 513 1047 569 doctrina
1071 529 1086 566 a
1114 512 1229 568 Christo.
1256 514 1285 566 ln
1307 515 1359 569 hnc
1373 521 1465 569 autem
1481 516 1604 586 Epistola
1618 519 1718 574 Paulus

66 620 129 659 cum
144 602 230 656 tribus
244 602 305 656 aliis
316 617 377 673 quae
389 610 549 673 sequuntur,
567 603 661 658 scribit
674 604 708 658 ud
724 619 868 674 personas:
920 601 977 673 agit
1005 601 1039 656 de
1068 600 1253 658 ecclesiastico
1282 602 1388 671 ordine,
1413 603 1515 659 docens
1537 605 1571 659 ab
1595 607 1718 663 Ecclesia

67 692 138 747 duas
158 691 193 746 ad
221 691 412 757 Timotheum
433 692 542 746 tertiam
570 692 605 747 ad
621 692 727 759 Titum;
744 699 870 764 quartam
920 690 1094 760 repellendos
1117 690 1358 761 pseudodoctores,
1379 691 1487 763 illisque
1502 693 1717 752 denuntiandum

62 781 99 836 ad
115 780 321 846 Philomonem;
336 789 449 835 caeteras
465 781 560 835 scribit
575 781 610 835 nd
625 781 774 837 Ecclesias.
794 781 869 835 Con·
919 794 954 833 ne
975 794 1105 848 perverse
1128 778 1257 844 doceant;
1282 781 1357 850 quod
1378 780 1402 834 si
1424 780 1486 836 ideo
1503 797 1558 836 non
1571 783 1715 854 desistunt,

63 877 170 926 secrato
195 869 276 938 (sicut
304 868 406 924 dictum
434 869 487 938 est)
515 869 657 924 Timotheo
683 868 810 940 Ephesiis
837 868 866 922 in
914 866 1023 937 populis
1036 866 1250 922 denuntiandum
1264 874 1315 934 est,
1332 884 1366 924 ne
1380 884 1428 924 eos
1443 869 1563 927 audiant.
1577 872 1716 931 Doccthic

63 958 234 1030 episcopum,
251 965 420 1029 consurgunt
434 964 528 1013 contra
543 974 605 1012 eum
620 958 863 1029 pseudodoctores,
915 954 995 1010 etiam
1019 955 1117 1010 Paulus
1142 956 1312 1011 Timotheum
1336 957 1370 1012 de
1383 958 1480 1013 ordine
1503 960 1666 1016 sacerdotali
1689 968 1716 1016 et

63 1047 199 1116 dicentes,
230 1046 293 1101 licet
308 1061 377 1102 ncta
405 1046 448 1101 lex
462 1046 574 1103 inducta
588 1047 631 1114 sit,
647 1063 709 1103 cum
724 1063 757 1103 ea
773 1055 864 1101 tannen
913 1044 1032 1110 letivico,
1048 1045 1184 1116 quomodo
1200 1045 1319 1116 eligendi
1346 1045 1400 1101 siut
1415 1055 1442 1102 et
1465 1048 1613 1118 probandi.
1630 1050 1717 1105 Docet

63 1136 211 1191 tenendam
227 1150 288 1190 esse
302 1134 536 1191 circumcisionem
550 1142 577 1190 et
597 1143 720 1191 veterum
736 1135 804 1190 ritus
819 1150 864 1190 so·
915 1133 996 1189 etiam
1020 1133 1054 1188 de
1080 1133 1176 1189 ordine
1205 1133 1357 1201 viduarum,
1390 1136 1527 1206 quomodo
1556 1136 1714 1194 ministrare

62 1223 238 1281 criticiorum.
258 1222 318 1292 Quo
332 1223 480 1288 intellecto,
511 1224 608 1279 Paulus
628 1223 778 1295 Epistolam
793 1225 863 1279 hanc
914 1222 1011 1279 doceat
1024 1221 1087 1278 illas
1101 1222 1129 1277 in
1145 1222 1279 1279 Ecclesia.
1303 1224 1409 1280 Docere
1424 1232 1527 1292 autern,
1543 1225 1653 1282 etiarnsi
1667 1243 1714 1281 sa-

60 1312 153 1386 dirigit
180 1312 217 1367 ad
245 1311 426 1374 Timotheum,
458 1327 512 1366 non
542 1313 615 1383 quod
642 1312 677 1367 de
691 1328 725 1368 eo
741 1312 864 1383 ambigat
914 1311 1089 1382 pientissimae
1118 1311 1182 1378 sint,
1216 1327 1356 1382 nunquam
1371 1313 1531 1368 mulieribus
1550 1315 1714 1386 permitten-

62 1401 139 1473 quod
166 1401 194 1454 in
222 1398 312 1471 aliquo
341 1414 526 1456 consensurus
541 1401 576 1455 sit
586 1400 860 1472 pseudodoctoribus,
912 1399 991 1455 dum.
1020 1400 1064 1456 Sic
1092 1400 1217 1456 docendo
1232 1400 1266 1455 de
1281 1400 1467 1457 ecclesiastico
1483 1402 1578 1458 ordine
1598 1403 1714 1459 intendit

62 1490 114 1546 sed
142 1496 170 1544 nt
195 1488 317 1544 doctrina
344 1489 412 1557 ejus,
439 1490 567 1544 roborata
593 1490 751 1545 auctoritate
774 1489 859 1555 Pauli,
912 1488 1011 1543 Paulus
1034 1495 1073 1555 ut,
1093 1503 1144 1558 pro
1163 1488 1246 1544 modo
1270 1488 1402 1544 doctrinae
1416 1495 1487 1559 'snae,
1512 1499 1601 1548 teneat
1623 1493 1714 1563 Ephe·

60 1579 135 1634 idem
165 1594 226 1634 cum
253 1577 395 1633 Timotheo
418 1579 552 1648 docentis,
569 1579 679 1650 majoris
694 1578 861 1634 auctoritatis
912 1576 998 1647 siano,
1014 1576 1157 1649 omnisque
1172 1592 1234 1634 cum
1248 1592 1281 1633 ea
1295 1578 1433 1634 Ecclesia.

443 1921 742 2022 EPISTOLA
771 1922 791 2018 Ι
817 1921 898 2018 Ab
935 1920 1327 2024 TIMOTHEUM.

327 2152 439 2208 CAPUT
454 2150 600 2207 PlllblUll.
871 2147 898 2208 Β
914 2167 925 2196 ι
943 2144 1001 2200 Deo
1016 2144 1144 2200 honoret
1158 2143 1248 2217 gloria
1262 2144 1291 2199 in
1304 2143 1404 2201 saecula
1417 2144 1589 2203 saeculorum.
1606 2147 1706 2204 Amen.

913 2234 999 2289 allec
1022 2241 1186 2306 praeceptum
1206 2234 1368 2290 commendo
1391 2234 1449 2304 tibi,
1484 2234 1523 2290 lili
1559 2234 1710 2303 Timothee‚

99 2325 111 2349 ‘³
130 2301 231 2357 pallus
259 2302 400 2373 ⁸1³0le¹¹¹⁸
426 2302 491 2356 *lesu
513 2298 626 2366 Chlss‘iv
643 2297 792 2354 mundum
806 2296 861 2396 imss
913 2343 924 2369 ι
941 2322 1091 2378 secundum
1101 2322 1289 2393 praecedentcs
1304 2323 1332 2377 in
1347 2330 1373 2378 ιε
1387 2324 1554 2394 prophetias,
1567 2331 1597 2380 ut
1611 2324 1711 2380 milites

62 2391 200 2462 «panum
214 2391 263 2446 ner
294 2390 440 2447 Sabaeos
455 2389 554 2455 noca,
571 2396 596 2444 a
611 2387 709 2442 cuasa
723 2387 788 2442 ¹²⁵⁰
803 2401 862 2456 ⁵1³⁹¹
913 2432 924 2457 ι
943 2410 971 2465 tn
994 2410 1048 2465 ntis
1072 2410 1171 2466 nonam
1195 2411 1328 2482 metretam,
1354 2412 1458 2467 naseas
1473 2411 1554 2467 noem
1569 2420 1596 2467 er
1610 2413 1711 2468 nonam

62 2488 206 2537 «nostrae.
221 2480 363 2536 Timotheo
383 2480 483 2536 dilecto
501 2477 557 2533 lilio
571 2478 598 2532 in
619 2476 672 2532 lide
687 2475 790 2547 gratia,
806 2474 861 2529 mi·
913 2498 1146 2561 ,conscientiam⁸
1175 2516 1255 2571 quam
1293 2499 1399 2572 quidam
1433 2500 1608 2571 repellentes,
1637 2501 1708 2557 cim,

63 2569 253 2635 «ὅθιίωῐᾱῑθε
284 2576 309 2624 el
336 2585 389 2640 pax
417 2584 433 2623 Β
461 2569 519 2622 ὓθθ
542 2568 622 2621 Palm
636 2573 663 2620 θῑ
677 2565 782 2621 Chfl'sw
797 2564 861 2618 ³2⁵⁰
913 2585 1024 2643 «fidem
1040 2586 1287 2659 naufragaverunt3
1304 2588 1450 2660 exquibus
1480 2596 1522 2643 est
1545 2589 1709 2661 Hymenaeus

64 2681 75 2706 t
95 2658 213 2714 D0mi¹1⁰
241 2666 344 2714 110³ll0·
376 2657 450 2713 Sicut
477 2655 573 2729 P⁰S³Vl
600 2662 636 2721 ¹2²2
652 2662 681 2709 ¹¹⁸
704 2667 861 2752 femflqefffl
913 2696 924 2726 ι
942 2683 969 2731 ει
983 2676 1146 2743 Alexander,
1164 2693 1232 2749 quos
1246 2676 1344 2731 tradidi
1358 2677 1476 2745 Samnae,
1492 2684 1522 2732 ut
1535 2678 1641 2734 discant
1655 2693 1710 2734 non

63 2767 75 2797 ι
95 2746 208 2818 Ephesi,
225 2762 286 2803 cum
302 2745 370 2802 irem
385 2745 412 2800 in
426 2743 622 2813 Macedoniam,
640 2751 668 2797 ut
687 2743 861 2798 denuntiares
912 2785 924 2814 ι
941 2763 1167 2835 blasphemam,

63 2857 76 2886 ι
96 2835 260 2906 quibusdum
279 2851 314 2890 ne
329 2834 408 2890 aliter
422 2834 562 2902 docerent,
587 2847 675 2903 neque
690 2830 862 2887 intenderent

62 2945 75 2976 ι
95 2922 216 2981 310
236 2923 334 2979 fabulis
358 2931 385 2979 et
407 2921 578 2996 genealogiis
600 2919 789 2986 interminatis,
801 2934 862 2991 quae

61 3036 74 3060 ι
92 3014 256 3085 questiones
266 3012 489 3086 praestantmagis
498 3009 792 3084 quamaedilicationem
800 3008 859 3078 Dei,
947 3005 1056 3072 Paulus,
1087 3013 1139 3062 etc.
1166 3005 1321 3076 Scripturas
1343 3007 1487 3079 discipulo,
1507 3007 1619 3064 salutem
1635 3025 1707 3080 prae·

63 3125 75 3149 ι
94 3118 156 3174 quae
170 3102 253 3158 estin
269 3100 332 3158 fide.
349 3101 424 3157 Finis
438 3109 528 3156 autem
539 3099 667 3172 praecepti
682 3106 723 3154 est
733 3097 858 3163 charitas,
910 3093 991 3148 mittit
1005 3094 1116 3150 dicens:
1134 3096 1258 3161 Potum,-
1270 3096 1344 3167 quod
1359 3095 1469 3167 quidem
1486 3112 1585 3152 nomen
1599 3106 1640 3154 est
1654 3100 1707 3154 hu-

63 3211 76 3241 «
93 3190 129 3246 de
139 3190 224 3247 corde
232 3206 312 3262 puro,
322 3199 348 3246 et
358 3190 526 3246 conscientia
537 3189 619 3258 bona,
628 3196 654 3243 ει
665 3188 778 3242 lidenon
786 3184 859 3241 ficta.
910 3183 1039 3237 militatis.
1064 3182 1164 3238 Paulus
1194 3183 1274 3238 emim
1290 3186 1370 3256 quasi
1393 3186 1521 3242 modicus
1535 3185 1643 3242 dicitur.
1660 3187 1710 3244 llic

60 3280 116 3335 «Δ
146 3279 244 3352 quibm
272 3278 382 3351 quidam
411 3279 582 3346 aberrantes,
599 3275 724 3333 conversi
748 3273 861 3329 suntin
911 3279 1002 3326 autem
1032 3271 1078 3325 ubi
1093 3271 1250 3327 auctoritate
1265 3286 1334 3343 opus
1348 3279 1399 3339 est,
1416 3274 1585 3330 auctoritatis
1609 3290 1709 3331 nornen

63 3367 290 3439 «vaniloquium,
320 3367 443 3423 volentes
468 3382 529 3422 esse
552 3365 622 3437 legis
644 3365 780 3432 doctores,
806 3378 861 3417 non
910 3367 972 3423 est;
990 3358 1088 3414 Paulus
1113 3359 1185 3414 enim
1200 3374 1300 3415 nomen
1311 3360 1424 3415 multum
1439 3369 1533 3416 notum
1549 3370 1617 3418 erat.
1631 3364 1710 3419 Unde

59 3480 71 3504 ι
92 3455 276 3527 intelligentes
291 3471 379 3528 neque
395 3471 455 3528 quse
470 3455 628 3527 loquuntur,
649 3468 737 3524 neque
752 3452 786 3506 de
797 3450 860 3523 qui·
911 3455 940 3502 ut
953 3447 1042 3520 magis
1057 3446 1192 3503 refelleret
1207 3448 1443 3518 pseudodoctores
1455 3450 1510 3504 ait:
1527 3452 1634 3506 Pontus
1644 3467 1711 3523 opo-

61 3569 73 3592 ·
94 3545 146 3599 bus
172 3543 313 3599 affirmant.
345 3544 452 3599 Scimus
470 3550 559 3598 autem
585 3541 649 3614 quia
664 3542 736 3596 bona
750 3548 790 3594 εει
804 3539 858 3606 lex,
910 3537 1011 3601 stolus,
1027 3535 1054 3590 id
1070 3543 1110 3590 est
1127 3536 1406 3607 lepatacvelmr'ssur.
1433 3537 1499 3592 Cum
1515 3545 1711 3594 autcmomnes

59 3655 72 3684 ι
90 3633 115 3688 si
142 3633 204 3706 quis
233 3648 267 3688 ea
295 3632 417 3705 legitime
432 3638 534 3698 utatur,
549 3630 666 3687 scientes
681 3627 793 3702 [sciens]
807 3628 860 3683 hoc
911 3624 1008 3691 sancti,
1025 3623 1108 3696 legati
1123 3623 1173 3679 Dei
1189 3624 1253 3690 sint,
1268 3625 1406 3696 precipue
1420 3626 1536 3696 apostoli
1551 3626 1590 3682 sic
1606 3642 1708 3683 vocan-

60 3744 72 3775 ι
91 3724 157 3794 quia
167 3724 242 3792 justo
256 3721 298 3777 lex
316 3729 422 3778 nonest
446 3720 545 3792 posita,
567 3719 616 3775 sed
630 3717 747 3787 injustis,
764 3725 790 3772 ει
805 3731 859 3771 non
910 3720 963 3779 tur,
980 3713 1031 3766 sub
1046 3712 1144 3783 quibus
1155 3727 1236 3767 omne
1250 3728 1337 3784 genus
1362 3721 1530 3779 sanctorum,
1548 3729 1708 3788 supraquos

58 3832 71 3862 ι
92 3811 219 3878 subditis,
237 3810 328 3882 impiis
343 3819 368 3866 et
382 3809 580 3881 peccatoribus,
597 3806 737 3863 sceleratis
752 3813 777 3861 et
790 3821 858 3861 con·
909 3816 975 3857 vero
990 3800 1065 3856 solus
1079 3800 1211 3866 Christus,
1238 3800 1384 3856 invenitur.
1404 3804 1563 3873 Apostolos,
1583 3803 1706 3875 inquam,

60 3898 241 3968 «taurinatis,
281 3899 426 3971 parricidis
463 3906 488 3954 ct
517 3896 675 3961 matricidis,
703 3893 857 3961 homicidis,
910 3887 1016 3944 Christi
1042 3890 1117 3955 lectt,
1148 3888 1209 3960 quia
1236 3904 1253 3944 a
1276 3889 1383 3946 Christo
1398 3889 1486 3945 solum
1501 3891 1616 3962 apostoli
1630 3893 1707 3948 missi

59 4013 72 4038 ι
90 3988 255 4057 fornicariis,
285 3988 467 4044 masculorum
492 3985 724 4050 concubitoribus,
751 3983 858 4054 plagia-
908 3985 979 4032 sunt.
995 3976 1037 4032 ab
1065 3976 1195 4047 apostolis
1219 3985 1308 4033 autem
1323 3977 1415 4034 ceteri
1431 3979 1529 4046 sancti,
1547 3986 1575 4035 ut
1590 3996 1606 4035 a
1620 3981 1706 4038 Paulo

58 4078 137 4134 «riis
164 4076 325 4151 [plagariisl
356 4076 542 4141 mendacibus
571 4081 597 4130 et
624 4072 749 4144 perjuris,
780 4079 806 4127 et
834 4069 858 4125 si
906 4065 1073 4121 Timotheus.
1105 4064 1172 4133 Quia
1198 4065 1220 4120 si
1245 4066 1343 4120 Paulus
1373 4067 1513 4137 apostolus
1537 4067 1636 4122 Christi
1660 4070 1703 4135 sit,

58 4192 70 4215 ι
89 4167 156 4239 quid
183 4166 257 4223 aliud
287 4182 360 4221 sanae
387 4164 519 4221 doctrinae
545 4164 713 4227 adversatur,
740 4167 858 4232 quaeest
905 4161 1011 4209 constat
1039 4154 1112 4224 quod
1136 4153 1181 4224 qui
1205 4153 1290 4208 Paulo
1314 4155 1483 4222 contradicit,
1501 4157 1663 4213 contradicit
1678 4166 1705 4213 et

57 4255 239 4310 «secundum
267 4253 446 4327 Evangelium
474 4251 568 4326 gloriae
598 4250 670 4306 beati
693 4248 753 4315 Dei,
784 4248 857 4320 quod
908 4241 1025 4308 Christo,
1049 4241 1095 4313 qui
1119 4241 1232 4297 Paulum
1254 4242 1350 4309 misit;
1376 4244 1421 4314 qui
1444 4260 1509 4300 vero
1531 4245 1706 4302 Timotheoe

58 4366 70 4395 a
89 4341 222 4400 creditum
237 4349 278 4398 est
305 4342 380 4398 mihi.
400 4341 509 4398 Gratias
524 4356 577 4413 ago
592 4340 617 4395 ei
628 4338 675 4411 qui
689 4354 733 4393 me
748 4336 858 4393 conlor-
907 4330 990 4385 Paulo
1005 4329 1100 4396 misso,
1116 4336 1143 4385 et
1166 4329 1193 4383 in
1209 4329 1320 4384 Paulum
1335 4337 1362 4386 ει
1375 4331 1402 4385 in
1419 4331 1558 4388 Christum
1573 4333 1699 4390 offendit.

58 4430 153 4488 «tavit
180 4430 208 4486 in
234 4430 342 4487 Christo
369 4431 433 4486 ,lesu
456 4430 571 4486 Domino
586 4435 690 4495 nostro,
707 4426 770 4498 quia
785 4424 855 4480 fide·
907 4417 1014 4485 Paulae,
1038 4418 1157 4490 inquam,
1187 4417 1325 4488 apostolus
1341 4418 1439 4475 Christi
1468 4421 1533 4476 lesu
1547 4423 1704 4480 secondum

56 4520 142 4576 «lem
171 4535 216 4576 me
239 4519 410 4587 existimavit,
441 4533 546 4589 ponens
574 4517 603 4572 in
621 4515 783 4571 ministerio.
803 4512 856 4583 Qui
904 4508 1066 4581 imperium.
1078 4507 1156 4562 Ponit
1167 4506 1194 4561 in
1204 4506 1566 4578 aliisEpistolisaecnndcm
1574 4513 1704 4569 colunto·

56 4631 69 4661 ι
87 4609 166 4680 prius
179 4608 219 4664 lui
234 4609 420 4680 blasphemus,
436 4615 463 4663 et
484 4613 650 4678 persecutor,
669 4613 696 4661 et
711 4611 855 4661 contume-
906 4600 971 4665 tem,
984 4595 1032 4651 sed
1047 4603 1076 4651 ut
1103 4596 1236 4665 majorem
1250 4594 1447 4652 districtionem
1464 4598 1594 4671 signaret,
1611 4600 1703 4670 posuit

55 4698 193 4765 «liosus;
220 4699 270 4754 sed
297 4695 515 4753 misericordiam
538 4695 589 4751 Dei
604 4700 767 4750 consecutus
782 4707 852 4761 sum,
904 4684 949 4740 hic
972 4685 1134 4756 imperinm.
1162 4684 1292 4740 Volumus
1317 4685 1389 4740 enim
1412 4687 1546 4758 quiedam,
1573 4704 1633 4760 quse
1647 4704 1703 4744 non

55 4787 152 4859 «quia
172 4787 303 4860 ignorans
326 4785 379 4842 leci
401 4785 428 4839 in
451 4783 653 4840 incredulitate.
673 4779 852 4854 Superebun·
904 4772 1089 4844 imperamus3
1114 4787 1176 4844 quae
1198 4781 1289 4828 autem
1313 4770 1371 4829 fieri
1384 4773 1558 4845 imperamus,
1580 4784 1607 4831 et
1621 4776 1702 4831 volu-

54 4899 67 4924 ·
86 4876 164 4932 davit
186 4883 275 4930 autem
299 4873 387 4946 gratia
401 4872 509 4929 Domini
523 4871 609 4927 nostri
624 4887 686 4927 curn
702 4868 754 4924 lide
769 4875 796 4924 et
810 4861 891 4924 di·D
905 4876 975 4928 mus.
991 4869 1027 4927 et,
1043 4877 1077 4917 ne
1092 4877 1148 4916 non
1162 4859 1236 4930 fiant,
1260 4861 1408 4932 prohibere
1427 4862 1559 4920 videmur.
1571 4863 1649 4920 Unde
1663 4865 1702 4920 ait

56 4963 215 5030 «lectione,
245 4978 305 5035 quae
320 4970 361 5018 est
384 4961 413 5017 in
428 4961 535 5017 Christo
557 4961 630 5016 lesu.
647 4957 747 5014 Fidelis
763 4972 854 5013 sermo
904 4950 1058 5007 secundnm
1070 4950 1223 5022 imperinm
1236 4951 1386 5008 lleiPatris.
1398 4951 1471 5006 Deus
1482 4951 1553 5007 enirn
1564 4953 1644 5009 Pater
1654 4954 1703 5009 im·

56 5055 115 5105 «et
141 5047 216 5104 omni
243 5047 402 5118 acceptione
430 5045 543 5118 dignus,
561 5044 625 5116 quia
640 5043 760 5099 Christus
775 5044 854 5098 lesus
904 5039 1010 5111 pererit
1034 5053 1078 5093 me
1106 5038 1259 5109 apostolum
1287 5038 1353 5095 deri.
1383 5042 1435 5097 Dei
1462 5040 1524 5097 dico
1547 5042 1703 5100 salvatoris

55 5162 67 5186 ιι
84 5135 161 5196 venit
187 5136 215 5191 in
239 5136 310 5191 hunc
324 5134 454 5190 mundum
473 5141 633 5205 peccatores
648 5132 739 5187 salvos
754 5130 852 5195 lacere,
903 5129 1005 5196 nostrl,
1020 5126 1099 5183 idest
1110 5127 1156 5199 qui
1171 5127 1284 5198 imperio
1293 5143 1342 5183 suo
1357 5128 1517 5185 obedientes
1533 5131 1635 5200 salvat3
1646 5149 1702 5188 non

55 5250 67 5275 ·
86 5241 205 5299 quorum
219 5225 323 5296 primus
338 5240 391 5296 ego
402 5239 471 5278 sum.
488 5222 541 5277 Sed
560 5221 623 5277 ideo
638 5219 854 5277 misericordiam
904 5216 1063 5272 obedientes
1091 5231 1158 5271 vero
1183 5231 1199 5271 a
1220 5216 1306 5271 salute
1329 5216 1436 5272 alienat.
1459 5219 1537 5274 Unde
1551 5220 1700 5276 timendum

53 5340 66 5364 ι
84 5320 249 5372 consecutus
277 5328 339 5368 sum
357 5319 386 5367 ut
401 5311 428 5365 in
443 5326 487 5367 me
503 5310 589 5381 primo
604 5311 761 5366 ostenderet
776 5306 854 5362 Chri·
904 5312 955 5372 εει,
985 5321 1039 5360 non
1069 5304 1228 5376 perentibus
1252 5304 1365 5376 imperio
1389 5306 1532 5374 Timothei,
1563 5309 1636 5379 quia,
1651 5325 1703 5366 nec

53 5428 66 5455 a
89 5411 148 5460 stus
176 5403 256 5458 lesus
284 5417 393 5458 omnem
409 5400 563 5473 patientiam
587 5399 623 5455 ad
637 5397 854 5456 informationem
904 5394 979 5461 mihi,
1008 5409 1058 5450 nec
1082 5395 1150 5462 Deo,
1167 5393 1215 5465 qui
1238 5392 1382 5464 imperarit
1395 5410 1440 5450 me
1454 5396 1613 5467 Apostolum
1629 5413 1701 5465 esse,

53 5506 193 5560 «eorum,
223 5490 269 5564 qui
283 5490 414 5548 credituri
439 5497 500 5545 sunt
513 5488 553 5544 illi
566 5488 595 5543 in
610 5487 692 5545 vitam
707 5494 849 5544 cateruam.
904 5482 1044 5549 obediunt,
1057 5481 1320 5539 etsicasalvntione
1340 5482 1391 5538 Dei
1409 5483 1573 5540 alienisunt.
1593 5487 1704 5544 Secun-

55 5605 68 5633 ι
85 5580 159 5656 Regi
186 5587 276 5636 cunm
300 5578 465 5636 seculorum
478 5575 634 5647 immortali,
648 5574 787 5644 invisibili,
803 5572 855 5630 soli
905 5570 974 5628 dom
983 5572 1136 5644 imperinm
1143 5570 1195 5628 Del
1204 5569 1294 5627 Patris
1307 5570 1389 5642 dico;
1405 5575 1433 5630 et
1447 5573 1599 5631 secundum
1612 5575 1702 5650 impe-

163 5677 285 5735 Pnnnon.
301 5676 392 5735 CLlll.
1563 5674 1597 5729 tt

1230 2897 1388 2939 nxuostnto.
