3742 5986
119 212 167 264 att
558 212 729 271 GUIGONIS
746 216 771 270 ll
789 214 994 275 canibusve
1012 221 1159 281 ttttottls
1177 226 1325 284 amcam.
1735 231 1786 287 8¹12

119 332 210 388 nitatis
225 333 363 401 vestibus;
391 351 562 407 perperam
593 338 804 407 consessionem,
822 341 958 404 nudamA
973 346 1128 404 damnabile
1142 349 1255 417 malum,
1273 351 1383 407 anobis
1398 351 1678 424 orationistetnpore
1699 354 1788 426 depei·

121 436 152 476 ιι
166 428 194 476 ιι
216 421 393 492 despoliatam
423 423 502 481 iaciat
519 444 525 480 ε
542 435 570 482 ιι
585 428 612 480 ιι
640 428 785 497 praesentia
812 429 927 484 rationis
977 433 1099 503 lendum,
1114 437 1254 510 geminum
1269 440 1391 495 sehabet
1404 441 1719 512 Dominipraeceptum.
1735 442 1790 499 Hoc

121 509 185 565 buic
198 510 318 581 capitulo
342 512 525 582 praesidentis,
548 515 694 586 profunde,
710 533 740 571 sc
769 517 925 587 humilians,
977 532 1067 579 autem
1079 542 1162 581 unum
1177 536 1237 582 est:
1255 529 1324 584 Cam
1338 530 1450 585 stabilia
1460 529 1496 585 ad
1513 529 1679 599 orandam,
1695 531 1788 587 dimit·

121 597 240 671 rigidam
256 608 336 669 prout
350 600 409 672 ipsa
421 599 595 672 judicaverit,
611 620 674 660 cum
694 604 771 661 firmo
785 606 819 660 de
843 614 925 662 caete-
978 612 1030 668 tite
1043 614 1068 669 si
1084 617 1150 686 qaid
1164 615 1272 672 tradetis
1282 617 1419 673 adversae
1429 618 1556 690 aliquem
1566 618 1675 690 (itare.
1686 619 1785 689 xcidit

120 702 153 742 ro
182 687 347 743 emendandi
382 690 532 760 proposito,
564 693 708 764 condigne
736 694 927 749 satisfactionis
975 700 1125 758 aliudvero
1140 711 1182 758 est
1200 722 1207 758 ε
1223 704 1345 775 Statiera
1358 709 1558 761 manasticam
1580 705 1623 761 ad
1640 706 1749 773 altore,
1763 713 1787 762 et

120 775 292 847 disciplinam
308 776 401 832 subire
416 786 512 849 parata
523 788 548 834 ιι
577 789 704 852 prompta
725 781 833 837 existat.
859 782 925 837 Cum
975 798 1072 845 caetera
1087 807 1148 861 quae
1158 799 1321 864 sequnntur.
1340 791 1395 847 Sed
1409 792 1445 848 de
1459 807 1493 848 eo
1513 792 1592 865 quod
1609 792 1708 864 primo
1730 793 1786 851 loco

120 870 212 921 antem
226 866 285 922 hmc
299 866 388 922 omnia
401 867 454 923 hoc
468 868 559 937 modo,
572 876 600 923 tn
615 869 660 941 qni
690 869 826 926 habitator
848 870 925 926 cellae
973 877 1124 948 posuimus,
1141 878 1216 950 prins
1230 896 1352 953 agamus,
1368 887 1514 952 antequam
1545 881 1583 936 ad
1598 880 1683 937 aliud
1711 896 1786 938 accc·

120 967 161 1020 es,
177 970 262 1025 penes
278 962 304 1009 te
315 954 417 1009 debeas
431 956 551 1025 babere,
569 957 619 1013 sed
633 966 696 1013 tunc
712 973 792 1029 quam
807 957 925 1015 maxime
975 967 1082 1022 damus.
1100 966 1169 1024 Cam
1183 969 1307 1035 stabitis,
1323 968 1361 1024 ait
1369 969 1512 1037 Dominus,
1523 968 1736 1038 morandum,
1746 970 1787 1026 dt-

120 1056 153 1098 ea
167 1048 194 1097 te
221 1042 300 1098 decet
327 1058 467 1113 exercere,
484 1061 547 1100 cum
566 1045 769 1101 adorationem
792 1046 925 1118 proponis
974 1056 1117 1112 ottttttort
1131 1057 1198 1128 qottt
1209 1057 1315 1112 tacetis
1325 1057 1784 1129 adversasatiqaem.Etitem:ii

120 1129 253 1186 accedere
269 1149 276 1197 ;
294 1131 358 1202 qnia
373 1139 399 1187 et
413 1132 488 1188 dese
509 1133 575 1189 dicit
602 1134 756 1203 Psalmista,
773 1135 845 1206 qnod
873 1134 925 1189 ini·
973 1144 1141 1200 dissitos-itit
1154 1143 1314 1200 hominibus
1333 1148 1450 1217 peceato
1468 1161 1586 1211 eoram,
1604 1146 1741 1203 dimittet
1758 1149 1784 1202 et

121 1217 251 1289 quitatem
262 1219 286 1273 si
296 1220 402 1290 aspexit
416 1220 443 1274 in
459 1221 541 1276 corde
556 1237 616 1290 suo,
647 1238 702 1278 non
725 1222 850 1278 exaudiet
868 1223 924 1278 Do·
973 1233 1047 1289 vatia
1058 1235 1144 1289 Pater
1157 1236 1250 1289 aester
1262 1235 1384 1290 celestia
1395 1237 1513 1304 peecata
1525 1234 1781 1301 aeabataiaateat

120 1307 226 1375 minuat
243 1307 282 1364 sic
291 1308 432 1381 adjungit:
450 1310 604 1382 Propterea
625 1312 772 1366 exaudivit
793 1312 876 1379 Deua,
893 1315 923 1368 ti
972 1337 1031 1376 ιιι
1042 1321 1210 1378 dirrrireritis
1218 1321 1388 1388 bominibus,
1395 1324 1541 1378 aecl'oter
1549 1323 1781 1379 aesterdimittat

120 1396 246 1452 attendit
263 1397 322 1451 aoei
341 1396 549 1468 deprecationis
573 1415 643 1455 meae
666 1401 755 1468 (Prot.
780 1414 846 1469 axv,
860 1400 918 1469 to).
970 1410 1780 1482 peototooostrotttotttmt,tt,15).Eooeaudisti‚tuqai

119 1483 257 1540 Subaudis
275 1498 281 1538 :
297 1484 362 1556 quia
377 1501 431 1540 non
448 1486 542 1556 aspexi
555 1502 617 1559 ego,
648 1486 794 1555 exaudivit,
810 1486 924 1542 attendit
972 1497 1106 1553 habitator
1118 1497 1196 1554 oollae
1210 1514 1251 1563 os,
1268 1497 1373 1569 etquid
1395 1513 1446 1553 nos
1459 1496 1597 1554 Dominus
1613 1499 1779 1567 exhortetur,

118 1571 203 1627 Deus.
221 1572 374 1628 Siverotu
392 1590 453 1645 quar
471 1574 632 1640 dictasunt,
660 1583 687 1630 et
701 1591 734 1630 eo
757 1576 839 1630 modo
867 1590 921 1647 quo
972 1586 1081 1657 etquid
1105 1586 1184 1641 nobis
1211 1586 1403 1642 comminetur.
1434 1585 1606 1641 Exhortatur
1639 1585 1779 1658 siquidem.

118 1659 280 1727 dictasunt,
303 1662 468 1731 exercueris,
497 1678 560 1718 cum
586 1663 690 1737 gaudio
718 1662 825 1719 confide
838 1680 921 1719 θιιιιιι·
934 1682 1072 1758 Bulctim
1088 1675 1244 1730 accedimus
1263 1674 1299 1729 ad
1326 1674 1469 1740 orandum,
1491 1673 1671 1730 dimittamus
1686 1692 1695 1743 3
1709 1692 1780 1731 mm.

118 1748 247 1804 diendam
262 1765 324 1804 esse
339 1750 490 1806 orationem
505 1760 578 1806 tuam
598 1768 614 1806 a
629 1752 706 1817 nem
723 1752 852 1823 quiajam
866 1752 921 1807 ini·
971 1763 1089 1817 minatur
1103 1778 1169 1818 vero
1184 1763 1258 1834 quod
1273 1763 1296 1817 si
1306 1778 1423 1818 ιοιιοι
1436 1762 1614 1833 dimittimus,
1632 1779 1689 1820 neo
1702 1762 1783 1818 dna

116 1837 247 1909 quitatem
256 1853 312 1893 non
330 1839 429 1909 aspicis
452 1839 480 1894 in
507 1840 591 1896 corde
605 1848 661 1896 tuo.
692 1840 721 1897 si
740 1840 921 1912 animalque
971 1860 1042 1907 tetur
1054 1852 1144 1907 nobis.
1159 1851 1326 1921 Exhortatio,
1338 1851 1437 1917 fateor,
1449 1850 1529 1906 valde
1549 1851 1692 1919 salubris,
1708 1867 1780 1908 eom·

113 1925 142 1982 in
157 1942 191 1983 eo
206 1926 353 2000 aliquando
369 1927 428 1995 suit,
442 1929 500 1998 jam
514 1937 577 1986 anie
592 1929 682 1985 deleta
705 1937 757 1984 0⁵1·
969 1940 1080 1996 minatio
1102 1955 1168 1996 vero
1184 1939 1265 1995 valde
1281 1938 1423 2009 terribilis.
1442 1939 1471 1994 Si
1499 1937 1685 2007 dimittimus,
1701 1948 1729 1996 et
1741 1940 1780 1995 di·

969 2030 1089 2084 mittetur
1102 2028 1182 2084 nobis
1198 2045 1205 2082 :
1222 2028 1245 2082 si
1255 2044 1310 2084 non
1320 2027 1490 2095 dimittimus,
1503 2043 1558 2085 nec
1572 2028 1664 2085 nobis
1691 2027 1780 2084 dimit·

342 2133 540 2191 ctptqttwtt
560 2133 689 2189 xquq
969 2125 1051 2172 tetur.
1067 2118 1139 2172 Ecce
1162 2116 1225 2188 qnia
1244 2116 1272 2171 in
1297 2123 1391 2172 nostra
1414 2115 1552 2172 voluntate
1574 2116 1706 2187 positum
1733 2124 1779 2185 ιιι

968 2213 1059 2260 utrum
1074 2222 1125 2261 nos
1140 2204 1229 2261 foveat
1243 2204 1342 2277 gratia,
1357 2218 1395 2259 an
1408 2203 1486 2259 feriat
1508 2203 1562 2260 ira.
1587 2205 1691 2278 ltaque
1708 2220 1781 2262 accc·

115 2299 154 2357 lle
164 2318 195 2359 eo
207 2302 279 2375 qaod
292 2302 403 2358 eumad
416 2302 788 2367 orationemaceedimas‚et
798 2299 859 2355 iltis
870 2300 917 2372 qai
968 2294 1037 2349 alens
1051 2294 1085 2348 ad
1108 2294 1270 2360 orationem,
1295 2300 1322 2348 tu
1351 2292 1397 2365 qni
1410 2292 1547 2348 habitator
1574 2292 1663 2350 cellae
1683 2293 1779 2361 eadi-

150 2375 182 2428 ia
197 2390 248 2430 aas
261 2374 444 2446 deliquerant
455 2390 492 2429 ea
501 2391 573 2446 paro
583 2374 664 2429 eorde
676 2373 831 2436 dimittere,
847 2376 876 2426 et
892 2371 918 2425 a·
967 2383 1043 2437 mitto
1059 2390 1088 2437 ut
1102 2382 1252 2437 dimittatur
1266 2381 1315 2435 tibi
1331 2400 1338 2448 ς
1355 2381 1405 2436 sod
1427 2381 1558 2436 eomodo
1588 2381 1712 2449 dimitte,
1728 2396 1778 2455 quo

150 2450 218 2500 *ιιι
234 2446 283 2516 oar·
299 2444 401 2501 illm
418 2444 527 2530 “ltili
540 2445 689 2499 “limium
700 2460 761 2509 aas
776 2442 861 2514 presa
876 2443 917 2497 δι’*
967 2471 1015 2529 ιι
1030 2469 1319 2541 supserstitntsrs
1346 2468 1471 2524 fortassis
1497 2476 1527 2523 as
1553 2467 1660 2538 :Quia
1674 2478 1717 2526 sa
1737 2470 1778 2526 u-

149 2531 182 2570 αθ
195 2517 323 2587 pedem
336 2517 519 2571 'mmmm
534 2516 675 2571 ‘lehem'
966 2559 1097 2615 mittere?
1112 2567 1138 2614 et
1152 2559 1192 2614 sic
1214 2574 1265 2613 nos
1293 2558 1490 2629 respondemus
1510 2556 1561 2612 tibi
1577 2575 1586 2612 ε
1604 2559 1662 2615 boe
1677 2566 1720 2615 est
1739 2559 1777 2614 di·

150 2647 223 2703 Inter
236 2648 305 2714 hec,
322 2655 349 2702 tu
363 2648 410 2720 qui
429 2648 566 2703 habitator
583 2648 661 2703 cellae
675 2663 715 2713 es,
737 2647 916 2718 apostolicum
965 2647 1081 2713 mittere,
1098 2646 1233 2703 demente
1247 2646 1381 2713 emittere,
1404 2654 1434 2701 ut
1447 2645 1515 2700 nibil
1542 2661 1647 2702 eornm
1660 2647 1690 2702 in
1708 2662 1778 2703 men-

112 2734 179 2790 lllud
193 2735 264 2790 babo
278 2734 423 2808 diligenter
433 2736 459 2790 in
476 2736 608 2791 memoria
624 2744 791 2807 praeceptum
814 2745 841 2790 ιι
856 2735 915 2806 qui·
966 2743 992 2791 ιι
1002 2752 1087 2807 penes
1102 2744 1128 2790 te
1143 2743 1169 2790 et
1183 2736 1254 2789 intra
1268 2743 1295 2790 te
1316 2733 1444 2800 retineas,
1460 2750 1521 2806 quae
1536 2733 1588 2790 tibi
1603 2751 1622 2789 a
1641 2751 1777 2808 quoquam

110 2824 175 2879 darn
191 2823 413 2893 saluberrimum,
433 2824 468 2879 de
483 2839 537 2895 quo
552 2824 580 2878 in
595 2823 718 2894 Epistola
728 2839 779 2879 sua
786 2823 915 2879 dilectum
965 2841 1110 2897 perperam
1125 2824 1254 2881 dictarel
1269 2823 1427 2879 factasunt.
1445 2822 1475 2880 Si
1502 2822 1578 2878 enim
1594 2823 1703 2895 aliquid
1730 2840 1776 2881 eo·

112 2920 139 2968 ιι
153 2912 268 2968 electum
286 2912 429 2984 alloquens
442 2912 606 2983 discipulum
623 2927 630 2965 :
646 2914 793 2977 Leucates,
817 2912 913 2984 inquit,
965 2930 1027 2969 rum
1041 2930 1101 2985 quae
1116 2913 1165 2967 tibi
1180 2912 1223 2969 rel
1238 2912 1333 2967 durius
1348 2912 1488 2984 abaliquo
1506 2911 1595 2978 dicta,
1613 2913 1660 2969 rel
1685 2913 1776 2969 durinc

109 3016 199 3075 paras
213 3003 397 3067 creamine
408 3002 452 3057 ira
467 3005 495 3056 et
505 3002 710 3072 disceptatione
718 3001 743 3072 (l
753 3002 821 3056 Tim.
832 3016 861 3068 ιι,
873 3000 911 3071 9).
925 3050 950 3112 0
965 3010 1027 3059 acta
1042 3009 1114 3069 sunt,
1130 3009 1282 3058 commotus
1297 3000 1437 3065 ιιιιοιιιι,
1454 2999 1542 3057 tristis
1550 3008 1579 3055 et
1588 3015 1772 3073 conquerens,

111 3085 201 3156 Quam
216 3097 342 3161 putamus
357 3105 419 3144 esse
433 3088 590 3144 distantiam
605 3089 675 3143 inter
689 3089 914 3160 disceptationem
963 3091 1048 3147 iratus
1062 3099 1089 3146 et
1103 3106 1220 3158 amarus,
1230 3089 1395 3160 disceptans,
1406 3097 1432 3143 ιι
1446 3088 1593 3158 disputans
1608 3089 1683 3147 intra
1697 3098 1725 3147 ιι
1737 3104 1774 3145 re·

112 3183 140 3232 ιι
154 3177 375 3232 iramtVidetur
394 3177 486 3249 utique
510 3177 589 3232 nobis
616 3177 688 3248 quod
704 3177 750 3248 qni
783 3176 916 3232 adversus
964 3179 1061 3249 rolris,
1078 3188 1104 3235 et
1119 3186 1212 3250 aptum
1226 3176 1360 3233 reddendi
1375 3175 1505 3232 talionem
1521 3184 1548 3232 et
1561 3177 1657 3233 vicem
1671 3185 1774 3249 tempus

111 3263 231 3336 aliquem
253 3265 335 3320 nimis
352 3265 451 3335 injusto
475 3273 502 3320 ιι
530 3265 688 3332 indiscrete,
716 3265 796 3319 nimis
819 3264 916 3320 acriter
964 3268 1085 3339 exquiris
1107 3275 1157 3333 ;et
1181 3266 1285 3338 siquid
1303 3265 1329 3321 ei
1356 3265 1502 3337 contigerit
1531 3264 1658 3334 adversi,
1674 3267 1712 3323 ab
1725 3266 1775 3322 alic

111 3361 139 3408 ct
149 3353 296 3409 crudeliter
309 3363 452 3421 movetnr;
469 3354 514 3410 hic
528 3363 600 3410 certe
616 3355 644 3409 in
658 3354 698 3407 ira
713 3362 763 3408 est.
781 3353 834 3423 Qui
848 3369 915 3409 vero
964 3356 1085 3428 quidem,
1100 3371 1155 3411 non
1169 3371 1219 3426 per
1233 3363 1258 3411 te
1269 3354 1383 3424 illatum,
1399 3361 1427 3408 tu
1445 3368 1555 3425 qnoque
1579 3354 1648 3410 inde
1662 3353 1772 3419 laetaris,

111 3440 198 3509 ιιιιιι,
215 3442 348 3498 adversus
359 3460 439 3515 quem
460 3451 612 3500 commotus
626 3450 677 3507 est,
694 3442 775 3498 etiam
799 3456 914 3513 corpore
964 3444 1093 3500 audenter
1106 3443 1222 3499 dicimus
1244 3442 1306 3514 quia
1334 3457 1389 3498 non
1404 3441 1528 3497 dimittis.
1543 3441 1606 3498 Nec
1633 3441 1772 3499 irnctnoae

112 3531 254 3586 absentem
277 3531 329 3587 sibi
356 3532 384 3586 in
413 3539 504 3588 mente
532 3539 720 3602 representat,
746 3547 863 3602 cumque
887 3530 914 3584 in
964 3532 1084 3604 quandiu
1094 3532 1134 3588 sic
1144 3532 1216 3586 intra
1230 3538 1257 3586 te
1277 3530 1382 3586 actitari
1397 3530 1491 3597 sentis,
1517 3529 1553 3585 ad
1572 3530 1712 3587 orandum
1727 3546 1773 3587 ac·

113 3619 221 3676 interno
250 3621 342 3676 cordis
366 3637 488 3686 susurro,
524 3619 615 3675 silenti
643 3620 761 3691 quodam
784 3620 912 3686 clamore,
964 3621 1063 3677 cedere
1078 3628 1166 3692 putes.
1183 3622 1223 3675 De
1242 3626 1334 3675 mente
1348 3634 1465 3690 namquo
1480 3626 1526 3673 tna
1539 3617 1568 3673 id
1593 3619 1671 3691 qnod
1684 3627 1772 3676 actam

112 3723 160 3763 seu
175 3708 210 3780 tsi
225 3708 263 3763 ita
292 3709 489 3781 congruentius
516 3708 627 3777 dicitur)
651 3708 772 3763 clamoso
796 3707 915 3778 quodam
963 3709 1123 3765 voldictnm
1146 3716 1188 3763 est
1215 3707 1273 3773 tibi,
1301 3708 1419 3764 necdum
1446 3705 1572 3773 emisisti,
1603 3707 1657 3763 sed
1685 3708 1772 3764 adbuc

109 3795 228 3861 silentio,
241 3813 302 3852 cum
327 3797 493 3852 tumultuosa
518 3796 683 3862 turbatione,
699 3804 725 3852 et
753 3796 861 3851 turbato
876 3803 916 3849 tn·
963 3797 1104 3853 mortifero
1126 3812 1233 3852 veneno
1257 3796 1367 3868 plenam
1386 3795 1480 3863 babes,
1496 3809 1551 3867 quo
1570 3810 1636 3850 eam
1660 3803 1691 3851 tn
1717 3796 1774 3868 ipse

108 3883 194 3938 multu
210 3884 372 3954 alloquens;
387 3884 568 3955 allegationes
579 3884 761 3949 multimodas,
779 3891 805 3939 ιι
819 3900 915 3938 οιιιιι
963 3885 1091 3958 implesti.
1108 3884 1222 3954 Quodsi
1235 3885 1287 3941 boc
1302 3884 1391 3940 lacere
1405 3883 1449 3940 vel
1463 3898 1518 3939 non
1535 3883 1625 3940 audes
1640 3883 1688 3941 rel
1714 3900 1772 3940 eru·

109 3970 212 4041 (nisibi
225 3971 343 4041 videtur)
358 3972 545 4037 rationabiles,
562 3971 611 4026 sed
626 3972 761 4028 veraciter
775 3972 850 4027 omni
866 3988 910 4026 ra·
965 3974 1065 4043 boscis,
1077 3990 1126 4029 seu
1141 3982 1215 4029 certe
1225 3989 1279 4029 non
1293 3981 1382 4044 potes,
1398 3972 1448 4028 sed
1462 3988 1527 4028 eum
1552 3979 1651 4028 tamen
1674 3973 1772 4030 adrer-

107 4058 181 4115 tione
196 4069 322 4116 carentes
351 4061 472 4116 emittit:
496 4060 688 4131 responsiones
717 4060 837 4132 suscipit,
854 4059 914 4131 ipso
964 4081 1012 4118 ιιι
1027 4079 1107 4135 quem
1122 4071 1274 4118 commotus
1288 4077 1329 4128 ιι,
1352 4061 1446 4118 ιιιιίο
1459 4068 1487 4115 ιι
1502 4068 1583 4116 torvo
1612 4061 1708 4127 oculo,
1723 4061 1773 4119 de-

108 4148 167 4204 solo
182 4157 208 4204 et
222 4149 461 4207 nonaliocumco
482 4149 625 4205 existente.
654 4147 736 4204 lnbis
752 4156 779 4204 ιι
806 4148 914 4220 qniop-
963 4152 1055 4207 missis
1070 4151 1220 4223 superciliis
1235 4150 1344 4221 aspicis,
1370 4150 1450 4221 eique
1464 4148 1555 4206 vultus
1580 4149 1622 4205 tui
1635 4150 1772 4207 serenita-

105 4237 191 4306 ponit,
208 4239 293 4312 etqui
308 4238 425 4312 reponit,
448 4239 499 4295 iste
514 4238 642 4294 nimirum
657 4238 685 4292 in
714 4237 913 4308 disceptatione
964 4250 1018 4297 tem
1029 4240 1111 4308 tollis,
1127 4249 1154 4296 et
1164 4240 1207 4296 rel
1222 4254 1284 4295 cam
1298 4255 1332 4295 eo
1346 4237 1422 4310 loqui
1440 4254 1495 4294 non
1522 4237 1661 4311 dignaris,
1678 4240 1724 4297 rel
1736 4238 1771 4311 (si

106 4332 158 4380 est.
176 4326 204 4381 Si
218 4328 328 4398 quidem
343 4328 477 4400 disceptat
491 4336 518 4383 et
542 4327 672 4399 disputat,
689 4333 716 4382 ιι
740 4342 802 4382 cum
826 4326 913 4381 altero
965 4328 1034 4385 sorte
1049 4328 1180 4400 loqueris)
1204 4328 1290 4384 rerba
1303 4327 1332 4382 in
1354 4343 1416 4383 enm
1441 4341 1540 4397 amara,
1555 4327 1612 4383 hac
1626 4327 1664 4383 de
1689 4342 1772 4385 cansa

105 4413 181 4469 nullo
193 4430 288 4471 amara
306 4432 373 4473 voce
394 4417 515 4490 litigans,
532 4433 562 4471 ιι
588 4432 698 4487 semper
722 4430 867 4481 excusans,
883 4407 945 4469 ιιι)
957 4418 1095 4489 Jacnlaris,
1112 4425 1139 4473 et
1153 4416 1241 4472 duleis
1256 4416 1292 4483 ei,
1306 4416 1377 4472 sicut
1398 4414 1484 4470 debes
1498 4430 1562 4471 esse
1576 4413 1660 4471 tratri
1685 4424 1732 4473 tuo
1743 4416 1770 4471 in

105 4500 183 4563 illum
198 4505 330 4560 adversus
346 4521 426 4577 quem
454 4513 605 4561 commotus
629 4512 679 4570 est,
705 4503 807 4560 acriter
828 4518 910 4559 occu·
960 4514 1052 4563 mente
1067 4521 1122 4561 non
1144 4504 1247 4572 existis,
1264 4505 1332 4561 scito
1347 4519 1399 4575 pro
1422 4510 1498 4560 certo
1511 4502 1577 4576 quia
1593 4503 1718 4560 necdum
1731 4504 1771 4559 di·

34 4600 46 4615 ‘
105 4612 190 4664 sans;
207 4594 319 4650 silenter
333 4594 437 4665 (utpote
453 4609 470 4648 a
485 4593 558 4649 nullo
573 4592 626 4649 nisi
640 4608 657 4648 a
671 4608 701 4647 ιι
717 4591 775 4646 solo
790 4590 909 4659 auditus)
959 4594 1053 4660 mittis,
1071 4600 1097 4649 ct
1112 4593 1185 4665 quod
1208 4594 1300 4649 adhuc
1313 4594 1348 4647 ad
1375 4592 1527 4649 orationem
1542 4592 1686 4649 accedere
1710 4593 1770 4649 ido·

104 4694 131 4744 et
147 4700 241 4742 amare
256 4683 367 4740 clamat.
383 4683 438 4738 Sed
451 4683 555 4754 absque
570 4689 686 4752 utroque
696 4681 748 4736 boc
762 4679 835 4735 malo
856 4694 909 4734 no·
959 4699 1028 4739 nens
1041 4698 1096 4738 non
1111 4681 1159 4738 sis.
1175 4682 1217 4737 lid
1231 4683 1290 4737 haec
1310 4681 1470 4738 sorussistu
1483 4680 1537 4736 hoc
1550 4681 1637 4737 modo
1655 4697 1663 4737 :
1680 4683 1770 4739 Duras

103 4784 167 4831 strae
194 4774 222 4828 in
246 4781 341 4828 nostra
355 4772 478 4828 oratione
507 4786 605 4826 manus
628 4769 752 4826 levanda
775 4774 857 4833 sunt;
880 4774 910 4822 ut
960 4781 1001 4828 est
1015 4771 1059 4826 hie
1074 4787 1166 4826 sermo
1185 4778 1246 4825 tuus
1262 4788 1270 4835 ;
1284 4770 1345 4843 quis
1358 4779 1385 4825 te
1406 4777 1496 4841 potest
1510 4767 1608 4825 oudim
1622 4769 1637 4824 l
1652 4769 1769 4840 Quando

103 4863 207 4920 moveri
224 4863 357 4918 adversus
371 4862 488 4933 aliquem
512 4866 661 4925 cessantes,
677 4874 729 4914 nec
748 4858 830 4912 alium
855 4855 908 4911 ali·
960 4876 1027 4931 ergo
1039 4859 1155 4928 dimitto,
1172 4859 1194 4913 si
1210 4858 1304 4913 tandin
1318 4875 1374 4914 non
1389 4857 1504 4925 dimitto,
1535 4858 1663 4928 quandin
1677 4859 1720 4916 sic
1732 4858 1770 4912 in·

103 4968 186 5024 quem
195 4951 223 5006 in
239 4952 322 5007 corde
337 4959 441 5016 nostro,
457 4950 578 5005 clamose
594 4947 675 5013 taciti,
698 4954 725 5002 et
749 4946 828 5002 tacite
849 4944 908 5001 clo·
959 4956 1057 5004 treme
1088 4949 1133 5020 agi
1161 4947 1322 5003 sentioiEt
1345 4961 1395 5002 nos
1414 4945 1463 5001 tibi
1490 4946 1544 5001 hoc
1569 4946 1657 5002 modo
1674 4965 1682 5002 :
1699 4946 1769 5003 Scito

103 5039 183 5105 mosi,
199 5055 250 5093 ιοι
266 5046 428 5095 excusantes
444 5053 624 5101 accusemus;
641 5052 692 5091 nec
712 5036 795 5090 alium
824 5049 908 5089 accu-
958 5036 1024 5091 nibil
1039 5037 1147 5107 placere
1163 5038 1221 5091 Deo
1235 5035 1370 5106 impurum
1389 5035 1436 5107 qui
1457 5048 1565 5089 summa
1578 5034 1691 5105 puritas
1717 5042 1767 5101 est,

103 5136 205 5196 santes,
223 5143 273 5182 nos
288 5143 461 5194 excusemus,
482 5125 533 5197 ipsi
553 5126 581 5180 in
603 5123 645 5178 his
673 5132 700 5179 et
721 5124 811 5179 nullus
839 5122 908 5176 alius
959 5125 1025 5179 nibil
1041 5124 1195 5180 simulatum
1221 5124 1266 5195 qui
1282 5139 1348 5179 tera
1369 5122 1482 5194 aequitas
1504 5131 1556 5177 est.
1577 5122 1607 5177 Si
1630 5124 1767 5194 patienter

102 5216 260 5282 existentes,
277 5216 358 5287 quiet
373 5233 423 5272 nos
440 5215 524 5270 alium
552 5212 708 5269 accusando
730 5226 906 5276 ιιιιιιιιιι,
958 5230 1009 5269 ιιι
1024 5214 1111 5280 audis,
1128 5214 1251 5269 dicemus
1267 5212 1314 5266 tibi
1334 5212 1444 5284 quando
1470 5209 1597 5266 dinrittis.
1613 5212 1702 5281 Ecce,
1717 5212 1765 5267 ad·

102 5313 129 5361 et
142 5321 193 5361 nos
210 5304 367 5360 excusando
389 5304 474 5358 alium
498 5317 669 5358 accusamus.
700 5301 764 5355 Sine
791 5307 907 5370 utroque
958 5311 1034 5358 rorte
1051 5321 1057 5356 :
1075 5303 1098 5357 si
1114 5303 1186 5374 quod
1201 5301 1249 5356 tibi
1264 5301 1366 5357 dictum
1380 5300 1424 5357 rel
1437 5308 1529 5356 actum
1542 5306 1596 5368 ιιι,
1612 5299 1653 5355 ita
1663 5316 1699 5357 ex
1713 5308 1767 5356 toto

100 5394 154 5450 hoc
164 5392 286 5450 horribili
300 5392 373 5447 malo
401 5392 548 5463 (tibiales,
566 5391 612 5463 qui
632 5389 765 5444 habitator
778 5387 855 5443 cellae
865 5388 907 5457 ιι)
958 5391 1093 5447 demente
1108 5392 1216 5456 emittis,
1243 5390 1316 5462 quod
1341 5388 1409 5445 illud
1425 5388 1546 5445 funditus
1567 5388 1764 5446 oblitisceris:

99 5481 191 5539 levare
200 5482 286 5538 debes
304 5496 403 5537 manus
414 5480 442 5535 in
453 5480 595 5547 orationet
611 5486 641 5535 nt
659 5486 687 5534 et
700 5478 759 5533 Deo
782 5481 905 5546 accepta,
958 5487 985 5535 et
994 5480 1071 5535 illum
1085 5480 1131 5551 qui
1146 5479 1194 5536 tibi
1209 5478 1340 5535 contrarii
1352 5478 1456 5551 aliquid
1471 5477 1516 5534 rel
1529 5476 1617 5534 verbo
1631 5477 1680 5535 vel
1698 5477 1766 5535 iacto

101 5576 129 5628 ιι
141 5569 190 5626 tibi
204 5568 292 5641 possit
306 5585 369 5627 esse
396 5568 546 5628 fructuosa.
571 5569 606 5625 Et
620 5567 657 5623 ad
680 5565 734 5623 hoc
760 5572 907 5637 atrumque
956 5564 1057 5633 intulit,
1087 5565 1191 5637 absque
1218 5563 1293 5621 amni
1320 5578 1418 5621 aarum
1439 5560 1636 5621 recordatione
1665 5576 1765 5621 sereno
