3742 5986
178 129 230 182 ota
731 132 912 189 APPENOIX
939 133 987 189 ab
1010 130 1042 188 S.
1069 129 1275 188 BRUNONEM.
1781 130 1833 184 5⁸⁰

174 255 267 311 lloxo
289 252 447 323 eritlugens
461 251 558 306 villoso
569 253 689 325 tegmine
706 263 800 326 pastor
990 256 1121 321 Annua,
1139 254 1239 328 quibus
1253 253 1359 311 latitare
1369 253 1436 309 nihil
1455 251 1614 324 contingere
1628 257 1726 323 posset

174 269 296 381 Candiifa
309 322 439 388 doctoris,
454 321 620 402 fratrumque
644 327 790 383 tenerrima
809 328 901 399 dorsa,
1028 326 1149 381 Dulcius.
1167 330 1211 391 At,
1227 333 1371 398 postquam
1387 332 1481 397 partes
1492 324 1627 380 evolverat
1638 321 1748 403 ambas,

173 398 262 469 litque
277 394 337 450 rudi
352 409 441 459 sacco,
458 409 621 465 niveumque
645 396 760 466 imponit
775 399 903 456 amictum
1025 397 1125 462 Bnino,
1139 397 1268 452 reluctari
1281 399 1362 466 votis,
1375 396 1515 468 jussisque
1530 409 1653 465 supremi

171 467 283 539 Virgine
294 466 329 520 de
338 465 414 530 lana,
432 463 511 518 nivea
525 472 582 518 tum
599 470 722 521 cannabe
742 469 836 541 cingit,
1026 466 1164 523 Pontificis
1177 475 1252 538 putat
1267 482 1328 523 esse
1338 467 1428 533 nefas,
1440 464 1578 523 concludit
1587 463 1722 520 eundum.

172 539 262 608 litque
278 537 345 608 tegit
368 535 492 604 scapulas
508 535 572 590 albo
593 535 741 608 clausoque
757 541 872 607 cucullo,
1027 537 1073 594 Sic
1085 537 1266 605 licetinvitus,
1278 537 1612 593 Carthasiadeseritarva.

174 608 279 664 lndicio
292 616 403 663 aeternae
422 605 556 660 clausurae
579 608 783 680 munditiaeqne.
1026 608 1085 663 lleu
1100 617 1216 680 quantos
1226 610 1353 678 gemitus,
1369 610 1423 664 heu
1438 615 1504 679 quot
1526 607 1656 674 lamenta,
1673 617 1794 677 perosas

174 681 328 734 lnnumerae
341 676 464 730 astabant
484 676 580 740 turbae,
597 680 741 750 cunctique
756 681 912 753 gemebant.
1025 679 1174 735 Romuleos
1184 677 1283 745 fasces,
1295 694 1376 734 curas
1386 687 1467 751 atque
1481 692 1578 748 aspera
1587 675 1665 732 cellae

172 751 231 806 Nec
246 755 369 820 poterant
391 745 506 800 rotinere
522 747 581 816 pios
601 747 643 817 pia
661 758 773 819 pectora
805 753 920 808 lanatus.
1025 749 1128 804 Exsilia
1142 749 1231 805 emisit
1246 750 1346 818 bruno,
1367 751 1484 806 emisere
1502 747 1633 803 sodales?

173 822 249 876 Tunc
262 820 343 874 etiam
356 816 454 871 sumini
475 816 559 897 nitido
574 817 609 871 de
624 821 724 875 vertice
740 768 803 877 caefi
1026 820 1081 875 Ceu
1097 819 1175 877 clavo
1190 820 1301 888 amisso,
1317 835 1351 875 ac
1369 819 1452 876 veluti
1468 827 1576 875 temone
1589 815 1722 883 refracto,

174 890 299 962 angelici
314 903 415 945 venere
426 888 511 953 chori,
527 895 662 960 cantuque
681 906 781 947 sonoro
1026 891 1127 961 Puppis
1142 898 1229 958 erant,
1244 890 1314 946 adeo
1329 890 1471 960 dispendia
1493 889 1576 944 inulta
1589 887 1689 943 tulere.

174 963 255 1017 Festa
265 960 436 1016 celebrarunt
453 976 460 1023 ;
476 958 527 1011 bos
537 958 640 1014 murice
654 961 741 1016 claras
757 970 783 1017 et
795 971 868 1019 ostro
1025 961 1101 1016 Tunc
1115 977 1222 1016 omnes.
1238 960 1412 1016 Laadumnus
1427 968 1487 1016 erat
1499 959 1658 1014 moderator
1671 956 1767 1013 ovilis.

177 1032 338 1088 Praecedens
352 1028 440 1083 David
456 1028 587 1083 citharam
598 1029 723 1101 pulsabat
733 1033 874 1088 eburnam.
1061 1032 1185 1086 Protinus
1198 1038 1228 1086 ut
1243 1032 1342 1086 summi
1354 1032 1444 1087 lirano
1453 1029 1576 1102 pervenit
1585 1028 1621 1084 ad
1628 1026 1723 1084 aulam

176 1103 235 1158 lluc
245 1111 272 1156 et
281 1104 401 1156 loannes
415 1098 512 1154 villosa
526 1099 596 1169 pelle
611 1103 709 1156 cameli
1025 1100 1173 1167 Pontificis,
1184 1109 1241 1156 toto
1255 1110 1411 1173 prostratus
1424 1109 1537 1174 pectore
1554 1098 1614 1172 figit

177 1175 297 1241 Cinctus,
313 1169 465 1241 predulces
480 1169 712 1240 circumplexurus
727 1174 852 1230 alumnos
1026 1170 1125 1227 Oscula
1140 1172 1255 1228 sacratis
1268 1173 1384 1243 pedibus
1400 1193 1408 1241 ;
1423 1173 1473 1229 sed
1521 1186 1556 1243 pa
1562 1172 1703 1241 jacentem

175 1246 311 1308 Venerat;
328 1242 374 1297 hic
389 1240 489 1294 Paulus
510 1246 595 1295 tectus
615 1242 747 1298 velamine
760 1244 869 1314 palmae,
1025 1242 1130 1298 attollit
1144 1243 1278 1308 manibus,
1298 1244 1418 1298 venienti
1431 1259 1483 1315 app
1495 1242 1570 1298 audit
1583 1239 1683 1295 arnico.

177 1315 226 1369 llic
238 1321 296 1369 erat
311 1310 442 1367 ilillarion
457 1310 619 1381 celeberque
637 1314 769 1369 Antonias
779 1316 868 1384 beros,
1025 1313 1078 1367 Dat
1093 1311 1185 1368 faciles
1199 1313 1298 1381 aditus,
1308 1320 1335 1368 et
1349 1314 1412 1369 laeta
1425 1312 1515 1369 fronte
1529 1311 1695 1385 magistrum

178 1384 365 1464 Candentique
381 1389 447 1452 toga
462 1381 622 1461 benedictus
638 1391 663 1437 et
678 1399 726 1439 ore
735 1386 871 1440 verendus
1026 1383 1145 1465 Suscipit
1158 1383 1284 1454 bospitio,
1302 1384 1442 1509 multoque
1457 1391 1588 1454 exceptus
1602 1381 1721 1448 honore,

178 1457 331 1526 Spectatum
345 1453 458 1506 aderant
475 1450 607 1505 solemma
621 1461 694 1507 tanta
716 1462 851 1525 parentes,
1026 1453 1164 1508 Pontihcis
1183 1453 1262 1508 lateri
1276 1455 1371 1510 consul
1404 1454 1534 1509 discimus
1552 1453 1648 1510 baerci.

178 1525 231 1594 Qui
246 1524 365 1579 latebras
379 1521 443 1576 olim
458 1519 563 1575 fuerant
574 1523 658 1577 saltus
679 1541 712 1579 ue
732 1526 826 1580 secuti.
1026 1524 1111 1592 llujirs
1121 1533 1146 1578 et
1160 1523 1269 1579 hortatu
1279 1533 1378 1593 motus,
1398 1524 1507 1581 diversa
1521 1522 1614 1596 coegit

219 1596 322 1650 Discite
335 1592 472 1647 mundano
486 1607 536 1647 vos
544 1593 590 1661 qui
604 1540 736 1649 insuffiatis
751 1595 856 1661 honori,
990 1593 1145 1670 BConsilia
1152 1595 1292 1660 Urbanus,
1299 1611 1436 1668 generosa
1443 1595 1581 1650 Placentia
1591 1589 1683 1672 testis,

181 1666 234 1735 Qui
249 1672 330 1735 caput
340 1663 455 1736 erigitis,
472 1662 605 1716 tumidum
639 1665 665 1718 ui
674 1673 769 1735 pectus
784 1666 888 1722 habetis
1026 1664 1094 1719 Sunt
1108 1671 1192 1720 testes
1204 1665 1315 1735 llelpbi.
1335 1667 1433 1721 Clarus
1446 1682 1525 1721 mons
1540 1664 1629 1732 testis,
1643 1661 1763 1719 biom

179 1736 310 1792 Praesenti
325 1733 447 1805 speculo,
463 1740 489 1786 et
503 1740 577 1787 tanta
597 1681 739 1791 officeaine
753 1738 828 1803 moti,
1026 1734 1110 1789 llulta
1124 1736 1293 1791 sacrosancti
1302 1736 1424 1792 decrevit
1434 1735 1684 1800 Pneumatisaura3

177 1808 237 1861 Alta
251 1804 398 1877 supercilia
412 1804 490 1857 elatae
503 1803 642 1873 deponere
656 1805 762 1863 frontis.
1026 1806 1244 1861 lnstituitblariae
1258 1807 1392 1862 celebrari
1402 1807 1523 1880 Virginis
1537 1807 1619 1862 horas

214 1878 282 1932 Tum
297 1885 374 1948 pater
389 1873 505 1931 excelsae
520 1875 620 1929 Christi
636 1877 683 1947 qui
692 1877 801 1947 praefuit
818 1878 887 1935 aulae
1026 1875 1152 1944 Quotidie
1163 1891 1179 1930 a
1189 1876 1289 1942 cleris3
1309 1877 1372 1932 huic
1387 1878 1506 1933 Sabbata
1521 1884 1620 1932 cuncta
1633 1873 1724 1932 dicari

83 1956 94 1975 “
178 1948 279 2014 Victor,
290 1947 458 2019 olympiacos
468 1944 537 1999 forte
552 1946 703 2016 aspiciebat
715 1948 744 2002 in
758 1965 832 2018 axes,
1025 1947 1056 2001 ln
1067 1947 1273 2002 llahumetanos
1287 1948 1359 2019 (quae
1374 1963 1443 2021 gens
1457 1950 1594 2004 contraria
1607 1945 1719 2001 Christo
1733 1946 1788 2016 est)

176 2019 336 2090 TeHcesque
352 2020 447 2072 chores
456 2014 521 2069 vidit
532 2016 678 2085 splendore
692 2034 816 2089 corusco,
1025 2016 1109 2071 llillia
1122 2017 1206 2072 multa
1219 2018 1368 2088 hominum,
1388 2017 1452 2074 fidei
1466 2033 1615 2075 succensus
1630 2031 1739 2086 emore,

180 2090 322 2144 Sedibuse
336 2086 449 2141 summis
463 2084 554 2139 laetum
565 2088 704 2143 associare
725 2089 884 2156 Tonantem,
1026 2087 1156 2155 Armavit,
1173 2088 1220 2158 qui
1235 2089 1315 2160 signa
1330 2089 1422 2145 crucis
1440 2089 1559 2155 subiere,
1577 2087 1665 2159 parati

178 2159 329 2214 Carthasim
345 2164 455 2212 sanctos
488 2164 629 2226 argentam
652 2158 771 2214 invisere
786 2159 881 2216 colles.
1026 2157 1134 2213 Christo
1148 2159 1293 2214 immortali
1308 2160 1452 2215 mortalem
1479 2159 1596 2215 reddere
1609 2158 1708 2213 vitain.

178 2229 332 2299 Obstupuit,
344 2235 450 2281 montes
464 2171 525 2278 iilos
540 2227 655 2282 etclima
668 2230 779 2298 notavit,
1026 2228 1085 2282 bui
1100 2227 1256 2284 Godfredus
1271 2238 1338 2295 erat,
1354 2231 1484 2286 billonius
1498 2230 1618 2301 optimus
1632 2228 1720 2283 minis
1736 2244 1744 2281 :

178 2301 379 2370 Cursoremque
393 2297 462 2378 illuc·
473 2295 600 2361 celerem,
614 2298 904 2378 ⁸celeresquetabellas
1026 2298 1219 2379 Sanguineque
1237 2300 1292 2354 anti
1312 2316 1362 2367 uo,
1373 2302 1526 2372 virtuteque
1544 2315 1661 2370 magnus
1685 2305 1714 2354 et
1728 2297 1825 2367 audax,

178 2370 259 2439 Misit,
276 2379 301 2426 et
315 2371 423 2442 llugoni
437 2382 493 2421 visa
510 2368 569 2422 haec
584 2369 714 2424 miracula
734 2370 849 2442 scripsit.
1025 2369 1132 2424 Auxilio
1146 2386 1273 2440 superum
1287 2318 1390 2427 furcas
1404 2371 1561 2453 prostravit,
1581 2376 1607 2425 et
1622 2368 1724 2424 urbem

211 2442 292 2514 Hugo
307 2441 466 2503 admiratus,
483 2437 663 2510 quodcunque
680 2448 806 2497 evenerat
821 2440 869 2496 illo
1024 2440 1170 2511 Ingressus
1184 2449 1315 2508 sanctam,
1331 2442 1413 2513 capiti
1427 2442 1553 2497 diadema
1567 2447 1677 2496 recusat

176 2513 310 2584 Tempore
324 2508 472 2578 rescripsit,
492 2524 587 2578 quaeve
602 2509 630 2563 in
649 2510 801 2566 confinibus
815 2511 869 2566 illis
1026 2510 1130 2580 lmponi
1145 2511 1239 2582 regale
1254 2526 1314 2578 suo,
1336 2527 1397 2568 cum
1413 2511 1536 2568 Christus
1550 2512 1579 2565 in
1591 2510 1640 2565 illa

175 2585 279 2654 Egerat
293 2582 481 2653 Omnipotens,
497 2577 603 2634 calamo
615 2580 662 2635 dat
676 2590 741 2636 nota
756 2582 867 2647 volanti,
1026 2580 1098 2636 Urbe
1112 2590 1260 2638 coronatus
1273 2583 1307 2636 sit
1322 2583 1407 2664 spinis
1423 2583 1531 2654 dispare
1545 2582 1646 2637 forma.

177 2654 324 2709 Doctorem
338 2661 364 2707 et
378 2665 459 2705 senos
481 2649 593 2703 comites
608 2665 625 2704 a
640 2652 747 2708 turbine
775 2653 868 2708 mundi
1025 2651 1133 2706 Interea
1147 2651 1243 2708 doctor
1256 2668 1390 2724 nequiens
1403 2654 1521 2708 tolerare
1533 2651 1665 2708 turnultus

175 2730 340 2789 Conversos,
357 2730 461 2792 septem
475 2719 614 2774 stellarum
624 2721 735 2789 lumina,
753 2738 858 2779 necnon
1026 2722 1117 2789 Urbis,
1133 2723 1297 2792 apostolicos
1310 2723 1499 2795 interpellasse
1517 2729 1647 2794 parentes

176 2794 286 2855 Ordinis
299 2793 410 2864 inempti
426 2790 535 2856 seriem,
551 2791 673 2847 strictum
694 2810 728 2847 ue
738 2793 866 2866 rigorem.
1024 2791 1130 2860 Tertor,
1148 2800 1176 2847 ut
1190 2801 1294 2863 optatas
1308 2795 1430 2850 sinerent
1442 2811 1473 2850 se
1491 2795 1582 2850 visere
1594 2791 1680 2848 silvas
1697 2804 1705 2846 ε

175 2865 293 2925 Nuntius
307 2863 448 2927 abscessit,
465 2860 623 2941 Latiamque
640 2810 738 2919 redivit
752 2864 787 2918 ad
797 2866 902 2919 urbem.
1023 2865 1111 2987 Atque
1125 2860 1178 2918 frui
1190 2864 1276 2920 solitae
1290 2864 1364 2921 dulci
1377 2865 1511 2921 solamine
1526 2864 1611 2936 pacis.

210 2937 343 2993 hlaaimus
356 2943 385 2989 ut
399 2940 492 3005 pastor
505 2941 576 3001 cepit
590 2948 662 2989 nova
676 2934 779 3003 nuntia,
796 2935 920 3007 gaudens
1024 2932 1067 2988 No
1080 2941 1156 2988 entes
1170 2949 1234 2989 vero
1248 2943 1351 2990 tantum
1364 2937 1413 2992 sub
1432 2935 1504 2991 nube
1523 2934 1640 2990 nitorem

176 3009 314 3065 Convocat
328 3004 463 3075 extemplo
477 3002 579 3066 Patres,
595 3012 772 3077 sanctamque
786 3014 919 3068 senatum,
1024 3003 1124 3069 Celeri,
1137 3020 1251 3060 renuere
1262 3007 1365 3074 Patres,
1382 3006 1528 3078 fecereque
1545 3004 1639 3061 Remis

176 3079 252 3148 Quos
266 3081 387 3134 Romana
396 3075 462 3130 facit
473 3072 603 3128 sublimes
614 3091 735 3146 purpura
752 3094 759 3130 :
777 3077 868 3146 pandit
1024 3074 1182 3131 Pontificem
1192 3083 1248 3131 toto
1266 3078 1367 3148 populo
1381 3077 1532 3132 exsultante
1548 3095 1555 3142 ;
1572 3077 1623 3131 sed
1635 3073 1683 3130 ille

175 3150 263 3206 Omne
278 3149 350 3220 quod
370 3146 506 3202 acciderat
524 3142 634 3214 factum,
646 3155 672 3200 et
687 3147 815 3203 divinitus
830 3155 938 3202 auctum
1024 3145 1120 3211 Cessit,
1137 3154 1165 3200 et
1178 3145 1320 3218 indignum
1335 3155 1409 3203 tanto
1424 3164 1454 3203 se
1468 3148 1536 3203 dixit
1549 3149 1664 3210 honore,

175 3219 350 3275 Confirmavit
364 3233 442 3288 opus,
458 3213 528 3269 votis
541 3216 724 3272 concordibus
733 3218 811 3273 aula.
1023 3218 1112 3297 Atque
1127 3232 1210 3272 onere
1226 3236 1234 3284 3
1251 3219 1417 3290 agnoscebat
1429 3219 1512 3285 enim,
1535 3216 1694 3274 discrimine
1721 3228 1821 3290 quanio

174 3291 333 3361 Divinisque
347 3288 422 3352 illud,
439 3284 563 3364 confecto
573 3296 738 3355 grammate,
752 3288 831 3344 donis
1023 3286 1144 3359 Quisque
1159 3287 1250 3343 subire
1260 3298 1340 3360 queat
1353 3288 1457 3360 praelati
1480 3305 1590 3356 nornen,
1606 3296 1634 3345 et
1647 3287 1749 3358 ingens

174 3362 295 3426 llunivit,
307 3359 445 3430 variisque
460 3356 548 3411 effecit
556 3355 664 3412 dotibus
681 3358 793 3425 clinum,
1023 3357 1150 3424 Pondus,
1167 3366 1195 3412 at
1208 3359 1320 3414 instanti
1342 3360 1494 3415 discessum
1508 3375 1542 3415 eii
1556 3359 1624 3414 urbe
1638 3366 1737 3430 rogatu

175 3433 376 3501 Servanturque
390 3430 461 3484 notis
477 3428 583 3504 signata
605 3428 765 3484 bifrontibus
783 3445 847 3487 aare.
1023 3427 1142 3494 Obtinet,
1159 3428 1195 3483 ad
1209 3428 1341 3485 Calabras
1355 3431 1436 3487 exivit
1451 3431 1576 3503 protinus
1589 3445 1665 3496 oras,

172 3504 230 3559 lloc
244 3511 270 3558 et
285 3502 358 3557 idem
372 3501 464 3571 plures
480 3512 578 3575 summi
593 3498 684 3555 facere
698 3500 830 3555 Parentes
1023 3498 1138 3553 Pristina
1152 3515 1206 3555 non
1221 3508 1348 3571 repetens
1356 3501 1482 3557 Carthasi
1495 3501 1649 3556 habitacula
1668 3501 1771 3559 montis

175 3573 228 3642 Qui
239 3581 319 3644 caput
329 3572 468 3628 excelsum
480 3566 580 3638 triplici
600 3569 751 3626 diademate
759 3571 882 3642 cingunt.
1022 3569 1064 3623 Na
1080 3568 1195 3625 fortasse
1213 3571 1290 3642 sequi
1305 3572 1421 3628 Romani
1435 3571 1564 3628 antistitis
1577 3571 1668 3627 aulam

173 3645 253 3717 Hugo
268 3653 356 3699 autem
370 3657 508 3722 nusquam
522 3640 609 3709 potuit
624 3641 758 3696 desistere
777 3642 883 3712 coaptis,
1022 3643 1088 3695 Arte
1101 3640 1241 3695 videretur
1255 3643 1337 3697 tacita
1352 3661 1360 3709 ς
1376 3659 1439 3697 nam
1452 3658 1523 3714 papa
1537 3644 1643 3715 quietos

173 3715 249 3784 Quos
258 3714 342 3769 semel
352 3713 463 3781 adiuvit,
476 3711 542 3765 fovit
561 3727 669 3783 quoque
687 3728 795 3835 semqter
811 3720 838 3767 et
851 3710 935 3767 auxit.
1022 3711 1091 3765 Turn
1105 3709 1174 3765 fines
1184 3710 1250 3768 adiit
1265 3712 1415 3782 Gallorum,
1431 3714 1582 3786 urbemque
1602 3712 1724 3786 reliquit.

173 3786 279 3857 iugiter
294 3785 362 3838 inter
376 3799 424 3838 eos
440 3781 541 3836 studuit
553 3783 714 3848 consistere,
729 3790 848 3838 caustro
1022 3781 1064 3836 hd
1079 3782 1263 3839 Canthusiacae
1276 3785 1394 3840 cultores
1414 3785 1521 3856 scripsit
1535 3784 1619 3841 eremi

174 3855 313 3921 Conditus,
323 3854 446 3908 albentes
459 3852 566 3908 tunicas
591 3868 700 3924 quoque
718 3853 833 3933 sumpsit
847 3853 881 3908 ab
906 3852 970 3924 illis,
1022 3853 1122 3919 lirano,
1139 3853 1343 3979 qmdimssedia‘
1357 3854 1481 3925 reditum,
1498 3863 1524 3910 et
1546 3871 1607 3981 quae
1622 3869 1820 3922 causei-emate

174 3925 345 3995 Nonnisique
356 3923 427 3978 inter
441 3938 489 3977 eos
502 3921 587 3977 voluit
601 3923 735 3978 decedere
749 3930 842 3980 vitain.
1022 3924 1166 3978 Transtulit
1175 3924 1203 3977 in
1218 3925 1238 3980 C
1267 3924 1357 3990 abros,
1374 3926 1474 3997 quippe
1490 3926 1529 3980 illi
1566 3942 1625 3983 nna
1647 3928 1786 4004 voluntas,

174 3995 319 4051 Femineas
334 3993 423 4048 vultus
437 3993 474 4047 ibi
508 3993 668 4064 audraginta
680 4009 731 4074 par
744 4008 831 4049 annos
1022 3995 1151 4058 Perstitit,
1171 3995 1297 4066 antiquos
1311 3996 1458 4068 aliquando
1472 3997 1594 4054 revisere
1607 3998 1703 4070 colles,

172 4065 445 4146 Aspexitnunquarn,
461 4010 606 4136 niiflosqae
615 4063 726 4120 ambivit
735 4063 864 4120 honores.
1021 4064 1092 4120 lium
1106 4064 1175 4119 foret
1189 4066 1286 4136 optatis
1301 4067 1409 4123 occasio
1433 4068 1575 4124 commoda
1593 4069 1693 4129 rebus.

173 4138 289 4193 licinum
304 4144 387 4193 estin
401 4135 479 4190 divos
493 4143 555 4205 post
574 4134 668 4191 funera
684 4141 775 4190 sancta
790 4136 899 4192 relatus.
1057 4134 1157 4207 Optata
1175 4136 1300 4208 gaudens
1315 4138 1350 4193 de
1363 4136 1491 4194 libertate
1506 4155 1641 4207 recessus,

173 4210 248 4264 Tunc
258 4208 339 4263 etiam
347 4206 402 4261 divi
416 4206 587 4275 Tbeopbredi
602 4207 739 4261 maninus
753 4205 849 4277 abbas,
1021 4205 1175 4277 Alloquitur
1189 4208 1277 4262 lirano
1291 4207 1388 4264 charos
1403 4210 1456 4265 hac
1474 4224 1541 4266 voce
1555 4209 1664 4269 sodales
1681 4233 1690 4271 ε

175 4278 353 4341 Guillelmus,
370 4277 453 4333 cessit
465 4278 563 4342 mitrae,
580 4277 761 4348 baculumque
776 4276 886 4349 reliquit
983 4312 1010 4372 D
1024 4276 1145 4344 Vidistis,
1159 4278 1281 4344 comites,
1298 4279 1429 4335 Romanae
1442 4286 1482 4334 tot
1496 4279 1568 4335 mala
1582 4285 1673 4352 gentis

175 4350 325 4414 Sacratum,
340 4363 446 4404 necnon
459 4349 653 4404 monachorum
667 4348 734 4403 ditia
752 4349 862 4419 templa,
1021 4346 1088 4415 Quis
1102 4363 1245 4403 numerare
1258 4351 1377 4419 potest?
1391 4357 1492 4406 memet
1507 4366 1620 4408 narrare
1648 4356 1787 4415 volentem

176 4421 337 4492 Degereque
347 4419 431 4491 elegit
445 4419 520 4475 solus
534 4419 584 4474 sub
597 4426 809 4490 paupereteoto,
1021 4419 1172 4488 impediunt
1187 4418 1316 4490 lacrymae
1332 4438 1340 4488 3
1352 4429 1413 4476 sunt
1431 4421 1505 4477 mille
1518 4422 1651 4494 pericula,
1669 4428 1743 4486 mille

175 4492 230 4546 Sub
246 4491 448 4560 liranonisope,
465 4497 491 4545 et
506 4489 615 4545 niveum
629 4490 749 4560 suscepit
763 4490 902 4546 amictum.
1021 4489 1088 4544 Sunt
1102 4488 1200 4561 laquei,
1217 4496 1244 4545 et
1257 4498 1357 4547 nostrae
1370 4499 1434 4547 sunt
1445 4492 1520 4547 mille
1541 4493 1719 4555 incommoda
1740 4500 1817 4559 vitae.

209 4562 318 4618 Victore
332 4568 481 4631 assumpto,
499 4560 632 4616 successit
644 4560 793 4615 honoribus
807 4560 883 4616 urbis
1020 4558 1105 4627 Bella,
1120 4575 1214 4626 neces,
1230 4560 1314 4627 rixas,
1330 4568 1357 4617 et
1370 4562 1491 4635 litigiosa
1504 4564 1606 4635 popelli

173 4633 309 4689 Cluniacae
323 4632 412 4704 gentis
427 4631 562 4702 princeps,
575 4631 830 4695 Urbanus,inomni
1020 4629 1125 4711 iurgia,
1137 4630 1249 4700 livores,
1265 4632 1328 4687 odia
1341 4632 1498 4700 inveterata,
1522 4635 1653 4692 tumultus

173 4704 321 4760 Praeclaius
336 4703 449 4773 sophia3
465 4701 552 4758 fuerat
566 4702 657 4757 lirano
671 4701 744 4756 illius
754 4701 819 4756 olim
1020 4701 1151 4769 Vidimus,
1166 4709 1194 4757 et
1203 4701 1300 4758 misera
1315 4705 1447 4775 quosdam
1461 4705 1608 4762 ambitione
1620 4715 1768 4778 tumentes,

173 4776 285 4840 Doctor‚
302 4782 329 4830 et
343 4774 446 4829 idcirco
460 4772 573 4843 cupiens
587 4772 614 4827 iii
622 4773 706 4826 rebus
714 4771 829 4843 agendis
1020 4771 1099 4840 llinc,
1115 4786 1224 4843 precor,
1236 4781 1392 4830 avertamus
1406 4775 1473 4844 iter;
1489 4776 1564 4832 Deus
1576 4786 1671 4835 evocat
1682 4779 1747 4837 hinc
1756 4797 1818 4840 nos.

171 4845 351 4926 Praeceptoris
365 4860 428 4926 ope,
444 4851 471 4900 et
485 4844 595 4899 monitis
614 4843 782 4912 sapientibus
796 4842 844 4909 uti,
1019 4842 1108 4912 Eripit
1122 4858 1139 4898 a
1152 4843 1270 4899 tenebris
1282 4863 1290 4911 ;
1306 4845 1372 4900 dum
1386 4845 1433 4901 lux
1447 4847 1586 4917 precedit,
1599 4863 1705 4908 eamus.

174 4917 355 4989 consiliisque
371 4932 438 4984 eius,
456 4916 581 4970 Romana
594 4914 675 4969 mittit
690 4915 724 4968 ab
739 4914 814 4982 urbe,
1019 4914 1130 4985 Antiqui
1144 4922 1298 4985 repetamus
1312 4914 1374 4981 iter,
1396 4926 1554 4988 repetamus
1577 4934 1701 4976 amorem

171 4987 213 5040 Ad
223 4987 390 5043 carthusiaci
404 4985 574 5058 gelidissima
594 4985 711 5040 culmina
728 4984 828 5040 montis
1020 4984 1165 5056 Propositi,
1181 4984 1265 5040 cellas
1279 4985 1406 5053 humiles,
1422 4988 1561 5062 silvasque
1577 4991 1695 5062 quietas,

170 5056 300 5111 Nuntium
316 5073 321 5111 :
338 5065 368 5112 ut
381 5058 410 5110 in
424 5064 525 5111 sanotae
535 5054 899 5111 Bianonemoonvocetaulae
1019 5057 1108 5126 Atque
1123 5055 1286 5111 intermissae
1305 5056 1402 5113 solatia
1420 5058 1511 5115 dulcia
1532 5059 1607 5116 vitae.

171 5126 348 5198 Obsequium,
365 5128 461 5199 hicque
472 5126 558 5182 Patris
568 5126 967 5197 summimandatacapassens,
1020 5125 1102 5191 Dixit,
1115 5133 1141 5180 at
1154 5125 1189 5180 ad
1199 5142 1309 5182 cursum
1324 5136 1465 5201 promptos
1480 5132 1654 5188 sermonibus
1672 5140 1766 5206 urget,

171 5198 271 5268 Pergit,
287 5205 314 5251 et
328 5205 434 5267 optatas
448 5214 527 5253 carsii
542 5197 666 5267 pervenit
680 5196 716 5252 ad
730 5197 813 5251 aedes.
1020 5194 1188 5267 Optatasque
1201 5197 1257 5252 vias
1272 5199 1401 5254 concordi
1416 5208 1507 5256 mente
1522 5211 1684 5273 sequantur.

206 5265 345 5323 Pontificis
359 5268 466 5323 chartas
480 5268 585 5337 accepit
601 5269 702 5333 Bruno,
718 5267 879 5338 legensque,
1056 5268 1119 5322 Post
1133 5268 1192 5323 haec
1206 5267 1354 5339 discipulos
1370 5270 1437 5326 alios
1451 5271 1515 5328 hinc
1535 5271 1600 5329 inde
1614 5274 1716 5346 coegit,

169 5339 273 5394 Anxius
281 5337 419 5393 addubitat
434 5339 486 5392 sibi
500 5339 565 5409 quid
581 5347 645 5394 tunc
658 5345 731 5393 esset
755 5337 901 5408 egendum,
1019 5337 1187 5410 Linquebant
1203 5338 1333 5410 opulenta
1348 5341 1392 5395 alii
1407 5341 1579 5413 patrimonia,
1594 5343 1683 5399 cultus

169 5413 212 5465 hii
225 5417 327 5466 tantare
341 5408 422 5476 viam,
434 5424 483 5464 seu
499 5409 662 5480 respondere
676 5409 825 5479 precando,
1019 5408 1157 5479 Corporis,
1174 5416 1201 5465 et
1214 5410 1317 5466 ventris
1332 5425 1422 5479 curas,
1433 5412 1565 5468 ditissima
1575 5421 1676 5470 castra.

169 5480 211 5536 Ne
226 5495 258 5536 se
271 5479 413 5552 proposito
428 5480 556 5551 retrabat,
571 5496 607 5537 ne
621 5478 845 5552 gratarelinqaat
1018 5479 1142 5553 benique
1158 5479 1290 5553 quidquid
1308 5481 1506 5541 habet'fallaois
1519 5483 1611 5557 gloria
1624 5483 1731 5558 mundi,
