3742 5986
71 215 126 268 633
747 210 1051 270 0οΝ5ΠΕΤΠΒΙΝΕ8.
1668 212 1721 270 636
1788 260 1791 265 ,

71 333 140 390 ritus
168 340 275 390 enatum
300 335 390 403 (Pron.
416 335 504 404 xxxv),
537 334 649 406 quidam
676 333 781 391 licitum
807 351 869 392 esse
882 336 1073 407 Aroluerunt,
1089 341 1154 396 dum
1170 340 1285 398 viderint
1298 356 1315 395 a
1329 339 1408 395 nobis
1422 339 1719 416 ipsisomniaingenue

71 422 207 478 aestiment
223 440 231 490 ;
247 421 392 478 sedetiam
406 439 437 477 ea
452 439 512 494 quaa
526 422 553 477 in
577 422 666 494 aliqua
687 430 765 493 parte
787 423 869 477 dubia
921 432 947 479 et
955 426 1061 483 sincere
1071 427 1195 499 proferri,
1205 429 1233 483 in
1244 428 1329 483 nihilo
1337 428 1416 483 nobis
1424 429 1495 500 ipsis,
1505 430 1645 501 parcendo
1653 430 1720 485 nihil

71 525 135 566 esse
147 511 283 576 ridentur,
299 525 353 565 non
368 510 396 564 in
410 510 552 565 meliorem
566 518 673 580 partem
697 510 869 580 interpretari
919 513 1091 583 occultando,
1099 516 1297 586 sedpotiusnos
1303 516 1378 587 ipsos
1384 516 1639 586 (quantumveritas,
1644 517 1722 586 justi·

69 598 120 653 sed
134 597 163 652 in
176 598 309 669 pejorem,
324 612 395 653 novo
406 597 468 666 jure
478 596 641 664 introducto,
654 597 726 670 quod
736 605 869 654 certenec
919 600 956 655 tia
966 609 993 657 et
1000 603 1117 657 charitas
1127 603 1296 674 permittunt)
1305 603 1367 658 data
1375 604 1520 660 occasione
1535 605 1717 678 objurgando.

70 685 122 741 Dei
136 700 187 741 neo
201 684 332 741 Ecclesia
346 692 395 752 ast,
408 685 467 753 jnm
476 684 591 740 liberum
601 685 653 740 sibi
666 701 728 741 esso
738 685 867 751 credant;
953 689 1061 744 Absita
1083 691 1163 745 nobis
1186 698 1214 745 ut
1236 691 1407 746 sanctitatem
1426 691 1510 757 illam,
1537 709 1598 763 quae
1621 692 1720 748 merito

69 773 126 828 imo
140 789 171 829 ea
186 789 247 844 quae
261 788 326 829 vere
341 779 367 828 et
381 772 483 844 absque
498 772 553 828 ulla
568 772 866 840 dubietatebonasunt,
918 775 1013 846 primis
1053 777 1176 833 Patribus
1217 779 1305 833 nostri
1332 778 1466 849 tribuitur,
1494 779 1574 835 nobis
1603 779 1718 835 velimus

13 877 19 884 ·
69 860 181 915 sinistra
194 860 414 932 interpretatione
428 861 532 931 absque
546 860 601 915 ullo
621 860 759 931 scrupulo,
785 859 868 915 veluti
917 878 1068 934 usurpare;
1085 865 1134 920 sed
1146 865 1173 919 id
1186 873 1288 920 tantum
1298 865 1378 920 nobis
1388 867 1502 922 concedi
1509 867 1636 937 petimus,
1644 867 1719 938 quod

69 963 252 1020 conspurcare
273 962 355 1020 posse
373 955 476 1019 putent,
502 955 530 1003 ut
554 946 648 1003 foetere
669 947 817 1019 incipiant;
841 953 868 1002 et
917 950 1064 1018 artemiae,
1081 952 1126 1023 qui
1137 952 1248 1022 justitiae
1262 968 1327 1009 osor
1349 968 1405 1008 aon
1426 954 1469 1023 sit,
1496 960 1587 1024 potest
1609 953 1713 1025 negari,

68 1036 120 1103 sic,
136 1036 209 1108 quod
224 1035 297 1106 prius
320 1036 384 1090 boni
406 1036 500 1091 odoris
527 1043 586 1091 erat
614 1042 641 1091 et
668 1034 864 1101 aedificmionis,
917 1053 1016 1108 nempe
1028 1046 1058 1093 ut
1072 1041 1182 1110 corpori
1196 1040 1300 1095 ordinis
1315 1047 1341 1095 et
1364 1040 1472 1108 animae,
1498 1041 1588 1096 atita
1613 1041 1713 1108 dicam,

68 1137 199 1179 nauseam
213 1123 332 1180 excitare
347 1123 465 1195 incipiat.
916 1124 1030 1180 instituti
1056 1116 1141 1189 nostri
1170 1142 1224 1182 non
1249 1127 1406 1197 imputetur,
1435 1128 1508 1199 quod
1536 1126 1723 1200 singularium

103 1212 242 1283 Legantur
255 1210 416 1283 Evangelia,
432 1210 494 1265 libri
508 1212 651 1282 apostolici
664 1219 767 1269 attenta
780 1210 868 1267 rerol
916 1228 1099 1282 personarum
1111 1214 1198 1285 culpis
1213 1222 1315 1269 tantum
1329 1215 1454 1282 debetur,
1464 1215 1584 1285 aquibus
1593 1215 1717 1271 ordinem

67 1307 185 1365 vantur,
200 1298 239 1353 ibi
251 1298 387 1372 legimus:
405 1300 536 1357 Claritas
550 1317 609 1356 non
624 1302 787 1367 emulator,
808 1315 866 1355 non
916 1315 968 1356 nec
980 1300 1041 1372 ipso
1055 1303 1201 1357 reuerendi
1216 1302 1304 1357 Patris
1320 1301 1454 1375 Guigonis
1472 1310 1594 1374 tempore
1619 1318 1714 1359 axem-

67 1391 127 1460 optt
137 1388 477 1461 perperam,noncogitot
490 1389 597 1444 malam
609 1389 647 1459 <tl
661 1390 721 1447 Gor.
742 1389 815 1458 xxxx),
840 1394 867 1442 et
916 1395 993 1459 ptum
1006 1388 1090 1444 fuisse
1104 1390 1239 1445 constabit
1253 1405 1285 1445 ex
1300 1404 1361 1459 cap.
1378 1391 1413 1444 ιι
1427 1390 1540 1445 istarum
1563 1391 1716 1447 Consuetu-

66 1474 119 1529 alia
134 1474 211 1545 plura
225 1473 333 1529 similia.
360 1474 415 1530 Sed
432 1474 499 1529 nihil
519 1476 687 1546 reperiemus
709 1476 780 1531 unde
803 1474 866 1531 lici·
916 1475 1018 1531 dinum.
1031 1475 1154 1532 Clamant
1167 1485 1297 1549 quantum
1312 1476 1406 1532 velint.
1422 1477 1509 1544 Tolle,
1523 1478 1598 1545 tolle,
1622 1485 1717 1534 contra

68 1569 126 1618 tum
141 1577 203 1617 esse
227 1562 367 1633 probetur,
391 1561 492 1616 famam
514 1563 631 1634 proximi
652 1563 762 1630 laedere,
789 1570 814 1617 et
837 1568 867 1617 ut
916 1571 1078 1619 statutorum
1096 1564 1200 1620 ordinis
1216 1572 1437 1637 transgressores
1452 1573 1479 1619 et
1493 1565 1528 1621 ab
1544 1565 1603 1634 ejus
1615 1566 1712 1637 spiritu

67 1650 152 1722 longe
166 1648 272 1721 lateque
287 1649 346 1718 ejus
360 1648 483 1705 defectus
498 1650 555 1706 sive
570 1651 627 1707 veri
641 1650 701 1706 sive
714 1649 777 1706 falsi
788 1665 866 1721 spar·
878 1678 906 1738 B
916 1651 1085 1719 aberrantes,
1101 1668 1157 1707 non
1169 1653 1320 1709 abnuemus
1332 1672 1339 1720 ;
1351 1652 1400 1708 sed
1416 1661 1443 1709 et
1462 1653 1689 1710 succlamabimus
1707 1668 1714 1708 :

67 1732 269 1807 gantur,quasi
288 1740 459 1804 supertecta
482 1733 641 1790 ascendere.
667 1734 695 1790 si
718 1734 758 1789 sic
781 1748 865 1806 agere
916 1738 1072 1807 Puniantur,
1095 1740 1252 1811 puniantur,
1268 1740 1308 1797 sic
1336 1741 1408 1795 enim
1436 1756 1492 1796 non
1519 1756 1580 1797 cum
1608 1741 1715 1798 modim

66 1837 130 1878 oum
145 1820 275 1894 singulari
289 1835 406 1892 persona
420 1820 542 1877 illicitum
556 1837 617 1878 esse
634 1821 781 1893 scripturae
802 1835 865 1875 san·
914 1834 1009 1882 nostra
1031 1833 1058 1882 et
1077 1827 1208 1883 bonomm
1233 1827 1354 1884 omnium
1386 1828 1583 1897 consolatione,
1614 1828 1717 1886 factum

66 1917 118 1966 ctae
132 1909 290 1975 decemam,
306 1907 418 1981 quidde
433 1909 635 1976 communitate,
649 1909 714 1981 quid
724 1908 758 1965 de
768 1908 864 1964 ordine
914 1912 999 1970 fuisse
1013 1915 1041 1969 in
1056 1914 1152 1970 ordine
1166 1930 1183 1971 a
1198 1915 1241 1971 die
1256 1933 1312 1972 sum
1326 1915 1503 1972 institutionis
1513 1931 1600 1988 usque
1610 1917 1645 1972 ad
1655 1918 1715 1974 haec

65 1997 185 2071 integro,
202 1997 279 2067 cujus
291 1995 363 2053 fama
376 1996 484 2070 integra
498 2005 549 2066 est,
564 1997 733 2053 censendum
749 1997 810 2052 esti
914 2010 1007 2058 nostra
1021 2010 1144 2075 tempora
1159 2004 1310 2075 apparebit,
1327 2021 1376 2076 per
1389 2004 1498 2060 chartas
1521 2011 1548 2060 et
1563 2004 1715 2061 ordinatio-

102 2085 202 2144 Cbristi
218 2092 244 2141 et
259 2100 397 2142 sacramm
419 2085 621 2157 scripturarum
636 2100 748 2142 sensum
762 2100 864 2156 seque·
913 2105 963 2146 nes
976 2090 1157 2162 capitulorum
1171 2091 1351 2164 generalium,
1377 2107 1446 2164 quas
1467 2092 1584 2163 antiquis
1608 2093 1715 2149 statutis

67 2174 146 2230 batur
160 2175 192 2229 D.
209 2175 345 2243 Thomas,
372 2174 438 2229 dum
463 2173 654 2247 paradigmate
682 2173 799 2230 hominis
818 2172 865 2245 qui
914 2193 947 2233 ex
961 2178 1085 2249 professo
1099 2179 1161 2246 data
1177 2179 1322 2236 occasione
1337 2187 1498 2248 attexemus,
1518 2188 1547 2236 ut
1561 2181 1621 2237 baec
1643 2181 1715 2237 scri·

66 2261 178 2336 triginta
192 2261 275 2318 facies
295 2261 421 2328 haberet,
438 2262 539 2335 quique
560 2262 588 2317 in
610 2261 756 2334 pulchriori
770 2262 804 2317 ab
820 2260 864 2315 in·
913 2273 959 2337 pta
974 2273 999 2322 et
1013 2267 1154 2339 propalata
1178 2267 1294 2324 existant
1314 2268 1342 2323 in
1365 2268 1544 2341 generatione
1567 2268 1662 2339 altera,
1688 2275 1715 2325 et

67 2351 204 2407 tuentibus
218 2349 314 2422 procul
329 2349 412 2406 dubio
427 2350 605 2422 aspiceretur,
614 2351 750 2418 utebatur,
763 2358 791 2405 ut
801 2365 863 2406 sen·
913 2351 1031 2422 populus
1046 2350 1092 2423 qui
1116 2351 1256 2407 creabitur
1269 2351 1362 2407 laudet
1386 2352 1542 2421 Dominum,
1565 2352 1611 2424 qui
1633 2352 1714 2408 talem

73 2455 132 2495 sum
148 2455 228 2495 suum
243 2438 392 2511 superbae
407 2453 438 2494 re
452 2438 623 2510 exprimeret,
648 2455 730 2510 quem
753 2454 864 2493 sensum
913 2438 1010 2507 zelum,
1036 2439 1251 2509 unanimitatem,
1275 2439 1406 2512 propositi
1436 2439 1606 2497 tenacitatem
1640 2440 1716 2497 dedit

66 2527 195 2599 amplecti
208 2534 234 2582 et
247 2526 275 2581 in
290 2526 415 2582 omnibus
430 2525 508 2598 sequi
522 2526 663 2583 debemus.
674 2527 735 2583 Non
746 2526 818 2582 enlm
828 2527 864 2582 ad
913 2526 1021 2581 miseris
1035 2527 1272 2595 homuncionibus,
1290 2528 1409 2599 natione,
1435 2529 1604 2596 educatione,
1631 2529 1713 2601 genio

67 2615 287 2672 succensendum
299 2614 343 2669 his
358 2614 404 2686 qui
418 2614 454 2671 de
467 2614 546 2670 nobis
556 2615 646 2671 minus
656 2615 862 2683 benesentiunt,
886 2630 889 2635 ⁴
913 2614 1030 2670 naturali
1044 2622 1098 2669 tam
1113 2615 1240 2684 diversis,
1256 2616 1338 2671 etiam
1348 2624 1470 2689 tempore
1484 2616 1541 2684 illo,
1554 2632 1607 2689 quo
1621 2615 1716 2673 Eccle-

28 2739 36 2752 ·
67 2704 127 2760 haec
142 2718 228 2776 pauca
252 2704 286 2760 de
310 2703 452 2758 immutato
471 2703 608 2760 charitatis
622 2704 714 2760 colora
734 2703 862 2772 diximus,
913 2703 954 2758 sia
966 2703 1017 2758 Dei
1030 2718 1081 2773 per
1095 2702 1250 2759 deflendum
1265 2704 1385 2760 schisma
1398 2705 1427 2759 in
1440 2704 1533 2776 plures
1554 2711 1645 2776 partes
1669 2704 1713 2760 di-

68 2786 118 2849 sed
132 2800 162 2849 ut
184 2792 299 2849 meliora
322 2792 486 2849 charismata
509 2808 617 2865 semper
637 2792 807 2864 aemulemur,
836 2801 863 2850 et
913 2790 980 2857 visa,
996 2790 1121 2846 ordinem
1134 2799 1254 2847 nostrum
1267 2791 1296 2846 in
1319 2800 1358 2847 tot
1376 2799 1468 2864 partes
1492 2793 1572 2849 etiam
1596 2792 1712 2849 scissum

64 2895 240 2938 caveamusa
254 2896 337 2952 prava
350 2881 572 2952 interpretatione
589 2880 736 2937 verborum
754 2881 863 2937 illorum
912 2887 975 2950 post
989 2895 1022 2957 se
1032 2886 1162 2947 traxerat,
1180 2880 1231 2935 sub
1247 2878 1329 2936 finem
1344 2881 1431 2952 quarti
1445 2880 1543 2936 decimi
1572 2881 1664 2938 saculi
1688 2891 1714 2939 et

66 2968 191 3041 Apostoli
205 2969 321 3025 dicentis
332 2987 339 3024 ε
350 2970 516 3042 Spiritaotis
522 2970 637 3042 judicat
646 2970 751 3036 omnio,
764 2974 792 3025 ct
803 2972 863 3043 ipse
912 2967 1017 3023 initium
1031 2968 1129 3024 decimi
1144 2968 1240 3040 quinti,
1257 2968 1344 3025 donec
1359 2967 1504 3026 concilium
1519 2969 1645 3026 Pisanum
1664 2986 1713 3027 ce·

65 3077 84 3117 a
98 3058 369 3130 neminejuilcatnr
382 3059 415 3128 (f.
434 3059 493 3114 Cor.
504 3058 546 3130 u),
560 3058 659 3130 quibus
669 3073 864 3130 nonnunquam
912 3056 1073 3122 lebraretur,
1090 3065 1119 3111 ut
1134 3072 1184 3112 suo
1197 3055 1258 3112 loco
1268 3057 1382 3112 dicetur.
1395 3058 1424 3111 ld
1435 3056 1507 3112 velut
1516 3058 1622 3130 grande
1633 3057 1715 3114 mira·

66 3146 222 3219 spirituales
236 3146 295 3216 viri,
311 3146 419 3218 proprio
438 3162 521 3203 sensu
544 3144 652 3218 decepti
674 3154 700 3202 et
722 3146 862 3216 obcaecati,
913 3143 1005 3200 culum
1018 3160 1034 3198 a
1049 3144 1165 3199 Domino
1179 3143 1280 3200 factum
1296 3144 1382 3200 oculis
1391 3144 1491 3200 mentis
1501 3152 1625 3217 apparet,
1638 3144 1712 3217 quod

65 3235 189 3291 incidunt
203 3242 229 3290 et
242 3235 293 3307 ipsi
308 3234 336 3288 in
351 3235 476 3308 laqueum
492 3233 603 3291 diaboli.
912 3233 978 3287 dum
991 3231 1099 3288 intueor
1114 3233 1278 3304 obstupesco
1288 3240 1314 3288 et
1326 3232 1481 3289 succlamo:
1494 3233 1600 3307 Digitus
1610 3233 1662 3290 Dei
1671 3241 1714 3290 est

100 3323 274 3380 Tentationes
287 3322 441 3394 spirituales
462 3338 516 3378 non
537 3322 627 3378 minus
648 3323 778 3379 cavendae
802 3331 865 3379 sunt
912 3319 979 3388 isto;
996 3335 1050 3376 non
1066 3319 1137 3376 enim
1150 3319 1252 3375 similas
1273 3320 1378 3377 fructus
1398 3321 1504 3393 profert
1525 3328 1596 3377 terra
1620 3322 1713 3379 cordis

65 3429 147 3486 quam
162 3411 297 3478 carnales,
312 3411 368 3467 imo
382 3411 465 3484 ionga
478 3411 584 3467 cautius
599 3418 626 3467 et
648 3411 782 3478 subtilius,
802 3426 863 3467 ma·
911 3407 1023 3464 humani
1037 3408 1131 3480 spinas
1145 3416 1171 3464 et
1186 3408 1299 3464 tribnlos
1312 3425 1344 3465 ex
1369 3424 1400 3465 se
1422 3416 1525 3465 tantum
1539 3410 1709 3483 germinans.

66 3502 139 3558 xime
153 3517 170 3556 a
184 3499 309 3556 solitariae
322 3499 383 3556 vita
397 3499 606 3571 professoribus,
629 3499 723 3571 quiaa
745 3499 863 3555 camali-
912 3498 999 3553 Porro
1013 3497 1046 3552 de
1062 3497 1100 3552 rei
1115 3496 1225 3552 veritate
1247 3496 1406 3566 judicabunt
1430 3497 1476 3568 qui
1497 3512 1565 3569 opus
1588 3497 1661 3554 istud
1682 3497 1711 3553 in

65 3591 118 3647 bus
146 3588 259 3659 objectis
285 3594 312 3644 et
339 3587 482 3643 desideriis
509 3587 640 3645 abstracti
667 3597 864 3644 evanescerent
912 3600 994 3641 sensu
1010 3583 1118 3657 pietatis
1131 3591 1158 3640 et
1172 3584 1268 3656 spiritu
1282 3584 1420 3640 charitatis
1434 3584 1529 3641 lecturi
1542 3593 1613 3640 sunt.

66 3677 148 3736 facilc
162 3677 189 3733 in
204 3675 414 3750 cogitationibus
429 3675 485 3731 suis
507 3676 574 3731 etin
596 3675 699 3746 judicia
721 3678 864 3733 temeraria
948 3675 988 3729 De
999 3672 1161 3745 quibusdam
1176 3673 1265 3730 adhuc
1279 3672 1396 3728 monitos
1411 3687 1460 3728 vos
1475 3688 1536 3728 esse
1551 3671 1622 3739 volo,
1639 3678 1713 3730 ante-

14 3761 18 3768 ’
65 3766 227 3832 inciderent,
244 3764 295 3820 nisi
310 3781 327 3820 a
340 3764 476 3820 demonio
489 3764 639 3820 meridiano
662 3765 781 3837 propriae
801 3765 863 3837 opi·
914 3777 993 3832 quam
1017 3762 1051 3817 ad
1074 3761 1321 3833 interpretationem
1345 3761 1576 3817 consuetudinum
1597 3761 1711 3818 istarum

65 3853 165 3921 aionis,
181 3861 208 3909 et
221 3853 327 3924 proprii
338 3852 432 3922 judicii
446 3852 559 3924 laqueos
574 3852 640 3925 ipsis
654 3862 782 3924 ponente,
805 3854 863 3910 sol·
912 3849 945 3905 R.
962 3849 1049 3905 Patris
1063 3849 1150 3906 nostri
1166 3849 1299 3921 Guigonis
1313 3849 1502 3918 deveniamus,
1519 3849 1616 3922 quibus
1626 3850 1711 3906 moni·

64 3941 140 4000 licite
154 3941 205 3996 sibi
219 3947 357 3997 caverent.
368 3940 429 4012 lpse
444 3939 515 3995 enim
532 3940 646 3996 Satanas
666 3941 864 4015 transfigurans
912 3937 946 3992 tis
960 3938 994 3993 ad
1008 3937 1159 3995 faciliorem
1172 3938 1380 4010 intelligentiam
1395 3954 1492 3995 sensus
1512 3945 1540 3995 et
1561 3939 1710 3996 verborum

64 4046 95 4086 se
111 4030 138 4084 ιιι
153 4029 279 4101 angelum
293 4028 363 4085 lucis
377 4027 467 4083 minus
482 4036 610 4085 cautoset
619 4028 645 4082 in
657 4029 708 4085 hac
718 4037 795 4101 parte
812 4031 864 4086 sibi
912 4025 1027 4098 piissimi
1041 4026 1179 4098 scriptoris
1193 4027 1369 4098 perveniatis.

59 4118 132 4190 ‘ipsis
147 4116 262 4172 fidentes
277 4116 387 4187 decipit,
404 4116 477 4172 acin
493 4131 615 4171 errorem
631 4118 717 4173 semel
731 4118 861 4188 deiectos,
949 4115 1038 4170 Primo
1053 4130 1118 4188 ergo
1132 4115 1281 4170 notandum
1296 4123 1336 4171 est
1352 4115 1428 4170 illum
1451 4115 1589 4173 succincte
1612 4116 1712 4172 admo·

62 4205 175 4278 proprio
184 4221 267 4261 sensu
281 4204 380 4260 deindo
395 4205 556 4274 obcaecatos,
572 4204 691 4261 strictius
706 4205 773 4278 ligat
797 4213 824 4261 at
847 4222 864 4262 a
913 4204 978 4259 dum
993 4203 1124 4269 scribere,
1142 4211 1198 4257 turn
1213 4211 1242 4257 ut
1257 4203 1381 4259 exhibeat
1389 4220 1419 4259 se
1430 4203 1458 4257 in
1469 4203 1615 4260 scribendo
1629 4204 1711 4261 etiam

64 4294 234 4351 correctione
250 4294 358 4348 tandem
374 4292 430 4348 fera
443 4291 561 4348 totaliter
574 4293 677 4348 alienos
691 4293 779 4350 efficit.
913 4293 990 4365 leges
1006 4291 1105 4347 silentii
1119 4306 1229 4347 servare
1245 4291 1323 4358 velle,
1341 4293 1405 4348 dum
1421 4291 1557 4362 superflua
1572 4293 1658 4349 verba
1668 4310 1712 4350 re·

100 4382 133 4438 lli
148 4391 209 4437 sunt
224 4381 316 4436 miseri
330 4381 431 4454 gradus
446 4380 645 4450 descensionis,
663 4397 732 4454 quos
745 4382 797 4438 sihi
821 4370 899 4438 far-D
914 4395 1008 4437 secare
1022 4379 1120 4447 studet,
1136 4387 1163 4436 et
1177 4395 1209 4435 ea
1223 4387 1325 4434 tantum
1345 4379 1465 4451 proferre
1481 4396 1542 4451 quae
1555 4382 1712 4439 necessaria

64 4470 170 4527 brioant
185 4469 345 4542 Spirituales
359 4486 375 4523 a
387 4469 500 4541 proprio
519 4469 621 4538 jndicio
644 4485 698 4525 non
723 4470 775 4525 sibi
797 4471 863 4526 satis
913 4469 1048 4536 videntur,
1065 4476 1121 4523 tum
1137 4468 1200 4540 quia
1214 4467 1387 4524 Carthasiani
1399 4468 1532 4541 propositi
1546 4470 1709 4528 observato-

63 4567 145 4616 caute
171 4566 308 4627 caventes,
338 4573 352 4611 a
382 4557 480 4629 quibus
507 4556 591 4631 longe
627 4558 796 4626 distabimus,
840 4559 863 4613 si
913 4556 989 4611 ribus
1004 4555 1107 4624 scribit,
1124 4556 1168 4629 qui
1184 4556 1246 4612 ideo
1260 4573 1315 4612 uno
1329 4555 1382 4625 vel,
1398 4564 1426 4612 ut
1447 4557 1482 4612 ita
1505 4557 1603 4626 dicam,
1627 4558 1709 4614 dimi·

63 4663 174 4717 semper
187 4647 222 4703 ob
237 4646 332 4703 oculos
353 4645 503 4701 habeamus
523 4646 570 4700 illa
593 4646 691 4702 Christi
714 4647 863 4704 Salvatoris
913 4646 985 4701 diato
1000 4645 1083 4701 verbo
1098 4645 1228 4718 quidquid
1243 4644 1294 4700 sibi
1309 4645 1416 4702 volebat
1444 4646 1611 4703 reverendus
1631 4647 1712 4703 Pater

62 4735 150 4791 nostri
166 4735 251 4790 verba
263 4753 269 4788 :
283 4735 376 4790 Nolite
388 4734 529 4806 judicare,
548 4737 576 4791 et
590 4751 648 4789 non
662 4736 864 4806 judicabimini
913 4733 1005 4806 Guigo
1020 4734 1218 4806 intelligebant,
1235 4748 1286 4790 nec
1300 4733 1458 4807 indigebant
1473 4742 1502 4790 ut
1515 4735 1607 4791 omnia
1630 4735 1712 4792 voluti

61 4822 142 4895 (Luc.
154 4822 195 4894 tv)
207 4841 214 4888 ;
227 4829 253 4877 et
267 4821 313 4876 illa
328 4824 361 4876 b.
388 4821 463 4877 Pauli
477 4837 483 4875 :
496 4821 562 4889 Quis
586 4838 614 4878 es
638 4827 670 4878 tu
689 4825 737 4895 qni
749 4823 863 4895 judicus
912 4821 1064 4878 minutatim
1079 4822 1255 4894 exprimeret.
1281 4822 1494 4879 consuetudines
1517 4838 1585 4896 ergo
1609 4830 1711 4878 tantum

61 4927 175 4968 serram
186 4912 315 4967 alianum
328 4912 465 4967 thomino
483 4926 532 4966 sno
543 4915 601 4966 stat
612 4914 663 4966 cat
683 4912 760 4967 cadit
772 4911 861 4982 (flam.
913 4911 995 4966 voluti
1010 4911 1214 4978 substantiales,
1229 4910 1342 4980 majoris
1355 4920 1381 4968 et
1404 4911 1539 4984 primariae
1561 4911 1711 4971 carthusia

60 4999 134 5068 xiv).
145 5000 267 5070 itemque
278 5014 283 5052 :
296 4999 386 5055 Nolite
402 5003 471 5055 ante
491 5002 600 5071 tempus
613 5000 754 5072 judicare,
775 5016 861 5072 quoo-
913 4999 996 5054 sociis
1010 5007 1041 5054 et·
1052 4998 1182 5055 fratribus
1196 5000 1387 5066 communicat,
1399 5000 1427 5055 id
1437 5016 1453 5054 a
1463 5017 1493 5056 se
1503 5000 1708 5072 postulantibus,

60 5087 168 5160 dasque
176 5088 272 5143 oenint
280 5088 425 5154 Dominus,
445 5088 495 5159 qai
511 5088 688 5145 illuminabit
699 5089 863 5146 absconditu
913 5095 941 5142 ut
956 5086 1126 5143 uniformitas
1140 5087 1196 5156 illa,
1214 5105 1275 5161 quaa
1289 5089 1324 5144 ab
1339 5087 1415 5144 initio
1429 5095 1456 5145 et
1469 5089 1599 5162 deinceps
1614 5089 1641 5145 in
1661 5105 1709 5146 or-

64 5175 257 5242 tencbrornm‚
274 5179 301 5232 el
312 5176 510 5247 manifestabit
530 5177 652 5233 consilia
671 5178 817 5234 cordium:
833 5182 861 5234 ct
912 5175 975 5230 dine
990 5174 1039 5230 fuit
1053 5174 1080 5230 in
1096 5183 1170 5231 lanto
1191 5176 1280 5248 pretio
1303 5176 1395 5233 habita
1424 5184 1451 5234 et
1474 5178 1600 5235 continuo
1622 5178 1711 5235 studio

61 5267 133 5319 tune
143 5264 269 5319 laeserit
277 5265 430 5336 unicuiqae
444 5265 525 5321 alico
536 5264 560 5334 (ι
572 5265 632 5321 Cor.
645 5265 697 5334 xv.)
912 5271 1027 5330 servata,
1043 5263 1260 5321 introduceretur
1276 5283 1283 5320 :

97 5352 176 5408 Nunc
191 5366 258 5425 ergo
274 5350 423 5423 quiescent,
440 5358 468 5407 ut
481 5368 633 5422 speramus
652 5352 697 5424 qui
716 5358 786 5408 tanta
800 5353 860 5408 avi·
947 5352 1082 5419 Secundo,
1099 5353 1175 5424 plura
1189 5371 1250 5425 quae
1264 5354 1292 5409 in
1306 5353 1424 5427 antiquis
1439 5353 1543 5410 statutis
1566 5353 1710 5411 continen-

58 5437 144 5498 ditate
159 5446 259 5496 statuta
274 5439 376 5498 ordinis
392 5439 487 5510 nostri,
504 5447 551 5496 aut
565 5440 669 5513 legera,
685 5448 731 5496 aut
745 5456 861 5513 carpere
910 5447 954 5495 tur
969 5455 1020 5498 nec
1034 5441 1062 5498 ia
1076 5440 1325 5500 Consuetudinibus
1345 5443 1378 5499 lt.
1405 5445 1436 5500 P.
1460 5440 1594 5514 Guigonis
1619 5443 1711 5518 expri-
