3742 5986
103 173 154 226 sot
429 169 618 242 Exposrrlo
636 170 675 229 nt
692 166 882 227 aristonis
900 163 1014 226 PAULI.
1027 200 1062 212 -
1077 170 1115 230 IN
1132 172 1243 231 EPIST.
1263 172 1310 230 ΔΙ)
1330 173 1412 232 cxl.
1703 177 1757 234 ³02

104 316 117 341 ι
133 293 261 363 jamnon
276 300 317 350 est
341 310 449 361 servus,
472 294 521 350 sed
542 293 623 350 filius.
647 292 717 364 Quia
742 295 765 350 si
779 294 860 360 iilius,
877 294 940 353 etd
955 309 1026 350 suo:
1045 297 1123 363 Cum,
1149 297 1176 352 id
1206 305 1247 354 est
1264 298 1396 369 quamvis,
1424 300 1541 369 feturas
1565 299 1603 353 sit
1626 298 1758 355 dominus

104 381 227 437 ‹haeres
254 398 306 453 per
328 383 426 438 Deum.
452 383 507 438 Sed
530 391 593 440 ωηο
616 383 725 454 quidem
751 383 906 457 ignorantes
957 385 1096 451 omnium,
1113 385 1179 440 nihil
1188 385 1291 454 differt,
1304 386 1352 441 sed
1363 385 1482 458 pupillus
1492 385 1537 441 ille
1548 385 1648 442 estsub
1661 388 1760 442 tatori-

105 469 234 537 ‹Deum,
265 469 308 524 his
330 470 377 542 qui
400 478 499 526 natura
519 487 575 527 non
590 480 652 526 sunt
675 471 713 527 dii
727 470 902 526 serviebatis.
957 473 1016 539 bas,
1034 475 1079 545 qui
1096 482 1206 530 tuentur
1221 475 1408 531 hereditatem
1424 475 1491 544 ejus,
1509 490 1543 529 ne
1562 473 1696 530 violenter
1709 488 1758 527 au-

106 576 118 604 ·
135 557 217 614 Nune
231 565 323 613 autem
336 574 398 615 cum
423 560 605 630 cognoveritis
619 561 706 615 Deum
722 560 788 629 (imo
804 557 907 631 cogniti
958 559 1069 632 feratur,
1086 570 1113 618 et
1127 563 1178 620 sab
1202 564 1342 619 actoribus
1367 563 1413 634 qui
1441 578 1539 618 causas
1551 576 1601 632 pro
1616 577 1649 616 eo
1665 567 1758 634 egunt,

104 665 117 691 ι
135 644 204 701 estis
217 643 297 719 [sitis]
312 661 330 701 a
344 646 424 717 Deo),
441 647 577 719 quomodo
599 647 788 704 convertimini
811 646 907 701 iterum
958 651 1034 706 etde
1050 651 1211 707 haereditate
1227 652 1286 721 ejus
1300 651 1457 722 disponunt.
1473 652 1522 706 list
1537 649 1629 722 utique
1644 649 1694 703 sub
1707 648 1760 703 illis

104 753 117 779 s
135 733 173 787 sd
188 731 295 788 infirma
310 741 336 789 et
350 750 440 807 egena
465 735 610 806 elementa,
628 736 727 808 quibus
741 736 832 791 denuo
847 750 907 790 ser·
958 756 1045 813 usque
1060 740 1096 795 ud
1113 744 1223 814 tempas
1238 740 1311 810 quod
1325 740 1502 812 prefinitum
1518 746 1589 793 esta
1607 745 1684 808 patre
1699 752 1758 803 suo,

104 841 116 868 a
135 820 195 876 vire
208 821 315 877 vultisl
344 823 409 879 Dies
433 824 595 890 observatis,
616 832 777 890 atinenses,
794 831 820 879 et
836 831 907 879 tem·
958 828 985 884 id
1001 836 1050 897 est,
1067 828 1186 900 quandiu
1200 836 1277 898 pater
1292 843 1358 882 suus
1370 827 1509 883 constituit
1524 843 1586 882 eum
1601 841 1662 881 esse
1678 823 1760 879 alieni

104 924 208 980 «pora
231 917 257 964 ει
287 925 383 966 annos.
408 911 502 967 Timeo
525 911 595 985 [vos]
617 928 652 967 ne
666 911 735 967 iorte
750 912 809 966 sine
823 924 908 966 causa
955 915 1038 985 juris.
1054 916 1228 971 Consuetudo
1255 916 1397 971 enimerat
1414 915 1552 987 usquead
1572 929 1635 968 xxrr
1672 926 1760 968 annos

104 1018 117 1043 ι
134 995 319 1053 laboraverim
346 997 375 1052 in
401 998 490 1055 vobis.
518 1001 613 1055 Estote
638 1000 706 1055 sicut
729 1015 792 1070 ego,
806 999 867 1071 quia
882 1006 909 1053 et
957 1020 1073 1075 puerum
1090 1020 1151 1059 esse
1166 1003 1217 1059 sub
1230 1011 1357 1074 patrono,
1374 1020 1408 1059 ne
1423 1003 1569 1073 dissiparet
1585 1001 1677 1057 illicite
1692 1000 1760 1056 sub-

102 1105 116 1131 «
134 1099 191 1156 ego
205 1084 275 1140 sicut
296 1100 356 1151 vos,
380 1084 488 1156 iratres,
504 1088 619 1144 obsecro
633 1104 693 1154 vos,
708 1087 775 1141 nihil
790 1103 834 1142 me
858 1086 907 1142 lae·
958 1092 1085 1147 stantiam
1113 1107 1198 1147 suam.
1225 1089 1302 1160 Quia
1316 1091 1415 1146 Paulus
1434 1106 1489 1146 non
1510 1091 1622 1160 adaptat
1651 1103 1760 1144 omnem

103 1193 117 1220 s
135 1171 222 1227 sistis.
239 1172 321 1229 Scitis
334 1181 424 1229 autem
450 1174 515 1247 quia
541 1192 592 1246 per
616 1175 799 1230 infirmitatem
819 1174 908 1230 carnis
958 1179 1171 1247 similitudinem,
1202 1179 1302 1233 bonum
1332 1186 1374 1233 est
1396 1185 1425 1233 ut
1453 1177 1612 1249 adaptemus
1636 1175 1755 1247 singula.

104 1281 117 1308 ι
134 1259 325 1338 evangelizavi
347 1261 426 1317 vobis
446 1262 608 1334 jampridem
623 1272 650 1319 et
664 1263 842 1319 tentationem
857 1277 908 1319 ve·
960 1268 1070 1336 Quanto
1096 1271 1218 1339 tempore
1243 1267 1306 1338 (hoc
1331 1265 1403 1321 enim
1428 1264 1477 1321 luit
1500 1281 1517 1320 a
1537 1265 1627 1336 primo
1650 1264 1761 1319 homine

104 1368 117 1399 s
136 1355 224 1403 stram
238 1348 265 1403 in
279 1364 362 1405 carne
375 1365 438 1405 mea
453 1365 508 1406 non
524 1351 675 1422 sprevistis,
691 1367 781 1423 neque
797 1349 908 1421 respui·
957 1371 1045 1426 nsque
1060 1355 1095 1410 ad
1121 1354 1268 1425 Christum)
1283 1353 1327 1408 hic
1342 1353 1388 1424 qui
1401 1361 1442 1408 est
1462 1352 1565 1408 iuturus
1588 1354 1686 1418 haeres,
1703 1351 1760 1407 sci·

105 1457 118 1482 ·
134 1435 170 1491 11³
187 1435 260 1501 tiled
288 1436 359 1492 sicut
386 1438 517 1510 angelum
546 1439 595 1495 Dei
610 1439 754 1511 accepistis
767 1455 821 1507 me,
837 1439 908 1494 sicut
957 1444 1021 1500 licet
1034 1443 1162 1499 iudaicus
1189 1441 1325 1513 populus:
1349 1440 1393 1497 cui
1416 1449 1476 1497 erat
1490 1440 1656 1512 repromissa
1672 1439 1757 1507 salus,

104 1545 116 1571 ι
134 1522 276 1580 Christum
299 1523 402 1596 lesum.
427 1526 479 1581 Ubi
494 1534 536 1582 est
551 1542 619 1599 ergo
634 1527 774 1583 beatitudo
788 1526 908 1582 vestra?
957 1531 1076 1601 quandiu
1090 1531 1134 1587 hic
1148 1531 1238 1586 haeres
1253 1538 1295 1584 est
1309 1529 1440 1601 parvulus
1454 1528 1529 1585 omui
1543 1536 1760 1600 temporeusqus

103 1611 333 1667 «Testimonium
360 1613 433 1668 enim
461 1614 592 1685 perhibeo
621 1615 709 1680 vobis,
734 1614 796 1686 quia
812 1614 835 1669 si
848 1613 942 1699 iieriB
958 1617 993 1673 ad
1020 1618 1168 1684 Christum,
1193 1617 1221 1672 in
1242 1617 1398 1688 cognitione
1421 1616 1471 1672 Dei
1501 1616 1632 1687 parvulus
1650 1615 1710 1681 luit,
1735 1619 1762 1669 et

105 1699 272 1771 -potuisset
299 1698 423 1773 [posset],
454 1703 550 1758 oculos
576 1711 682 1759 vestros
711 1703 851 1759 eruissetis
879 1710 906 1757 et
958 1722 1021 1764 cum
1033 1706 1164 1776 parvulus
1179 1713 1230 1770 est,
1246 1705 1312 1759 nihil
1327 1703 1416 1760 differt
1437 1705 1556 1777 populus
1570 1704 1615 1759 ille
1630 1718 1647 1758 a
1661 1716 1755 1757 servo.

104 1808 117 1833 ε
134 1787 283 1844 dedissetis
305 1788 381 1843 mihi.
406 1789 481 1863 Ergo
503 1790 627 1846 inimicus
642 1790 720 1847 vobis
734 1790 820 1847 lectus
835 1807 904 1855 surn,
959 1794 1085 1853 sienim
1100 1800 1237 1865 praecepta
1252 1793 1305 1847 sibi
1319 1792 1437 1859 iaceret,
1453 1792 1555 1847 vitebat
1568 1806 1677 1863 poenam
1693 1807 1701 1855 ;
1717 1788 1761 1843 εἰη

104 1898 117 1923 ·
134 1890 235 1933 verum
250 1875 346 1932 dicens
369 1877 474 1932 vobis?
499 1879 670 1934 AEmulautur
690 1894 738 1934 vos
753 1894 808 1934 non
823 1878 904 1945 bene,
957 1890 1059 1949 autem,
1085 1880 1262 1953 torquebatur
1281 1888 1310 1935 ut
1334 1896 1429 1936 survus
1452 1878 1602 1950 asperrime
1613 1897 1620 1947 ;
1633 1876 1701 1932 nihil
1715 1876 1760 1930 in·

105 1986 119 2013 ι
135 1963 189 2020 sed
216 1963 361 2021 excludere
384 1980 434 2021 vos
462 1966 566 2032 volunt,
596 1975 624 2022 ut
651 1967 712 2022 illos
726 1965 902 2024 aemulemini.
957 1971 1037 2026 terim
1063 1968 1153 2024 differt
1180 1984 1195 2022 a
1223 1984 1314 2035 servo,
1344 1966 1408 2023 licet
1442 1967 1477 2022 sit
1504 1967 1608 2022 iuturus
1632 1965 1760 2021 dominus

107 2074 120 2099 ι
135 2053 244 2109 Βοηηω
258 2059 347 2108 autem
362 2053 528 2109 emulamini
542 2054 570 2110 in
585 2055 657 2110 bono
672 2071 790 2126 semper,
810 2062 837 2110 et
851 2069 907 2109 non
957 2058 1080 2114 omniurn
1095 2058 1229 2112 bonorum
1238 2055 1418 2121 haereditatis3
1434 2054 1474 2111 sic
1488 2054 1604 2126 populus
1621 2053 1666 2109 ilie
1679 2070 1758 2124 pres-

107 2162 120 2189 ·
136 2147 243 2196 tantum
257 2156 317 2194 curn
331 2157 455 2212 praesens
470 2159 530 2197 sum
546 2142 619 2213 apud
638 2159 700 2198 vos.
728 2142 816 2197 Filioli
840 2141 904 2209 mei,
958 2163 1004 2201 sus
1034 2145 1164 2200 servitute
1188 2144 1270 2217 legis,
1294 2143 1317 2198 si
1339 2143 1373 2198 de
1397 2142 1459 2215 lege
1473 2142 1598 2197 transiret
1611 2141 1646 2197 ad
1663 2140 1755 2208 fidem,

106 2243 209 2300 1111101
221 2227 321 2283 ilerum
334 2229 466 2299 parturio,
486 2229 574 2286 donec
597 2229 727 2285 sermetur
740 2229 863 2285 Christus
878 2229 906 2284 in
957 2233 1164 2290 constituendus
1191 2239 1251 2288 erat
1278 2231 1404 2287 domiuus
1435 2230 1553 2287 coelestis
1575 2229 1755 2285 haereditatis.

106 2338 119 2364 ·
135 2314 227 2373 vobis.
243 2315 348 2372 Vellem
363 2323 453 2373 autem
468 2334 529 2373 esse
545 2318 616 2389 apua
631 2333 680 2374 vos
694 2317 785 2383 modo.
803 2325 829 2373 er
843 2332 905 2371 mu·
956 2322 1097 2378 Parvulos
1108 2321 1184 2377 estest
1195 2320 1317 2391 differta
1327 2308 1761 2385 sem0,secestmttesorttciet

106 2426 119 2453 ι
135 2411 197 2461 tare
219 2415 316 2459 vocem
339 2419 437 2473 meam,
454 2405 580 2479 moniam
600 2405 750 2461 confundor
764 2405 792 2460 in
810 2403 902 2460 vobis·
957 2410 1106 2474 actoribus,
1121 2409 1149 2464 id
1168 2415 1210 2463 est
1224 2411 1274 2462 sub
1288 2407 1351 2479 lege
1365 2422 1427 2479 que
1441 2414 1540 2461 tutatur
1551 2421 1613 2462 eum
1628 2421 1679 2476 per
1690 2420 1761 2476 prae·

107 2491 225 2549 misiae
244 2489 321 2558 mihi,
341 2493 387 2564 qui
410 2493 460 2549 sub
483 2493 546 2566 lege
560 2493 641 2550 vultis
657 2509 727 2560 esse,
749 2492 839 2565 legem
852 2507 906 2548 non
957 2504 1051 2568 cepta:
1067 2503 1094 2552 et
1109 2496 1166 2568 agit
1179 2511 1230 2566 pro
1244 2510 1277 2551 eo
1290 2510 1339 2566 per
1365 2493 1506 2550 sacrificia.
1523 2495 1573 2549 Est
1586 2492 1679 2565 utique
1707 2491 1759 2547 suh

104 2603 116 2629 ι
132 2578 243 2655 legistis
262 2579 277 2640 l
303 2583 439 2655 Scriptum
461 2590 503 2638 εει
524 2582 596 2637 enim
620 2582 746 2654 quoniam
770 2580 906 2635 Abraham
956 2584 1011 2638 iilis
1027 2600 1114 2655 usque
1122 2584 1158 2639 ad
1166 2592 1273 2655 tempus
1284 2582 1356 2653 quod
1368 2580 1489 2639 219
1500 2579 1757 2653 proeiinitumalleo

106 2693 118 2720 ι
135 2672 208 2729 duos
223 2671 294 2730 filios
307 2671 412 2740 habuit,
427 2667 905 2739 unumdeanoilla(Gea.xv1,lb)‚
957 2672 1037 2727 Patre
1052 2671 1079 2725 in
1095 2687 1149 2743 quo
1172 2678 1294 2740 tempore
1309 2669 1344 2725 de
1358 2669 1488 2725 servitute
1502 2667 1572 2742 legis
1590 2666 1756 2723 transferre·

106 2783 118 2809 ι
133 2768 163 2817 ει
177 2777 262 2817 unum
283 2761 318 2818 de
340 2759 428 2816 libera
443 2759 522 2827 (dea.
540 2772 602 2825 xxv,
618 2758 656 2829 2).
673 2756 728 2812 Sed
744 2756 790 2827 qui
805 2756 839 2811 de
854 2771 906 2809 an·
957 2766 1002 2814 tur
1015 2759 1048 2814 ad
1063 2759 1217 2814 libertatem
1231 2757 1304 2813 fidei.
1320 2758 1356 2812 lit
1377 2756 1606 2829 quemadmodum
1628 2754 1757 2827 parvulus

105 2870 118 2901 ι
134 2848 202 2906 eills
227 2849 376 2906 secundum
401 2861 509 2903 carnem
528 2851 665 2901 natusest
682 2859 688 2899 :
705 2844 752 2916 qui
766 2852 857 2898 autem
872 2842 907 2897 de
956 2848 1045 2902 haeres
1058 2847 1107 2902 aab
1121 2847 1261 2902 tatoribus
1276 2846 1452 2903 etcctorttm
1465 2849 1518 2912 cst,
1534 2846 1577 2900 ita
1587 2847 1616 2899 et
1630 2858 1756 2901 noscam

105 2959 117 2986 ι
133 2937 235 3006 libera,
249 2953 299 3009 per
313 2933 574 3007 repromissionem
589 2949 649 3005 quse
663 2940 726 2987 sunt
740 2948 790 3002 per
804 2931 908 3002 allego-
916 2979 940 3042 ο
957 2950 1081 2991 essemus
1089 2935 1203 3006 parvuli
1214 2934 1241 2988 in
1250 2933 1405 3006 cognitione
1416 2933 1476 3000 Dei,
1488 2948 1602 2989 eramus
1611 2946 1666 2986 non
1676 2928 1756 2986 liberi

106 3046 118 3079 ι
133 3024 207 3080 riam
222 3024 304 3081 dicta.
316 3025 381 3080 llaec
395 3022 467 3078 enim
482 3029 545 3076 sunt
559 3021 614 3076 duo
628 3027 801 3076 testamenta.
817 3020 906 3076 Unum
957 3023 1007 3078 sed
1022 3024 1176 3079 servientes
1191 3023 1241 3078 sab
1264 3021 1424 3089 elementis,
1437 3020 1465 3075 id
1483 3028 1524 3075 εει
1539 3018 1589 3074 sub
1602 3017 1751 3090 legalibus.

104 3135 116 3166 ι
134 3113 249 3186 walam
271 3113 300 3168 in
314 3119 406 3169 monte
431 3110 504 3175 Sina,
527 3109 554 3164 in
579 3109 736 3165 servitutem
759 3123 905 3180 generans,
956 3109 1027 3179 Quia
1050 3109 1118 3166 sicut
1137 3126 1206 3180 puer
1225 3125 1276 3179 per
1301 3108 1434 3164 elementa
1458 3106 1595 3179 alphabeti
1608 3105 1706 3161 transit
1722 3104 1756 3160 ad

105 3217 200 3274 «quse
228 3207 268 3256 εει
291 3203 377 3274 Agar.
402 3198 468 3254 Sina
490 3197 562 3253 enim
572 3211 651 3252 mons
678 3203 720 3252 est
741 3196 769 3250 in
784 3195 904 3250 Arabia:
955 3198 1139 3271 cognitionem
1155 3197 1312 3263 litterarum,
1330 3197 1370 3253 sic
1384 3212 1433 3268 per
1451 3195 1542 3266 legem
1557 3192 1754 3249 transeundum

105 3284 187 3358 ¹qui
200 3284 363 3354 coniunctus
383 3290 425 3338 est
447 3281 482 3350 ei,
506 3296 653 3353 (1111111110
667 3287 709 3335 2⁸2
724 3278 904 3344 Hierusalem,
956 3293 1014 3341 erat
1034 3285 1068 3340 ad
1091 3284 1273 3358 cognitionem
1297 3284 1358 3352 Dei,
1381 3284 1409 3338 in
1432 3283 1487 3338 lide
1507 3281 1673 3339 habendum.
1687 3280 1755 3335 Ele·

103 3395 116 3420 1
131 3380 163 3430 ει
176 3372 262 3428 servit
276 3387 338 3428 cum
366 3369 429 3425 liliis
453 3368 593 3447 suis.·llla
617 3376 708 3423 autem
722 3383 783 3439 quae
798 3381 906 3421 sursum
955 3380 1077 3428 mentum
1100 3372 1199 3428 dicitur
1230 3371 1273 3427 vel
1294 3371 1371 3442 quasi
1393 3370 1592 3426 elevamentum
1609 3387 1617 3437 ;
1637 3383 1686 3439 per
1701 3368 1756 3423 hos

104 3482 117 3512 ⁸
133 3469 180 3518 0111
193 3459 373 3525 mmmm,
383 3458 469 3514 libera
496 3464 547 3522 esi.
564 3472 624 3528 111111
635 3463 677 3510 esi
701 3461 904 3510 11111111081111·
956 3461 1027 3516 enim
1042 3461 1077 3515 ad
1097 3459 1238 3516 scientiam
1261 3458 1320 3531 quis
1334 3458 1465 3514 elevatur.
1481 3457 1531 3514 Vel
1546 3455 1623 3529 quasi
1637 3454 1755 3511 elimen-

104 3548 277 3621 «Scriptum
306 3554 348 3603 est
362 3546 435 3602 enim
451 3564 458 3600 ε
477 3569 488 3594 a
514 3546 618 3601 Laetare
641 3543 741 3599 sterilis
764 3559 825 3614 (111ae
851 3556 907 3597 11011
955 3556 1022 3616 tum,
1039 3549 1074 3603 ab
1089 3548 1182 3616 elimo,
1199 3549 1308 3615 elimas,
1325 3553 1377 3602 etc.
1393 3544 1442 3602 Vel
1459 3544 1537 3617 quasi
1550 3543 1752 3615 hylementum

104 3658 117 3689 ι
132 3636 224 3710 paris.
238 3637 360 3706 Erumpo
374 3642 401 3690 et
414 3634 511 3701 clama,
542 3649 603 3704 quae
617 3647 671 3687 non
686 3630 804 3702 parturis
819 3647 826 3684 τ
843 3629 907 3700 quit
955 3636 1018 3708 hyle
1029 3635 1101 3691 enim
1109 3635 1241 3691 materia.
1253 3636 1373 3691 Eremos
1381 3631 1587 3689 sabelemeatis
1597 3629 1707 3695 mundi,
1724 3628 1753 3684 id

103 3724 217 3782 «muta
231 3721 417 3793 filiuseius,
433 3722 523 3794 masis
551 3737 631 3791 quam
659 3721 727 3790 ejus,
750 3734 811 3791 quae
825 3717 908 3772 habet
955 3732 1006 3791 est,
1036 3739 1097 3796 qua
1123 3724 1166 3779 lex
1195 3731 1221 3778 et
1244 3722 1381 3777 mundam
1394 3720 1576 3793 promittebat,
1593 3725 1620 3775 et
1633 3715 1752 3774 cunata

103 3833 117 3865 «
134 3811 379 3884 virum(lsa.n1v,
398 3810 436 3882 l).
454 3831 465 3860 ι
490 3810 547 3865 Νοε
562 3817 663 3874 autem,
679 3807 787 3873 iratres,
803 3821 906 3862 secun·
955 3812 1084 3869 docebat,

105 3924 117 3952 ι
135 3901 206 3957 dum
220 3901 297 3956 Isaac
312 3897 503 3971 promissionis
518 3896 566 3951 lilii
580 3913 682 3951 sumus.
699 3895 754 3951 Sed
769 3892 906 3965 quomodo
991 3901 1069 3956 Prius
1084 3899 1123 3956 sic
1137 3897 1229 3970 pavuli
1244 3914 1362 3954 eramus.
1374 3899 1410 3954 lt
1424 3897 1481 3968 uit,
1498 3898 1526 3955 id
1540 3907 1581 3955 est
1595 3909 1750 3974 postquam,

104 3998 202 4045 ιιηηο
216 3988 240 4043 is
254 3987 301 4060 qui
323 3986 472 4043 secundum
501 4001 612 4040 carnem
634 3991 713 4038 natus
727 3982 823 4050 luerat,
838 3998 906 4052 per·
954 3988 1187 4059 vesitplesitcdo
1202 3990 1345 4059 temporis,
1362 3986 1420 4041 sive
1435 3988 1749 4059 tempusplenitudinis:

104 4076 300 4149 exequebatur
328 4090 391 4131 eum
418 4073 465 4146 qui
491 4073 642 4129 secundum
670 4071 805 4142 spiritum,
828 4070 865 4125 ita
879 4076 907 4124 et
954 4075 1093 4147 plenitudo
1116 4075 1189 4142 ideo,
1214 4074 1277 4146 quia
1292 4090 1459 4147 quaecunque
1474 4084 1627 4147 exspectata
1643 4077 1752 4134 inerant

103 4179 220 4222 «nune.
235 4163 290 4220 Sed
304 4162 370 4235 quid
383 4162 448 4218 dicit
462 4160 625 4233 Scriptura?
645 4160 720 4230 Ejice
735 4157 861 4214 ancillam
879 4164 906 4212 et
954 4164 983 4219 in
1010 4163 1141 4219 anteactis
1169 4163 1287 4229 seculis,
1316 4171 1380 4219 tuno
1398 4162 1475 4218 luere
1500 4163 1632 4236 completa
1652 4184 1660 4232 ς
1684 4174 1749 4224 ωηο

104 4276 116 4301 ⁸
133 4252 300 4323 filitunejus·
311 4250 454 4308 Nouenim
464 4251 553 4306 haeres
563 4248 615 4305 erit
628 4247 700 4303 filius
718 4246 833 4312 ancittae,
844 4261 905 4301 111111
954 4251 1027 4308 euim
1054 4250 1176 4322 perfecta
1199 4249 1363 4320 justificatio,
1394 4267 1454 4322 quse
1468 4259 1546 4307 antea
1569 4268 1624 4307 non
1638 4252 1749 4323 luerat;

105 4363 117 4395 1
134 4340 194 4397 filio
207 4339 312 4396 libem·
327 4340 432 4411 1111111111,
441 4338 553 4405 smiles,
564 4353 618 4392 11011
629 4352 722 4392 11111118
730 4333 835 4390 ancill&
845 4325 940 4401 filibD
954 4347 1017 4395 tunc
1043 4354 1165 4410 presens
1180 4345 1206 4393 et
1232 4338 1315 4409 plena
1340 4337 1463 4404 salvatio,
1494 4354 1575 4411 quam
1597 4341 1748 4398 antediem

103 4450 116 4480 r
132 4429 185 4485 sed
198 4428 303 4496 tibere,
319 4442 373 4500 qua
386 4426 511 4482 libertate
525 4425 647 4481 Christus
662 4440 712 4480 nos
731 4420 867 4478 liberavit·
889 4444 901 4469 ¹·
951 4427 1029 4482 illurn
1042 4426 1217 4498 exspectabat
1231 4425 1370 4481 Abraham
1385 4440 1446 4482 oum
1456 4427 1562 4483 ceteris
1576 4428 1687 4488 sanctis.
1699 4429 1749 4486 Vel

952 4516 1033 4571 aliter
1048 4530 1055 4569 :
1070 4517 1222 4587 Postquam
1229 4514 1473 4586 centiplenitado,
1485 4515 1513 4570 id
1523 4524 1564 4572 cst
1574 4515 1635 4572 linis
1646 4526 1672 4574 et
1683 4533 1749 4575 con·

432 4628 590 4673 nxrosrrto.
952 4603 1096 4659 summatio
1110 4601 1249 4674 temporis,
1261 4601 1333 4674 quod
1352 4602 1526 4659 constituerat
1541 4604 1657 4676 primum
1675 4621 1748 4677 prae·

953 4692 1034 4748 terire
1048 4692 1131 4760 Deus,
1143 4699 1207 4747 tunc
1221 4691 1303 4747 misit
1318 4692 1391 4747 Deus
1404 4692 1610 4749 Filiumsuum.
1621 4694 1688 4749 Cum
1699 4693 1746 4749 Fi·

141 4787 249 4846 Dixerit
258 4786 368 4861 quidem
382 4801 437 4843 non
453 4783 570 4856 amplius
584 4797 653 4854 opus
666 4796 728 4837 esse
738 4778 900 4853 padagogo,
952 4780 1004 4837 lius
1018 4780 1069 4836 Dei
1082 4779 1182 4851 ubique
1196 4786 1268 4834 totus
1283 4786 1309 4834 et
1331 4794 1452 4850 presens
1466 4788 1547 4847 esset,
1568 4781 1620 4837 hoc
1639 4781 1747 4838 mittere

102 4878 156 4936 ssd
169 4893 281 4936 esuum
302 4891 358 4933 non
372 4881 503 4947 posuerat
516 4887 610 4945 quare.
637 4869 725 4940 Quam
739 4869 783 4924 hic
801 4867 901 4934 subdit,
952 4869 1019 4924 nihil
1032 4867 1105 4923 aliud
1119 4867 1176 4936 luit,
1194 4882 1275 4939 quam
1290 4868 1440 4939 quodsum
1455 4868 1501 4941 qui
1516 4868 1657 4925 invisibilis
1679 4877 1747 4939 erat,

104 4967 205 5024 disens
220 4981 228 5020 :
242 4965 317 5023 Licet
328 4980 379 5021 vos
391 4963 473 5019 modo
487 4977 572 5017 unum
586 4960 613 5015 in
629 4957 737 5016 Christo
751 4957 903 5031 padagogo
952 4957 979 5011 in
994 4955 1083 5012 iorma
1097 4954 1170 5010 servi
1183 4955 1309 5011 visibilen
1326 4954 1456 5011 exhibuit.
1481 4955 1576 5011 lilium
1584 4957 1656 5025 dico,
1666 4974 1748 5031 quem

102 5072 162 5115 non
190 5053 304 5128 egeatis,
326 5059 418 5108 tamen
437 5050 498 5107 dico
518 5049 591 5122 quod
605 5063 655 5107 vos
666 5048 723 5118 jam
736 5045 902 5119 indiguistis,
953 5045 1022 5100 adeo
1037 5042 1195 5112 humiliavit,
1211 5051 1241 5098 ut
1253 5047 1363 5115 sactum
1373 5059 1409 5100 ee
1419 5044 1548 5111 multae,
1560 5044 1588 5100 id
1597 5053 1638 5101 est
1647 5053 1676 5102 ut
1686 5063 1748 5103 eum

102 5145 176 5202 sicut
190 5140 291 5198 videtis
301 5141 384 5213 quod,
395 5143 610 5213 pacnbecnque
620 5140 745 5207 tempore
753 5134 903 5191 secundum
954 5132 1000 5205 qui
1014 5131 1128 5188 iniectus
1143 5139 1170 5187 et
1196 5131 1379 5202 sempiternus
1406 5138 1474 5200 erat,
1491 5131 1623 5189 iacturam
1650 5150 1749 5191 novam

103 5230 315 5304 dispositionem
328 5228 416 5301 patris
425 5227 562 5300 parvolas
576 5229 628 5293 est,
646 5224 690 5278 hic
705 5223 751 5295 qni
766 5230 807 5278 est
816 5222 904 5278 lroeres
954 5236 987 5276 ex
1000 5219 1113 5276 muliere
1127 5218 1210 5276 vellet
1224 5218 1373 5290 suscipere.
1390 5222 1507 5277 Factum
1522 5221 1602 5278 etiam
1612 5223 1661 5278 aab
1677 5225 1749 5292 lege,

103 5321 216 5378 iuturus
229 5326 331 5392 querno
345 5325 480 5388 tempore,
497 5315 554 5371 sive
569 5327 615 5380 xx,
633 5312 691 5369 sive
706 5326 755 5377 xv,
775 5309 904 5381 parvulus
955 5307 1017 5381 quia
1045 5308 1096 5363 sub
1123 5307 1185 5379 lege
1199 5307 1274 5373 vixit,
1291 5314 1317 5362 et
1332 5305 1423 5379 legem
1437 5307 1567 5381 implevit,
1583 5309 1647 5364 dnm
1660 5308 1752 5367 hostia

101 5417 159 5467 est.
178 5406 256 5466 ticet
269 5406 305 5462 sit
317 5405 467 5463 destinatus
480 5404 579 5471 haeres,
596 5409 684 5457 tamen
700 5398 777 5456 sitit
791 5398 905 5471 differto
953 5411 1005 5467 pro
1019 5396 1066 5452 illo
1079 5396 1142 5451 data
1155 5393 1214 5450 luit.
1230 5394 1295 5452 ldeo
1310 5394 1360 5450 sub
1375 5394 1447 5470 lege,
1462 5400 1496 5453 ut
1511 5397 1599 5468 pretio
1609 5396 1753 5469 sanguinis

98 5512 195 5566 seruo,
207 5493 272 5569 quis
284 5509 358 5567 eaepe
372 5492 577 5564 constringitur,
586 5497 614 5548 ει
620 5488 780 5548 verberatur
789 5499 806 5543 a
815 5493 905 5544 tutore
955 5485 1019 5542 dato
1032 5485 1185 5542 redimeret
1194 5498 1239 5541 ecs
1248 5486 1296 5558 qai
1305 5485 1447 5542 crustati
1462 5485 1528 5556 lege.
1546 5483 1606 5541 Nisi
1615 5482 1689 5540 enim
1699 5490 1755 5548 sub
