3742 5986
111 140 164 197 ibi
705 148 712 157 “
781 139 1083 200 CONSUETUDINES.
1706 144 1760 202 ttt

144 267 172 319 S.
189 260 333 318 Laicorum
347 268 438 319 autem
452 278 593 336 numerus,
610 279 679 338 qnos
702 279 851 323 conuersos
866 281 1006 334 sommus,
1023 262 1161 321 sexdecim
1189 269 1303 321 statutus
1317 272 1379 333 est;
1396 281 1467 323 nune
1480 280 1546 323 vero
1576 267 1670 339 plures
1682 274 1755 336 sunt,

107 358 232 415 nonnulli
247 374 364 430 namque
379 374 475 415 eorum
491 375 617 416 senecae
632 359 737 417 debiles
752 368 828 418 erant
843 368 871 418 et
884 361 1007 418 laborare
1023 375 1077 417 non
1093 368 1227 433 poterant,
1244 369 1271 416 ct
1285 361 1321 418 ob
1336 350 1364 417 id
1377 361 1445 418 alios
1460 379 1555 418 sumus
1569 363 1656 420 coacti
1671 363 1757 419 susci·

110 472 189 528 pere.
205 455 283 514 Unde
298 456 405 528 probis
420 456 467 529 qui
481 473 553 514 nnnc
567 456 680 533 fragiles
694 467 766 525 sunt,
781 474 843 515 eum
858 458 986 527 obierint,
1004 458 1072 515 ahos
1086 474 1142 515 non
1155 458 1332 531 accipiemus.

749 582 948 641 CAPITULUll
976 583 1101 639 LXXIX.

697 681 788 749 ocare
813 685 872 737 tom
892 697 999 755 paraus
1020 682 1059 737 sit
1073 695 1220 737 numerus.

145 781 171 831 ι.
188 777 261 832 lianc
278 781 369 831 autem
384 774 490 832 numeri
503 775 667 846 paucitatem
681 777 778 832 eadem
793 776 1012 834 consideratione
1031 775 1185 850 delegimus
1199 790 1253 848 qua
1266 789 1319 832 nec
1346 775 1484 847 hospitum
1511 776 1677 848 equitaturas
1689 789 1758 848 pro-

107 888 245 942 curamus,
264 888 315 929 nec
329 873 440 928 domurn
456 873 697 945 eleemosynariam
712 873 864 941 habemus;
880 872 1007 930 videlicet
1021 889 1056 929 ne
1070 873 1105 928 ad
1120 873 1239 943 majores
1253 888 1334 946 ᾳιιιιιι
1349 873 1427 929 locus
1442 873 1494 929 iste
1508 873 1607 946 patitur
1619 887 1756 945 expensas

107 970 196 1026 coacti
212 985 334 1041 quaererc
348 978 374 1025 et
390 970 492 1042 vagari,
510 970 583 1041 quod
607 971 761 1035 horremus,
783 971 954 1042 incipiamus.

143 1072 171 1124 ι.
187 1066 266 1136 Quod
282 1067 305 1122 si
320 1068 423 1139 posteri
435 1067 523 1123 nostri
538 1069 610 1125 hunc
623 1067 715 1140 ipsum
734 1076 787 1123 tam
815 1084 931 1139 parvum
961 1084 1105 1125 numerum
1123 1067 1259 1140 aliquibus
1287 1068 1487 1135 occasionibus,
1503 1084 1571 1141 quas
1586 1069 1757 1142 ignoramus,

107 1165 202 1221 hocin
217 1164 276 1220 loco
292 1164 351 1220 sine
366 1164 507 1236 quaerendi
522 1172 548 1220 et
563 1165 680 1238 vagandi
695 1165 842 1221 odibilibus
856 1164 951 1223 officiis
970 1181 1116 1238 procurare
1127 1165 1311 1238 nequiverint,
1329 1166 1351 1220 si
1367 1166 1467 1221 nostris
1482 1165 1615 1222 volarerint
1625 1165 1755 1237 acquies-

107 1279 172 1320 cere
186 1263 321 1330 consiliis,
338 1264 372 1318 ad
386 1279 446 1318 earn
460 1264 587 1319 redibunt
611 1263 788 1336 quantitatem
803 1279 886 1336 quam
900 1263 959 1320 sine
978 1263 1115 1334 praedictis
1129 1271 1242 1334 possent
1256 1270 1365 1333 portare
1380 1262 1519 1333 periculis.
1534 1264 1592 1319 Nos
1620 1264 1693 1319 enim
1711 1264 1757 1336 qui
1810 1322 1813 1327 ,

107 1360 357 1432 inpraesentiarum
372 1361 416 1417 hic
430 1360 566 1433 degimus,
583 1361 707 1433 quamvis
725 1360 803 1432 pauci
818 1361 913 1429 simus,
929 1360 1015 1417 multo
1029 1359 1175 1432 pauciores
1188 1375 1249 1416 esse
1278 1360 1421 1416 mallemus
1444 1360 1575 1433 quemad
1603 1361 1650 1417 illa
1673 1361 1754 1430 mala,

108 1463 217 1512 ιιιιιιο
232 1456 275 1512 ιιι
290 1455 468 1528 multiplicato
482 1472 606 1523 numero,
621 1457 776 1528 pervenire.

145 1556 174 1608 ³.
195 1553 373 1610 Attendentes
387 1554 473 1627 igitur
486 1569 540 1610 non
555 1570 668 1609 munera
681 1570 742 1625 quae
763 1553 917 1625 mittuntur,
933 1570 1023 1627 neque
1046 1554 1120 1611 enim
1142 1561 1256 1625 propter
1280 1554 1389 1611 incerta
1415 1552 1560 1622 beneficia,
1577 1570 1661 1611 onera
1684 1563 1761 1613 certa

108 1666 171 1724 quae
184 1666 236 1707 nec
250 1652 348 1722 portari
363 1667 415 1707 nec
428 1651 527 1723 deponi
543 1652 602 1708 sine
616 1651 716 1723 grandi
737 1651 843 1723 possint
861 1651 982 1723 periculo
1006 1651 1146 1707 subeunda
1160 1651 1241 1707 nobis
1256 1651 1399 1718 videntur;
1416 1667 1471 1707 non
1486 1667 1554 1725 ergo
1568 1668 1681 1709 munera
1691 1668 1757 1709 con-

110 1747 274 1815 siderantes,
290 1749 339 1805 sed
353 1749 419 1821 quid
433 1750 492 1806 haec
502 1749 562 1821 ipsa
578 1750 606 1804 in
620 1765 674 1822 qua
689 1766 782 1806 sumus
797 1765 917 1818 eremus,
937 1750 995 1807 siue
1009 1766 1042 1806 er
1054 1749 1229 1821 agricultura,
1246 1750 1304 1807 sive
1323 1766 1356 1805 ex
1372 1765 1503 1821 pecorum
1518 1750 1683 1806 nutrimento
1695 1751 1759 1807 rod·

109 1845 177 1901 dere
191 1845 296 1917 possin
311 1855 438 1918 putamus
453 1847 595 1919 praelatum
609 1834 750 1904 numerum
765 1848 905 1904 homiuum
920 1847 965 1905 hic
979 1847 1071 1904 viuere
1095 1863 1186 1918 posse,
1217 1846 1239 1903 si
1263 1854 1355 1902 tamen
1382 1847 1547 1912 humilitatis,
1576 1850 1754 1920 paupertatis,

110 1941 276 2010 sobrietatis,
290 1943 319 1999 in
332 1943 405 2000 victu
419 1951 446 2000 et
460 1943 559 2001 vestitu
573 1953 600 2000 et
615 1944 721 2001 canteris
741 1944 776 2000 ad
790 1961 869 2000 usum
884 1943 1083 2016 pertinentibus
1097 1943 1189 2010 rebus,
1205 1943 1278 2000 idem
1293 1944 1365 2016 quod
1394 1944 1535 2016 hucusque
1562 1943 1611 2000 init
1636 1945 1755 2002 studium

106 2048 277 2112 perseveret,
293 2041 357 2098 etsi
372 2049 510 2114 postremo
525 2043 618 2098 mundi
633 2050 804 2115 contemptus
819 2050 846 2099 et
860 2042 911 2099 Dei
925 2057 1012 2110 aanor,
1029 2048 1141 2114 propter
1152 2057 1232 2113 quem
1259 2039 1325 2097 terri
1340 2048 1367 2097 et
1381 2039 1438 2098 lieri
1454 2041 1546 2097 omnia
1559 2041 1670 2109 debent,
1686 2059 1755 2115 pro-

107 2138 208 2196 iectum
223 2137 250 2194 in
264 2139 324 2195 dies
347 2139 478 2212 accipiat.

783 2209 1072 2269 concinnitates,

111 2306 237 2379 Explicat
249 2315 353 2364 tantum
369 2309 403 2365 li.
424 2309 504 2366 Pater
517 2308 608 2382 Guigo
635 2310 708 2382 quod
723 2311 794 2382 apud
810 2327 841 2367 se
856 2318 909 2367 sta·
921 2309 1071 2374 Achorum
1084 2307 1231 2380 aliquando
1241 2314 1399 2380 assurgant,
1412 2313 1439 2362 et
1452 2306 1492 2363 sic
1506 2305 1611 2379 possint
1620 2306 1757 2380 integram

107 2402 196 2452 tuerat
209 2410 260 2468 pro
271 2394 354 2453 domo
377 2397 538 2464 carthusiae,
553 2398 747 2456 concordando
762 2415 907 2455 numerum
958 2396 1164 2452 observantiam
1179 2396 1336 2469 regularem
1347 2394 1375 2449 in
1389 2401 1469 2451 cantu
1483 2402 1510 2450 ct
1523 2395 1626 2450 lectura
1640 2395 1756 2453 resecto·

107 2499 289 2556 personarum
312 2492 340 2540 et
367 2501 453 2541 onera
479 2485 577 2542 dumus
605 2486 755 2542 carthusiae
769 2501 832 2545 cum
847 2489 907 2558 ejus
958 2485 991 2540 rii
1020 2484 1180 2556 adimplere,
1213 2484 1286 2556 quod
1314 2491 1417 2539 certes
1439 2498 1525 2554 parvo
1553 2498 1666 2540 numero
1694 2500 1755 2541 raro

109 2571 295 2639 facultatibus,
312 2580 341 2628 ut
368 2574 459 2629 statim
479 2573 623 2631 videbitur.
643 2574 697 2630 Sed
719 2575 771 2630 ista
784 2574 813 2630 in
833 2576 906 2631 anti·
956 2572 1169 2644 potestdiscrete
1181 2571 1254 2645 exigi
1264 2578 1377 2643 propter
1385 2587 1466 2627 senes
1477 2578 1504 2626 et
1515 2571 1730 2629 valetudinarios
1746 2586 1753 2627 ι

108 2657 171 2729 quis
190 2658 298 2713 statutis
317 2658 484 2716 enucleatius
505 2674 637 2730 expressa
651 2660 831 2731 reperientur.
956 2661 1027 2716 unde
1041 2659 1070 2715 ht
1085 2668 1114 2715 ut
1139 2660 1246 2731 pondus
1276 2659 1358 2715 totius
1388 2666 1524 2716 cantuset
1548 2659 1713 2716 lecturarum
1727 2661 1755 2716 in

148 2748 207 2804 Hoc
219 2748 368 2820 capitulum
382 2747 500 2804 relatum
509 2747 595 2804 habes
610 2747 637 2802 in
653 2748 772 2820 antiquis
786 2748 904 2819 statutis,
956 2757 1073 2821 quatuor
1087 2756 1134 2804 aut
1149 2747 1266 2820 quinque
1279 2747 1476 2804 monachorum
1492 2748 1623 2804 humeros
1637 2749 1754 2806 decidat.

67 2862 70 2867 ·
107 2850 180 2917 part.
198 2856 228 2908 ιι,
240 2853 301 2910 cap.
316 2839 362 2904 25,
372 2852 419 2892 nn.
432 2840 443 2891 l
456 2844 482 2892 et
496 2839 522 2905 3,
532 2843 557 2891 et
565 2851 625 2908 cap.
638 2837 764 2908 3t,part.
780 2851 820 2904 ιιι,
836 2853 864 2892 n.
876 2840 903 2895 2.
955 2837 1016 2908 Qua
1029 2837 1065 2893 de
1088 2852 1171 2894 causa
1184 2843 1280 2893 statuta
1308 2836 1412 2893 ordinis
1439 2836 1567 2893 ordinant
1591 2838 1755 2894 cantandum

142 2931 209 2988 Car.
219 2924 432 2984 LXXIX-llic
442 2931 535 2997 aperte
542 2924 669 2997 exprimit
679 2926 713 2981 n.
722 2926 804 2982 Pater
814 2925 905 2999 Guigo
956 2942 1017 2983 esse
1036 2933 1112 2983 recto
1126 2933 1189 2983 tono
1203 2925 1232 2980 in
1247 2924 1300 2980 illis
1311 2925 1438 2980 domibus
1458 2940 1519 2996 quae
1531 2932 1593 2984 octo
1603 2927 1755 2986 monachos

108 3019 242 3078 rationem
256 3032 304 3073 eur
317 3014 497 3071 habitatorum
513 3013 598 3070 eremi
609 3011 761 3070 carthusia
775 3029 905 3071 numerus
954 3031 1009 3071 non
1027 3014 1138 3071 habent.

108 3108 145 3167 ad
160 3105 293 3164 tredecim
313 3110 360 3160 ant
372 3102 580 3176 quatuordecim
600 3103 750 3160 monachos
764 3111 790 3159 et
804 3103 905 3160 sexde-
988 3104 1127 3160 Numerus
1141 3117 1209 3176 ergo
1224 3102 1405 3158 habitatorum
1433 3101 1461 3157 in
1484 3100 1611 3157 domibus
1638 3101 1751 3170 ordinis,

106 3199 161 3256 cim
175 3210 323 3254 conuersos
345 3192 428 3249 suerit
451 3192 657 3258 determinatus,
681 3207 718 3249 ne
732 3192 769 3248 nd
782 3193 904 3264 majores
953 3193 1012 3247 Deo
1040 3192 1077 3247 ita
1097 3190 1270 3262 providente,
1287 3189 1396 3246 nonnisi
1418 3188 1565 3246 mediocris
1580 3196 1641 3256 est,
1656 3189 1754 3262 amplis

106 3301 193 3361 quam
215 3286 291 3341 locas
311 3283 507 3354 perpatitur,
533 3279 628 3352 inquit,
652 3283 902 3353 capenscscocctt,
954 3279 1026 3337 enim
1040 3279 1111 3335 locis
1123 3286 1150 3335 et
1165 3277 1319 3349 sumptibus
1333 3293 1403 3349 opus
1426 3286 1468 3334 est
1493 3278 1527 3334 ad
1542 3279 1754 3335 construendam

107 3388 234 3449 qaoererc
247 3377 276 3429 at
301 3373 408 3444 aequm,
434 3368 506 3443 qaod
533 3368 690 3435 horremus,
719 3368 901 3442 incipiamus.
953 3376 980 3424 et
1001 3367 1147 3424 dolandam
1165 3367 1278 3423 donnum
1292 3367 1321 3421 in
1349 3365 1454 3434 ordine,
1475 3366 1539 3439 quia
1567 3383 1600 3423 ex
1627 3368 1753 3424 instituto

106 3462 228 3535 idipsum
243 3466 371 3532 repetunt
384 3467 411 3515 et
430 3473 503 3530 saepe
517 3457 655 3514 inculcant
670 3464 725 3512 tum
740 3463 833 3513 vetera
846 3463 904 3512 tum
953 3464 1047 3513 nostro
1058 3455 1173 3528 quisque
1196 3455 1392 3511 monachorum
1416 3455 1608 3512 domunculam
1623 3456 1682 3513 sive
1696 3455 1753 3513 cel·

105 3551 241 3609 moderna
256 3556 363 3615 statuta,
380 3554 406 3604 et
421 3557 521 3622 magno
531 3544 619 3602 studio
642 3560 751 3617 semper
766 3544 793 3600 in
807 3545 904 3602 ordine
952 3545 1008 3602 lam
1021 3544 1055 3599 ab
1069 3543 1130 3599 aliis
1140 3550 1293 3616 separatam
1307 3541 1407 3599 habere
1418 3542 1510 3610 debet,
1527 3551 1606 3614 prout
1627 3543 1656 3598 in
1679 3543 1752 3600 clau-

106 3647 245 3698 seruatum
268 3644 319 3706 est,
335 3636 373 3692 ita
401 3642 431 3692 nt
458 3634 481 3691 si
501 3634 622 3691 omnium
637 3634 779 3690 domorum
798 3634 939 3726 ordinisB
953 3634 1016 3690 stris
1030 3632 1131 3689 nostris
1145 3631 1250 3702 visitur,
1266 3632 1302 3687 ad
1317 3631 1389 3703 quod
1402 3647 1521 3704 magnus
1542 3630 1652 3687 claustri
1664 3631 1752 3687 ambi·

105 3729 275 3787 habitatores
290 3726 317 3782 in
331 3742 415 3782 unum
429 3724 621 3792 conflarentur,
638 3723 680 3779 bis
694 3723 768 3780 mille
783 3731 810 3780 et
824 3723 903 3795 quin-
953 3730 996 3777 tus
1021 3720 1194 3778 necessarius
1209 3727 1263 3776 est.
1283 3721 1396 3791 insuper
1423 3719 1583 3775 sustentatio
1599 3720 1750 3778 monacho·

102 3818 181 3894 genti
208 3815 316 3873 circiter
342 3813 480 3884 monachi,
510 3813 584 3868 mille
606 3820 633 3869 et
655 3811 769 3869 trecenti
797 3812 904 3869 circiter
952 3827 1012 3866 rum
1027 3809 1263 3867 carthusianorum
1287 3807 1375 3881 pluris
1396 3816 1504 3865 constat
1519 3823 1602 3880 quam
1619 3807 1747 3877 aliorum,

103 3899 232 3961 conuersi
246 3906 273 3956 et
295 3897 398 3965 donati,
418 3911 452 3954 ac
479 3898 530 3951 tto
544 3895 677 3952 moniales
704 3896 901 3964 invenirentur,
952 3899 1069 3972 quisque
1083 3899 1156 3956 enim
1171 3898 1275 3954 habere
1286 3896 1368 3953 debet
1381 3897 1410 3951 in
1424 3896 1524 3953 cellula
1533 3897 1701 3970 singularem
1711 3895 1750 3952 lo·
1788 3918 1790 3923 ¹

105 3990 153 4064 qui
167 3987 352 4063 persingulas
365 3986 462 4042 domos
475 3984 620 4052 distributi,
637 3984 681 4041 uix
695 3985 731 4041 ad
759 3983 902 4042 duodecim
952 4004 1024 4055 cum,
1042 3987 1238 4060 supellectilem
1256 3994 1284 4043 et
1297 3985 1406 4053 similia,
1417 4000 1478 4058 quae
1492 3985 1558 4041 alibi
1572 3984 1599 4040 in
1612 3984 1750 4042 communi

103 4077 255 4137 monachos
283 4083 310 4133 et
331 4090 430 4132 norem
451 4073 534 4131 laicos
562 4088 613 4146 pro
643 4073 761 4146 singulis
775 4073 902 4130 domibus
951 4076 1148 4133 ministrantur.
1172 4076 1237 4132 llaec
1259 4081 1348 4131 autem
1363 4073 1523 4146 exploratius
1546 4082 1708 4130 annotamus
1722 4081 1750 4130 ut

104 4171 340 4239 computarentur.
951 4181 1030 4223 mens
1044 4164 1157 4233 ordinis,
1173 4171 1253 4236 prout
1267 4178 1378 4235 semper
1391 4161 1441 4218 luit
1455 4171 1482 4218 et
1497 4169 1548 4228 est,
1565 4162 1636 4218 circa
1649 4177 1748 4218 nume-

140 4258 244 4314 Domus
258 4252 416 4320 Cartbusiae,
431 4259 461 4308 ut
471 4251 529 4321 jam
543 4250 608 4319 dixi,
624 4250 808 4325 quadraginta
823 4250 902 4323 quin·
951 4270 1013 4310 rum
1027 4253 1225 4309 monachorum
1239 4250 1391 4307 euidentius
1415 4256 1591 4323 agnoscatur,
1608 4265 1691 4322 quam
1703 4249 1749 4309 hic
1773 4311 1778 4319 ,

103 4360 158 4418 que
171 4344 320 4400 monachos
335 4340 437 4397 habere
459 4355 541 4411 posse
556 4337 694 4396 censenda
718 4346 769 4405 est,
786 4339 835 4396 sed
850 4355 901 4411 pro
951 4343 1033 4400 etiam
1048 4340 1115 4398 sutis
1129 4339 1247 4412 explicat
1268 4337 1408 4410 piissimus
1420 4338 1545 4410 scriptor,
1567 4354 1595 4393 n.
1611 4341 1639 4396 2.

101 4434 189 4490 tribus
203 4432 329 4489 domibus
343 4445 442 4500 nempe
469 4428 630 4497 Canthusiae,
647 4427 781 4484 Curretia
795 4436 822 4484 et
849 4428 901 4484 Ca·
986 4431 1066 4487 Num.
1082 4432 1109 4487 2.
1128 4427 1204 4497 Quod
1216 4429 1242 4484 st
1254 4429 1361 4500 posteri
1372 4428 1473 4494 nostri,
1499 4433 1552 4484 etc.
1568 4427 1630 4483 Non
1652 4426 1748 4483 sedari

101 4522 165 4580 lesii
179 4527 333 4593 reputatur.
348 4518 452 4575 Domus
468 4516 628 4574 parisiensis
642 4516 824 4589 quadraginta
838 4531 900 4573 mo·
950 4519 1058 4576 videtur
1071 4517 1112 4574 vir
1124 4524 1233 4574 sanctus
1247 4523 1371 4587 repetere
1398 4512 1487 4571 officia
1500 4513 1547 4571 illa
1566 4515 1707 4587 quaerendi
1721 4524 1749 4572 et

103 4611 208 4667 naebos
229 4608 312 4680 capit,
328 4606 447 4679 itemque
461 4606 559 4662 domus
573 4605 781 4672 huenionensis,
799 4605 899 4678 Papiae,
950 4606 1078 4681 vagandi,
1094 4622 1155 4678 quae
1168 4604 1281 4662 odibilia
1308 4602 1429 4659 nominat
1443 4619 1475 4659 ex
1491 4603 1584 4661 cordis
1605 4604 1747 4660 abundan·
1843 4660 1851 4681 ⁸

101 4697 243 4770 Neapolis,
259 4696 319 4753 aliae
333 4695 414 4752 etiam
428 4703 543 4767 quatuor
556 4702 604 4750 ant
625 4694 746 4766 quinque
772 4694 808 4749 ad
823 4709 900 4749 sum·
949 4696 997 4768 tia,
1013 4697 1083 4751 adeo
1096 4710 1256 4767 persuasum
1272 4692 1388 4749 habebat
1402 4691 1430 4747 id
1445 4692 1473 4748 in
1487 4693 1626 4750 horrorem
1650 4701 1746 4764 poste-

102 4802 179 4844 mum
192 4786 264 4843 circa
278 4783 461 4856 amplissimas
489 4783 612 4839 ciuitates
640 4789 801 4839 constructae
823 4797 900 4838 eum·
949 4785 989 4841 ris
1003 4785 1060 4840 suis
1074 4800 1135 4840 esse
1165 4782 1333 4851 venandum,
1354 4780 1428 4853 quod
1443 4789 1469 4837 et
1483 4780 1585 4838 lactum
1604 4787 1656 4836 est.
1675 4781 1746 4836 Nam

102 4876 166 4933 dem
183 4889 325 4930 numerum
349 4872 452 4928 habere
473 4877 595 4942 possunt.
626 4870 758 4940 Quaedam
773 4886 838 4927 vero
856 4870 900 4926 vi·
950 4874 1045 4928 Patres
1073 4870 1176 4927 ordinis
1190 4871 1217 4926 in
1232 4871 1370 4927 veteribus
1385 4877 1412 4926 et
1426 4869 1504 4926 novis
1531 4868 1638 4924 statutis
1656 4868 1746 4926 adhuc
1836 4922 1842 4933 ,

103 4964 173 5039 giuti
191 4978 277 5036 usque
292 4963 326 5017 ad
337 4961 446 5035 triginta
473 4960 623 5015 monachos
637 4967 752 5032 possunt
765 4959 897 5031 recipere.
950 4960 1071 5019 severius
1086 4959 1120 5014 de
1132 4960 1185 5015 hac
1206 4974 1234 5015 re
1252 4958 1407 5031 loquuntur.
1623 5024 1627 5031 Ι

103 5053 159 5110 Sed
177 5052 288 5123 reliquae
304 5050 401 5106 domus
416 5048 598 5121 promaxima
612 5057 689 5120 parte
703 5048 823 5104 lundata
838 5032 940 5104 sunto
985 5050 1068 5104 llum.
1085 5051 1111 5102 3.
1145 5046 1332 5104 Attendentcs
1351 5048 1439 5119 iqitatr
1465 5061 1523 5101 non
1550 5060 1671 5102 manera
1685 5061 1746 5118 ιιι

103 5149 130 5198 et
140 5140 281 5198 aediticutae
295 5154 344 5210 pro
359 5137 491 5194 tredecim
518 5137 669 5208 monachis,
685 5136 780 5205 idest,
797 5136 900 5194 driade·
949 5139 1119 5203 mittuntar,
1136 5135 1252 5192 stellio
1268 5142 1381 5208 apparet
1404 5132 1544 5190 evidenter
1567 5141 1667 5205 quanta
1680 5150 1746 5206 pru·

102 5230 156 5288 cim
172 5228 382 5285 monachiscum
390 5227 491 5298 priore,
503 5226 548 5298 qui
559 5241 688 5281 numerus
703 5225 828 5283 conuenit
838 5240 899 5281 cum
949 5225 1040 5282 dantia
1054 5224 1172 5297 polleret
1190 5224 1225 5280 a.
1244 5224 1274 5278 P.
1306 5222 1411 5295 Guigo,
1428 5230 1454 5278 et
1474 5237 1557 5295 quam
1579 5230 1659 5294 aptus
1672 5231 1746 5279 esset

101 5333 218 5376 numero
233 5318 304 5373 hicn
319 5317 351 5373 tt.
363 5316 443 5371 Patre
453 5315 578 5388 Guigone
589 5330 729 5386 expresso.
746 5313 898 5386 lteperiun-
949 5314 1090 5372 adomnia
1105 5313 1223 5369 discrete
1242 5306 1411 5384 disponenda
1425 5318 1452 5367 et
1465 5310 1649 5382 praevidenda.
1666 5311 1745 5368 lteci·

99 5414 146 5465 tur
160 5415 250 5463 tamen
265 5421 320 5461 uon
335 5420 439 5476 paucas,
456 5420 517 5476 quae
540 5410 611 5472 octo,
628 5418 727 5460 novem
741 5409 788 5458 aut
802 5402 897 5459 decem
947 5403 1093 5475 piebantur
1115 5401 1225 5474 quidem
1254 5407 1317 5457 tunc
1337 5414 1461 5466 munera,
1484 5414 1549 5456 nam
1566 5398 1746 5471 deprecanti

101 5503 205 5553 tantum
217 5494 368 5550 monachos
395 5493 505 5549 habent.
530 5491 585 5549 Sed
611 5489 776 5548 omnimodis
804 5490 898 5549 conari
946 5491 1076 5564 loquitur,
1092 5490 1141 5546 sed
1155 5488 1337 5547 cessationem
1346 5487 1454 5545 illorum
1474 5486 1746 5560 praevidens,otnnia

101 5584 235 5645 debemus
249 5589 279 5639 ut
292 5582 327 5639 ad
341 5597 486 5641 numerum
513 5579 591 5640 illum
631 5578 761 5640 tredecim
798 5593 897 5637 mona-
947 5578 1068 5653 deponit
1090 5593 1124 5637 ac
1143 5577 1235 5649 sijum
1254 5582 1421 5636 ιιιιιιιιιι.
