3742 5986
162 264 214 320 llll)
442 262 471 318 S.
491 256 668 318 BRUNONIS
686 254 1012 316 clamastartotttttt
1029 253 1273 313 [Nsrtt'tttottts
1291 253 1368 313 ortt.
1389 253 1478 312 PARS
1495 255 1529 311 Π.
1761 253 1833 308 500·

161 400 259 458 opera,
278 385 350 458 quod
364 386 461 442 omnic
481 385 625 457 subjecisti
644 384 693 441 sab
714 383 830 456 pedibas
843 379 965 439 ³64
977 378 1090 442 Anullo
1105 378 1314 452 glorificaretur,
1329 380 1459 436 damnato
1479 377 1600 434 homine.
1619 377 1656 432 Et
1670 391 1735 433 cum
1749 393 1819 449 pro-

160 475 232 546 ajar,
242 473 271 529 id
286 480 327 529 est
339 473 392 544 ipsi
406 472 525 544 plenaria
536 472 715 541 subjectione.
725 472 820 527 Posset
835 467 908 526 enim
923 485 966 523 su·
1015 475 1076 538 pter
1091 469 1177 524 Deum
1194 467 1413 542 glorificandum,
1429 474 1456 523 et
1469 482 1519 539 per
1537 468 1624 522 Deum
1640 465 1711 522 lacte
1726 473 1820 522 essent

158 563 251 634 perior
267 578 329 618 esse
343 561 474 634 dignitate
491 579 499 628 ;
515 560 588 633 quod
607 575 662 616 non
673 558 902 616 tameninieriora
916 556 965 612 ali·
1015 556 1115 624 omnia,
1133 557 1277 613 consilium
1301 557 1360 626 ejus
1378 554 1487 627 impleri
1510 554 1639 626 oportuit,
1655 562 1684 609 ut
1710 551 1819 627 glorifi-

161 666 215 722 qua
225 650 394 720 subjectione
410 657 502 713 essent
512 648 538 705 ei
547 648 673 704 obnoxia.
685 647 766 703 blodo
776 645 877 702 Paulus
892 645 965 718 quod
1015 653 1122 700 caretur
1133 645 1162 700 in
1177 645 1318 714 creaturis,
1334 661 1379 714 ne,
1396 660 1451 699 non
1474 643 1619 715 providere
1643 641 1761 699 salutem
1776 642 1819 698 his

161 739 249 796 Dauid
264 739 301 794 ait
315 741 412 794 omnia
426 737 579 809 subjecisti,
603 735 741 809 quomodo
755 734 964 806 intelligendum
1016 750 1076 805 quae
1091 732 1205 804 fecerat,
1224 734 1376 790 absurdum
1390 740 1474 789 esset.
1499 732 1704 791 consummatio
1719 729 1820 787 Christi

162 827 209 893 sit,
231 827 341 898 exponit
377 826 481 895 dicens,
503 825 540 880 ait
561 824 672 881 David:
693 823 790 881 Omnia
814 822 964 893 subjecisti.
1015 820 1042 875 in
1067 823 1267 879 resurrectione
1290 821 1394 893 incipit,
1424 819 1620 893 perfectionem
1644 817 1820 876 babiturain

163 914 196 970 la
205 930 237 970 eo
251 919 348 971 autern
364 913 436 987 qaod
450 912 589 984 Scriptura
603 913 733 984 sabjecti,
749 911 778 968 id
792 920 833 967 εει
847 910 965 967 ostendit
1014 910 1060 966 die
1071 909 1175 978 judicii,
1192 910 1302 982 quaudo
1316 910 1409 966 omnia
1429 909 1606 979 subjicientur
1620 908 1655 965 ei.

164 1002 287 1071 subjecta
302 1003 447 1068 eiomaio,
464 1001 660 1057 aibildimisit
674 1016 733 1056 aaa
755 1000 913 1072 subjectam
928 1001 964 1066 ει,
1051 999 1150 1054 Probat
1174 999 1248 1071 quod
1271 999 1362 1055 decuit
1389 1013 1582 1055 consummare
1605 997 1745 1053 Christum
1769 1012 1820 1069 per

164 1089 229 1162 quia
241 1089 287 1144 ubi
303 1090 338 1145 ait
363 1091 459 1146 omnia
482 1088 549 1144 nihil
574 1088 682 1160 excipit.
708 1088 737 1143 Si
750 1088 823 1143 enim
838 1087 964 1154 habetur,
1016 1086 1171 1157 passiones,
1187 1087 1251 1159 quia
1266 1087 1390 1144 dicerent
1401 1087 1442 1142 illi
1466 1087 1532 1141 satis
1556 1086 1689 1142 indecens
1704 1100 1768 1142 esse
1791 1092 1821 1140 ut

164 1179 289 1250 superius
300 1178 438 1251 iungitur.
455 1177 590 1233 Benedico
611 1176 707 1232 orbem
723 1176 843 1232 laturum
859 1174 966 1230 Christo
1017 1175 1090 1246 quod
1103 1183 1197 1231 auctor
1211 1183 1270 1231 erat
1284 1175 1390 1242 salutis,
1407 1175 1449 1231 cui
1461 1174 1550 1231 omnia
1564 1174 1695 1230 deberent
1710 1173 1818 1243 subjici,

166 1266 328 1335 subiectum,
346 1266 410 1337 quia
425 1266 453 1321 in
468 1281 501 1320 eo
519 1265 594 1337 quod
614 1264 728 1334 subjecit
742 1263 768 1319 ei
782 1262 883 1328 omnia,
899 1261 967 1317 nibil
1017 1277 1079 1336 eum
1094 1262 1122 1316 in
1141 1262 1307 1334 ignominias
1321 1262 1456 1334 passionis
1484 1263 1633 1334 deponere.
1658 1261 1736 1319 Unde
1757 1261 1818 1317 ait:

164 1354 267 1411 dimisit
283 1370 337 1409 non
352 1354 501 1422 subjectum
508 1353 543 1409 ei.
559 1353 593 1408 Et
603 1353 667 1408 licet
681 1351 780 1407 dixerit
794 1351 885 1407 omnia
898 1349 966 1406 sub·
1016 1350 1087 1406 Vere
1102 1350 1142 1407 sic
1157 1367 1220 1406 eum
1236 1366 1429 1408 consummare
1457 1366 1512 1407 non
1540 1350 1667 1407 dedecuit
1691 1351 1759 1423 qat'a
1773 1351 1822 1423 qai

161 1442 262 1512 jecisti,
279 1459 357 1498 aaac
381 1449 470 1497 tamen
493 1441 621 1498 nondam
637 1441 764 1497 videmos
779 1439 876 1495 amaia
904 1453 966 1494 esse
1016 1439 1180 1508 sanctificat
1190 1438 1400 1511 praedestinatos
1410 1439 1446 1495 ad
1456 1439 1582 1512 gloriam,
1593 1437 1673 1495 idest
1683 1437 1819 1506 Christus,

165 1531 292 1600 sabjecta
307 1532 343 1596 ei,
366 1546 450 1601 quare
470 1529 594 1585 dicebam
620 1528 740 1585 laturum
764 1527 914 1596 subjectum
930 1526 964 1581 ci.
1016 1529 1045 1582 ει
1060 1527 1108 1599 qai
1117 1528 1348 1597 sanctificantur,
1360 1527 1389 1582 id
1400 1533 1441 1582 est
1451 1525 1636 1598 praedestinati
1646 1542 1744 1583 omnes
1754 1541 1821 1598 pen-

166 1618 253 1673 Hodie
268 1617 340 1672 enim
355 1618 457 1688 aliquid
479 1616 628 1686 subjicitur,
655 1616 704 1671 sed
723 1615 840 1672 necdum
863 1615 965 1680 omnia,
1016 1615 1080 1670 dent
1095 1632 1132 1671 acc
1142 1632 1208 1685 ano,
1226 1615 1253 1671 id
1269 1624 1310 1670 est
1324 1633 1358 1671 ex
1372 1617 1430 1671 Deo
1444 1616 1534 1672 Patre.
1547 1615 1592 1671 Sic
1608 1615 1680 1670 enim
1697 1614 1822 1671 Christus

166 1721 227 1761 cras
242 1706 338 1761 iterum
354 1706 467 1777 aliquid,
485 1713 511 1760 et
525 1705 641 1761 necdum
656 1704 757 1771 omnia,
775 1710 801 1759 et
814 1702 886 1759 istud
902 1718 967 1759 nec·
982 1703 1101 1795 Bhomo
1119 1704 1247 1774 potestati
1255 1704 1305 1759 Dei
1315 1703 1454 1774 subjectus
1465 1711 1515 1769 est,
1528 1702 1597 1760 sicut
1607 1703 1635 1758 bi
1644 1702 1690 1774 qui
1701 1719 1752 1775 per
1760 1719 1822 1759 eum

166 1796 230 1851 dum
245 1794 298 1851 dici
313 1794 420 1865 poterit,
436 1795 525 1850 donec
548 1794 576 1849 in
594 1793 698 1863 judicic
721 1793 804 1849 etiam
819 1791 968 1862 subjicien-
1020 1792 1173 1847 salvantur.
1192 1793 1227 1846 Et
1238 1807 1299 1848 cum
1311 1792 1435 1847 Christus
1446 1809 1479 1847 ex
1489 1792 1548 1848 Deo
1563 1791 1689 1862 pendeat,
1703 1807 1760 1848 non
1774 1791 1823 1847 de-

168 1892 210 1939 tur
222 1883 274 1954 ipsi
290 1883 376 1954 impii.
1021 1880 1112 1936 decuit
1125 1879 1148 1934 si
1163 1879 1297 1950 disposuit
1310 1880 1346 1937 de
1361 1895 1394 1936 eo
1409 1880 1545 1952 quomodo
1560 1879 1611 1941 sibi
1624 1879 1737 1952 placuit.
1752 1880 1823 1936 Pro-

203 1971 361 2042 Opponeret
376 1970 474 2043 aliquis
490 1985 497 2025 ε
523 1970 598 2027 Sicut
620 1971 737 2027 necdum
759 1971 880 2042 subjectu
896 1978 969 2038 sunt,
1020 1967 1064 2022 bat
1080 1969 1153 2039 quod
1168 1966 1341 2025 sanctificans
1356 1976 1383 2024 et
1391 1967 1552 2026 sanctificati
1566 1984 1600 2024 ex
1613 1984 1668 2023 nno
1683 1968 1824 2040 pendeant

167 2061 207 2117 sic
222 2076 273 2116 nec
288 2058 314 2112 in
330 2067 462 2114 aeternum
474 2059 662 2128 subjicientur.
679 2059 721 2114 hd
731 2059 784 2116 hoo
794 2059 893 2115 Paulus
910 2059 971 2115 :Li·
1021 2072 1071 2128 per
1085 2057 1268 2125 auctoritates,
1285 2056 1325 2113 sic
1339 2056 1432 2113 dicens
1448 2072 1455 2111 :
1470 2059 1679 2130 Proptcrpaam
1694 2072 1822 2125 cuasam,

167 2157 211 2205 cet
234 2147 350 2203 necdum
376 2146 498 2215 subjecta
533 2145 587 2201 sint
612 2145 638 2202 ei
661 2146 770 2216 omnia,
794 2154 883 2203 tamen
906 2147 971 2219 quia
1022 2144 1086 2217 quia
1100 2143 1273 2201 sanctificans
1288 2153 1315 2201 et
1330 2144 1489 2201 sanctificati
1504 2162 1537 2200 ex
1551 2161 1606 2201 uno
1620 2152 1692 2211 sunt,
1708 2154 1824 2217 propter

168 2243 274 2307 partem
289 2235 438 2306 prophetiae
451 2235 480 2289 in
495 2248 528 2290 eo
548 2234 712 2306 completam
733 2235 868 2305 videmus,
895 2236 970 2291 scili·
1021 2235 1083 2299 boc,
1100 2232 1223 2305 inquam,
1235 2251 1293 2291 non
1308 2234 1508 2305 confunditur,
1519 2233 1547 2288 id
1562 2242 1603 2289 est
1616 2249 1671 2289 non
1686 2233 1825 2290 erubescit

169 2331 213 2380 oct
227 2331 389 2380 coronatum
403 2323 492 2396 gloria
502 2331 529 2379 et
542 2324 657 2390 honore,
672 2323 739 2380 certi
758 2340 852 2379 sumus
865 2331 970 2394 partem
1024 2321 1142 2379 365
1152 2322 1273 2377 Christus
1284 2325 1548 2394 eosaoccrcsratres
1559 2321 1654 2378 dicens
1663 2321 1692 2376 in
1701 2323 1823 2395 psalmo:

168 2429 229 2485 quae
257 2421 342 2469 restat
362 2412 536 2484 implendam,
562 2411 666 2468 scilicet
686 2420 717 2467 ut
746 2412 923 2482 subjiciantur
945 2412 971 2469 ei
1022 2410 1163 2468 Naatiabo
1177 2427 1281 2468 maaca
1290 2415 1372 2467 taam
1388 2410 1427 2481 (id
1437 2417 1480 2466 est
1489 2409 1724 2468 honorificentiam
1738 2411 1825 2482 tuam)

170 2501 273 2560 omnia.
284 2500 364 2571 Quod
374 2501 410 2555 ita
419 2500 456 2556 ait
471 2501 562 2557 :Eam
573 2502 622 2573 qai
631 2502 842 2558 minoratacast
851 2501 968 2568 modim,
1022 2500 1163 2572 [rattibor
1174 2499 1253 2566 meis,
1266 2505 1292 2554 ει
1304 2499 1423 2556 laudabo
1433 2503 1459 2555 ιε
1467 2498 1573 2570 positus
1582 2500 1614 2555 ia
1624 2498 1824 2557 medioh’ccle-

167 2590 196 2646 id
212 2599 253 2646 est
267 2605 318 2661 per
332 2589 471 2646 modicum
485 2605 569 2662 qaam
594 2591 708 2662 capeli‚·
729 2597 822 2661 posset
842 2590 915 2645 enim
936 2590 971 2645 ab
1022 2591 1073 2645 sioe
1089 2589 1176 2659 (Prot.
1193 2602 1256 2658 xxi,
1270 2587 1327 2657 23),
1345 2588 1421 2659 quasi
1437 2586 1565 2643 columna
1583 2587 1720 2643 sustinens
1730 2595 1757 2644 et
1772 2587 1824 2644 ful-

171 2694 204 2734 eo
220 2677 368 2750 quoderat
392 2677 531 2743 minorari,
557 2684 692 2732 attamen
717 2685 870 2734 remaneret
884 2679 972 2748 major
1024 2677 1100 2733 ciens
1115 2677 1235 2747 domum,
1251 2693 1285 2732 ne
1301 2676 1367 2748 quid
1380 2675 1410 2730 in
1425 2692 1458 2732 ea
1472 2683 1543 2731 mat.
1559 2677 1593 2731 Et
1612 2676 1711 2731 itemm
1726 2677 1824 2748 probat

169 2766 287 2839 angelis,
311 2765 348 2820 ait
370 2765 461 2820 minor
485 2764 572 2821 lactus
596 2781 677 2835 quam
701 2767 800 2838 angeli.
823 2767 903 2835 Eum,
925 2767 970 2822 in-
1022 2764 1096 2820 idem
1111 2765 1267 2820 auctoritate
1281 2764 1357 2820 lsaiae
1380 2765 1517 2836 loquentis
1530 2764 1559 2819 in
1582 2780 1699 2835 persona
1724 2764 1824 2820 Christi

170 2870 263 2927 quam,
280 2854 406 2910 υιάεηιεε
422 2853 478 2922 iam
492 2855 597 2921 leram,
618 2853 703 2909 idest
726 2854 875 2910 salvantem
894 2870 968 2924 suos,
1024 2854 1064 2909 sic
1080 2869 1087 2908 τ
1104 2856 1157 2925 Epo
1171 2852 1296 2909 Christus
1310 2869 1356 2909 cro
1367 2852 1458 2924 fidens
1473 2854 1505 2908 ia
1520 2861 1585 2909 carii
1595 2854 1683 2924 (Psal.
1699 2868 1772 2922 xun,
1784 2852 1823 2925 3),

170 2946 338 3002 coronatam
350 2942 441 3013 glorio
454 2945 482 2997 ει
499 2940 613 3007 honore.
628 2941 712 2996 idest
727 2941 846 2998 claritate
863 2943 972 2998 immor·
1023 2942 1051 2996 id
1066 2949 1107 2997 est
1119 2941 1147 2996 in
1163 2943 1249 2998 Deum
1272 2942 1389 2997 Patrem.
1413 2941 1533 3014 Cumque
1546 2941 1574 2996 in
1598 2943 1687 2998 Deum
1710 2958 1740 2998 se
1752 2942 1826 3000 dicat

169 3031 289 3097 talitatis,
307 3038 333 3086 ει
347 3029 421 3102 quod
436 3045 516 3086 omne
535 3045 607 3101 genu
631 3029 756 3086 flectatur
770 3030 821 3085 illi.
850 3031 971 3087 Corona·
1023 3028 1170 3098 confidere,
1187 3038 1301 3102 apparet
1315 3047 1377 3085 eum
1400 3029 1470 3086 sicut
1483 3028 1552 3085 alios
1564 3046 1598 3086 ex
1612 3030 1671 3086 Deo
1690 3031 1823 3102 pendere.

170 3126 237 3186 tum,
254 3120 376 3191 inquam,
390 3134 445 3174 non
460 3118 519 3173 sine
540 3117 646 3187 merito,
676 3118 724 3175 sed
739 3123 856 3192 propter
869 3121 971 3192 parric-
1021 3120 1057 3175 at
1070 3119 1177 3175 iterum
1190 3119 1289 3190 probat
1302 3119 1375 3191 quod
1385 3117 1558 3175 sanctificans
1574 3126 1600 3174 ει
1615 3117 1777 3175 sanctificati
1791 3135 1824 3175 ex

170 3224 248 3273 aem,
265 3223 325 3279 quae
339 3206 432 3279 passio
450 3221 506 3262 non
529 3206 722 3279 quoquomodo
736 3206 887 3263 tolerabilis
900 3227 907 3274 ;
923 3208 973 3263 sed
1021 3223 1077 3262 unc
1090 3206 1153 3273 sint,
1169 3207 1265 3262 dicens
1278 3206 1307 3261 in
1320 3206 1393 3262 lsaia
1410 3222 1417 3261 ι
1433 3207 1502 3264 Ecce
1513 3223 1559 3279 eqo
1575 3206 1698 3263 Christus
1712 3216 1826 3279 paratus

170 3295 262 3369 passio
276 3297 388 3352 mortis.
404 3294 455 3352 llic
464 3295 523 3363 jam
536 3295 685 3352 ostendere
694 3295 799 3368 incipit,
813 3310 870 3352 non
883 3297 972 3352 solum
1023 3312 1082 3350 suin
1097 3295 1228 3368 obsequio
1238 3294 1289 3352 Dei
1299 3300 1327 3353 et
1335 3296 1418 3368 paeri
1427 3297 1493 3362 mei,
1506 3312 1573 3369 paor
1583 3297 1656 3352 Daas
1666 3296 1744 3353 dedit
1753 3297 1827 3354 milti

170 3392 283 3458 propter
297 3383 447 3455 potentiam
463 3391 491 3440 et
511 3383 643 3440 ultionem
667 3384 794 3440 mandata
808 3385 907 3440 Christi
920 3385 972 3441 de·
1024 3385 1098 3455 (lsai.
1116 3399 1176 3451 vta,
1194 3385 1249 3455 ts).
1270 3383 1322 3442 Ubi
1337 3384 1396 3439 ait:
1424 3386 1493 3441 Ecca
1515 3400 1574 3457 epo,
1599 3391 1626 3440 et
1651 3385 1724 3441 Deae
1748 3385 1826 3442 dedit

170 3474 235 3530 here
250 3472 401 3539 observari,
418 3472 517 3543 sed(ut
530 3471 576 3526 illa
595 3472 846 3544 praetermittamus)
860 3480 973 3546 propter
1023 3472 1094 3529 milti
1108 3472 1226 3529 ostendit
1239 3488 1269 3528 se
1284 3488 1317 3528 ex
1341 3473 1400 3528 Deo
1422 3472 1554 3544 pendere.
1590 3472 1718 3530 Probavit
1751 3474 1826 3546 qnod

171 3560 346 3619 dilectionem
370 3576 425 3633 qua
438 3576 490 3617 nos
510 3560 580 3616 adeo
595 3560 688 3616 dilexit
710 3569 740 3616 nt
759 3577 808 3632 pro
822 3560 974 3618 saluatione
1024 3576 1077 3617 non
1093 3561 1230 3627 dedecuit,
1245 3560 1382 3617 concludit
1395 3560 1477 3617 modo
1501 3561 1574 3633 quod
1595 3577 1647 3633 per
1667 3561 1825 3633 passionem

171 3657 267 3706 nostra
281 3657 396 3706 mortem
406 3648 535 3721 eligeret.
552 3647 701 3704 Minoratus
716 3648 789 3715 ideo,
804 3653 973 3722 atgartorct
1024 3649 1143 3720 oportuit
1158 3650 1296 3706 Christum
1310 3657 1451 3706 auctorem
1474 3665 1536 3706 esse
1555 3650 1650 3706 salutis
1671 3650 1824 3719 bominum,

171 3742 292 3794 mortam
302 3751 352 3809 pro
365 3737 494 3792 omnibus
501 3735 711 3807 praedestinatis,
724 3737 766 3793 vel
781 3753 832 3808 pro
847 3738 974 3793 omnibus
1024 3738 1119 3794 dicens
1134 3756 1141 3793 :
1158 3739 1227 3807 Quia
1243 3738 1368 3794 Christus
1397 3739 1443 3810 qui
1466 3736 1626 3806 sanctificat,
1652 3747 1680 3794 et
1698 3739 1825 3796 homines

172 3824 372 3880 universaliter.
390 3823 509 3878 Pretium
523 3823 597 3878 enim
618 3823 711 3878 datum
730 3833 772 3880 est
799 3825 934 3892 omnibus,
950 3825 975 3881 si
1025 3826 1072 3899 qui
1086 3825 1293 3884 sanctificantur
1307 3844 1340 3883 ex
1355 3844 1409 3884 uno
1427 3836 1499 3884 sunt.
1523 3827 1598 3901 Ergo
1621 3826 1745 3884 Christus
1760 3843 1825 3900 par·

173 3911 267 3979 velint,
284 3910 432 3968 sufficiens.
450 3910 579 3966 Gustaret
592 3911 666 3979 dicit,
686 3920 797 3983 propter
811 3913 974 3969 amaritudi-
1024 3915 1146 3985 ticipuvit
1161 3914 1265 3971 eisdem
1280 3915 1446 3983 hominibus,
1464 3915 1588 3971 similiter
1602 3924 1630 3971 ut
1645 3915 1785 3987 passibilis
1799 3924 1826 3972 et

173 4015 238 4056 nem
252 3999 357 4066 mortis,
374 4015 435 4071 quae
450 3998 562 4053 interius
576 3998 617 4054 illi
643 4000 741 4070 sapuit.
768 4000 817 4056 Vel
840 4009 973 4072 gustaret,
1023 4003 1148 4059 mortalis
1163 4002 1248 4060 lieret.
1264 4005 1300 4060 Et
1314 4021 1399 4077 quare
1414 4005 1460 4077 qni
1484 4002 1634 4061 sanctificat
1652 4003 1826 4078 participavit

173 4088 236 4162 quia
254 4104 330 4144 mors
343 4087 390 4143 illa
405 4087 458 4143 cito
471 4087 641 4159 praeteriens,
667 4087 746 4160 quasi
760 4089 788 4144 in
808 4097 890 4163 gustu
914 4090 973 4158 luit,
1025 4091 1160 4147 eisdem‘l
1178 4092 1239 4149 ldeo
1257 4095 1324 4165 qaia
1345 4095 1431 4165 paeri
1451 4108 1519 4165 quos
1543 4091 1729 4150 sanctificabat
1751 4111 1826 4150 com·

173 4193 229 4232 non
252 4176 393 4232 inebrians
418 4192 469 4247 per
491 4192 606 4231 moram.
636 4176 774 4245 Gustaret,
803 4178 924 4249 inquam,
949 4185 976 4234 et
1025 4180 1250 4237 manicaverunt
1265 4182 1347 4237 catal
1360 4185 1388 4238 ει
1408 4182 1552 4254 sanguini,
1575 4181 1603 4236 id
1618 4189 1659 4236 est
1678 4181 1788 4253 corpori
1801 4189 1828 4238 et
1864 4204 1865 4208 ¹

173 4265 226 4322 boc
250 4266 355 4338 qratia,
372 4265 399 4320 id
416 4274 458 4320 est
470 4281 521 4336 per
534 4264 652 4336 gratiam
666 4268 725 4333 Dei,
750 4266 900 4322 nonenim
923 4267 977 4322 hoc
1027 4268 1135 4324 animae.
1152 4270 1204 4325 Per
1219 4269 1379 4341 sauguinem
1403 4270 1475 4325 enim
1499 4269 1616 4325 animam
1640 4269 1750 4342 accipit,
1772 4285 1827 4327 non

173 4361 363 4425 promeruerat
378 4354 469 4409 homo.
485 4353 550 4409 Ideo
566 4362 688 4426 gustaret
710 4363 826 4411 mortem
847 4372 898 4427 pro
913 4370 974 4411 om·
1027 4356 1100 4427 quod
1115 4357 1150 4412 sit
1164 4357 1265 4425 anima,
1281 4358 1329 4413 sed
1345 4358 1408 4430 quia
1422 4358 1503 4414 sedes
1517 4366 1559 4414 est
1573 4358 1681 4414 animae.
1698 4358 1827 4415 Commu·

173 4441 255 4497 nibus
270 4442 542 4515 qaindecebatcam,
555 4441 635 4498 idest
648 4442 976 4516 Deuml’atrempropter
990 4436 1118 4501 Dnicare
1132 4446 1205 4501 carni
1222 4453 1248 4502 ει
1262 4446 1390 4519 sanguini
1414 4447 1488 4513 dicit,
1513 4463 1595 4504 ueros
1612 4447 1738 4503 homines
1752 4463 1824 4504 esse.

177 4546 260 4602 qaam
274 4528 484 4603 glorificandum
499 4529 569 4586 lacta
584 4538 647 4586 sunt
661 4532 768 4597 omnic,
785 4536 815 4587 ει
825 4549 878 4604 per
892 4548 975 4605 qaam
1023 4534 1056 4589 Et
1080 4549 1166 4605 quare
1193 4533 1316 4590 Christus
1346 4535 1408 4591 ideo
1441 4535 1610 4606 participavit
1641 4535 1828 4592 humanitati?

173 4617 243 4676 facta
257 4626 320 4674 sunt
333 4621 443 4676 omnia.
456 4618 527 4673 Eum
549 4618 611 4675 dico
632 4621 681 4691 qai
703 4619 875 4686 adduxerat,
891 4619 918 4674 id
934 4628 975 4675 est
1024 4621 1088 4695 quia
1102 4621 1180 4692 pueri
1196 4639 1265 4693 qnos
1289 4621 1475 4679 sanctificabat
1499 4623 1623 4680 homines
1645 4631 1742 4692 crant;
1758 4640 1826 4696 pro·

174 4707 351 4764 adducendos
361 4707 719 4777 predestinareratmaltos
728 4708 812 4776 filios,
829 4707 911 4762 idest
925 4709 975 4763 bo·
1024 4717 1129 4781 pterea,
1146 4710 1250 4767 scilicet
1265 4717 1298 4767 at
1311 4728 1362 4783 per
1371 4716 1493 4768 mortem
1506 4727 1558 4783 pro
1578 4727 1726 4783 pueromm
1739 4713 1827 4769 salute

173 4796 262 4853 mines
274 4794 435 4865 justificatos
447 4795 484 4851 od
499 4796 629 4866 gloriam,
642 4794 722 4849 idest
736 4795 772 4850 ad
785 4793 972 4852 salvationem.
1024 4814 1132 4869 passam
1146 4798 1305 4856 destruerat
1315 4803 1445 4874 eamque·
1455 4801 1574 4857 babebat
1583 4801 1738 4873 imperium
1748 4817 1826 4858 mor-

173 4885 254 4952 Eum,
271 4884 393 4955 inquam,
408 4882 524 4940 decebat
538 4886 684 4939 auctorem
699 4884 803 4940 calatis
819 4899 916 4941 eoram
940 4883 975 4938 fi·
1025 4890 1072 4953 tir,
1084 4886 1112 4943 id
1126 4895 1167 4943 εει
1181 4887 1329 4955 diabolum,
1342 4887 1388 4960 qui
1397 4889 1551 4959 imperabat
1564 4889 1627 4961 lege
1641 4889 1739 4944 mortis
1754 4889 1827 4946 omni

173 4969 272 5027 liorum
288 4970 402 5042 (scilicet
422 4969 571 5040 Christum)
594 4987 791 5028 contammata
803 4988 856 5045 per
866 4973 975 5046 portic·
1024 4975 1136 5030 homini.
1152 4975 1212 5031 Nisi
1226 4976 1298 5032 enim
1312 4992 1361 5047 per
1374 4985 1491 5033 mortem
1504 4993 1559 5032 non
1572 4985 1667 5048 posset
1683 4978 1826 5035 destruere

174 5074 242 5114 acm
260 5057 354 5112 mortis
374 5058 443 5114 sicut
458 5058 591 5129 promisit.
614 5059 727 5115 Frustra
748 5059 821 5116 enim
844 5059 917 5117 lacta
931 5077 975 5117 es·
1024 5071 1160 5131 mortem;
1176 5064 1246 5120 mori
1262 5073 1352 5121 autem
1376 5080 1431 5120 non
1446 5074 1549 5136 posset,
1573 5065 1626 5121 nisi
1640 5067 1724 5122 bomo
1740 5065 1824 5134 fieret,

175 5152 236 5200 sent
250 5143 352 5211 omnia,
373 5145 397 5200 si
411 5146 493 5201 homo
507 5161 562 5201 non
577 5146 735 5217 redemptus
750 5147 863 5219 periret.
880 5147 976 5204 Omnis
1025 5157 1053 5209 ct
1068 5153 1130 5208 idco
1153 5153 1271 5223 oportuit
1295 5169 1358 5210 curn
1381 5153 1543 5225 participare
1565 5155 1670 5211 eisdem
1686 5155 1822 5212 similiter.

174 5233 248 5290 enim
263 5236 384 5288 creatura
399 5239 507 5288 terrena
526 5234 629 5290 homini
652 5235 793 5303 deservit;
809 5244 837 5291 ut
851 5237 933 5293 bomo
947 5237 976 5292 in
1026 5241 1099 5297 Deus
1115 5240 1187 5296 enim
1202 5240 1340 5296 hominem
1362 5241 1480 5313 primum
1502 5258 1601 5313 purum
1616 5249 1643 5298 ει
1657 5241 1686 5297 in
1700 5242 1826 5300 libertate

173 5321 228 5378 illis
256 5319 397 5376 materiam
425 5321 525 5377 habeat
553 5322 682 5378 laudandi
709 5325 806 5379 Deum.
829 5324 858 5379 Si
885 5332 975 5381 autem
1025 5329 1137 5396 creavit,
1163 5344 1245 5401 quem
1263 5329 1389 5385 diabolus
1417 5331 1559 5386 seductum
1583 5329 1659 5402 (quia
1681 5331 1827 5403 imperium

174 5409 257 5466 homo
272 5424 328 5464 non
340 5408 502 5477 salvaretur,
523 5409 667 5482 dispositio
690 5411 741 5468 Dei
765 5411 913 5481 falleretur,
929 5413 976 5484 qui
1025 5417 1075 5472 Dei
1090 5425 1281 5490 transgressus
1296 5419 1348 5488 εει)
1364 5418 1479 5489 imperio
1504 5434 1554 5474 suo
1567 5427 1596 5473 ut
1621 5435 1734 5475 serrum
1750 5437 1826 5476 man-

174 5505 287 5590 propter
307 5513 338 5558 se
369 5495 581 5574 glorificandum
603 5497 708 5558 lecerat
731 5499 841 5571 omnia,
857 5516 919 5560 cum
948 5502 976 5561 ic
1024 5505 1135 5577 cipavit.
1151 5506 1240 5564 Homo
1253 5513 1345 5564 autem
1359 5514 1504 5580 cormptus
1518 5522 1569 5579 per
1590 5515 1736 5583 peccatum
1750 5509 1824 5568 nulla
