3742 5986
51 193 107 247 lta
364 187 555 246 axcosfflo
578 188 616 244 lN
637 183 828 244 EPlSTOLAS
851 183 964 242 PAULI.
984 215 1019 229 -
1039 188 1077 245 IN
1094 188 1202 246 EPIST.
1221 189 1233 246 l
1251 189 1298 246 AD
1317 188 1397 246 COR.
1652 193 1704 250 l'll

52 316 226 372 credendum
240 322 281 371 est
295 316 383 371 Deum
396 314 492 371 leviter
513 313 663 385 reprobare
677 328 738 381 nos,
754 310 853 383 quibus
867 310 1003 371 aeorum
1017 311 1225 387 beneplacitum
1239 319 1282 371 cst
1299 317 1352 372 Deo
1367 336 1377 383 ;
1393 313 1456 387 quia
1469 313 1618 387 peccando,
1635 315 1706 373 datis

55 405 234 476 baptismum,
256 403 337 460 fidem
360 412 387 461 et
410 412 512 461 caetera
530 410 702 459 sacramenta
726 399 856 457 Ecclesiae
906 403 1083 458 sacramentis
1097 403 1225 475 indignos
1240 404 1413 460 selecerunt.
1426 404 1705 476 Vereplureseorum

55 493 182 563 contulit,
213 493 317 549 etiamsi
344 493 443 562 injuste
465 492 611 564 aliquando
626 491 711 546 simus
735 487 851 560 operati.
907 506 962 546 non
976 492 1135 562 placuerunt
1149 494 1222 561 De03
1232 511 1300 549 stom
1310 495 1450 566 prostrati
1461 497 1529 549 suot
1540 493 1703 553 indecoris.

56 583 161 639 Contra
175 583 228 638 hoc
252 582 349 637 Paulus
373 582 471 653 probat
492 580 560 636 nihil
582 579 674 635 valere
695 577 857 634 adsalutem
907 589 1087 651 provocantes
1102 598 1226 653 superse
1242 583 1310 637 iram
1326 582 1376 637 Dei
1387 583 1457 638 male
1472 583 1632 655 agendam
1647 583 1706 638 truc

55 679 239 738 sacramenta,
256 671 279 726 si
294 671 383 726 desint
397 670 470 725 bona
484 685 576 740 opera.
593 670 685 724 Patres
708 666 781 722 euim
801 667 857 721 Ve·
907 669 1037 740 predicta
1056 685 1110 725 non
1132 670 1219 726 solum
1243 686 1328 726 causa
1346 687 1439 726 eorum
1455 674 1534 743 sacto
1557 676 1636 741 suot,
1657 669 1707 726 sed

56 759 125 816 teris
138 759 302 815 Testamenti
324 758 423 814 eadem
446 774 506 830 quse
529 758 662 812 babemus
683 755 711 810 in
732 754 856 818 veritate,
908 758 990 814 etiam
1004 760 1037 814 in
1050 760 1257 831 fipurooostri.
1281 761 1312 815 la
1336 760 1461 816 omuibus
1476 760 1549 815 euim
1570 759 1707 831 praedictis

57 848 215 905 habuerunt
229 848 258 902 in
279 846 367 919 ligura
383 865 390 913 ;
405 846 454 902 sed
478 845 541 918 quia
564 845 636 900 male
657 843 760 916 operati
776 849 857 908 sunt,
909 845 1023 918 figurata
1050 856 1092 903 est
1105 848 1205 904 veritas
1234 858 1475 919 sacramentorum,
1502 865 1562 921 quae
1576 849 1640 904 data
1664 855 1707 905 est

56 952 114 992 nou
136 936 299 1009 profuerunt
313 936 369 991 illis
382 942 572 1000 sacramenta;
584 934 623 989 sic
637 948 688 989 uec
698 931 778 988 nobis
792 945 859 1002 pro·
909 936 989 992 nobis
1003 953 1053 1008 per
1068 937 1213 992 Christum.
1231 938 1295 993 Ideo
1310 938 1337 992 in
1352 936 1441 1011 figura
1454 938 1541 993 nostri
1551 939 1624 994 lacta
1633 944 1705 1005 sunt,

58 1026 172 1090 derunt,
188 1026 212 1081 si
236 1025 311 1080 mala
335 1023 437 1080 luerint
458 1039 543 1095 opera
565 1030 669 1078 nostra.
693 1021 792 1076 littera
821 1019 860 1074 sic
909 1030 943 1082 at
957 1027 1114 1082 pensiones
1129 1028 1359 1099 concupiscentes
1374 1027 1708 1095 matorum,stcutctilli

56 1115 183 1186 jungitur
199 1129 206 1169 :
223 1115 373 1184 Propterea
394 1120 536 1183 tantopere
554 1111 710 1179 laborare
729 1108 860 1180 reprobus
910 1114 1049 1170 multoties
1065 1114 1136 1170 mala
1150 1117 1368 1188 concupierunt.

59 1202 177 1260 efficiar.
194 1203 280 1258 Video
295 1201 369 1258 enim
383 1216 438 1256 non
453 1200 518 1255 mihi
541 1197 667 1255 sulficere
682 1206 795 1269 accepta
814 1211 861 1251 sa-
946 1204 996 1261 Hic
1010 1204 1109 1259 Paulus
1124 1221 1153 1260 se
1168 1204 1263 1260 inserit
1278 1204 1327 1274 eis,
1344 1212 1373 1260 ut
1396 1205 1493 1261 melius
1507 1221 1555 1262 eos
1577 1205 1708 1274 retrahat,

59 1301 211 1358 eramenta,
222 1292 245 1346 si
255 1291 392 1349 defuerint
400 1306 484 1362 opera
496 1288 744 1362 ;quemadm0dt1m
754 1302 805 1342 nee
813 1301 862 1357 pa·
910 1300 1022 1364 peccata
1037 1308 1153 1364 quorum
1168 1292 1359 1364 compatiendo
1378 1310 1426 1349 sua
1441 1293 1513 1350 lacit.
1528 1295 1609 1351 Nunc
1632 1311 1710 1366 quae-

58 1383 150 1437 tribus
165 1380 268 1437 nostris
279 1381 330 1435 sub
345 1380 436 1435 Veteri
451 1394 505 1434 non
522 1376 696 1442 suffecerunt,
713 1376 776 1448 quia
791 1374 863 1429 male
912 1377 974 1431 dam
988 1385 1102 1448 peccata
1116 1377 1272 1433 Judaeorum
1296 1378 1412 1449 reponit,
1428 1396 1488 1450 quae
1511 1378 1579 1435 vidit
1601 1379 1629 1434 in
1653 1379 1710 1435 Co-

61 1470 170 1542 operati
185 1478 258 1525 sunt.
275 1467 355 1538 Quod
365 1476 393 1523 ut
408 1467 533 1535 videatis,
549 1467 615 1522 nolo
629 1482 675 1521 vos
690 1467 831 1536 ipsorore,
847 1479 863 1519 o
912 1466 1017 1520 rintbiis
1030 1483 1101 1534 esse,
1118 1466 1212 1522 dicens
1229 1484 1235 1521 :
1251 1468 1292 1521 Ne
1308 1467 1368 1522 sitis
1384 1467 1609 1539 concupiscentes
1624 1467 1711 1523 malo·

60 1563 182 1631 fratrea,
194 1560 329 1631 quoniam
337 1560 434 1630 potres
444 1557 558 1624 norim„
569 1555 595 1609 id
602 1553 748 1620 estludaei,
758 1552 803 1624 qui
812 1567 863 1607 nos
912 1571 984 1621 rum,
998 1555 1110 1625 scilicet,
1127 1571 1216 1628 neque
1239 1553 1393 1611 efficiamini
1416 1555 1576 1613 idololatrae.
1592 1556 1643 1613 llic
1654 1557 1711 1626 jam

60 1648 89 1703 in
105 1648 183 1704 cultu
199 1647 250 1702 Dei
263 1653 475 1718 precesserunt,
492 1652 518 1700 et
531 1643 690 1708 docuemut,
706 1649 733 1697 et
745 1656 898 1731 quorumB
913 1651 1021 1715 separat
1035 1661 1064 1700 se
1075 1644 1110 1699 ab
1124 1644 1178 1698 illis
1192 1644 1291 1716 quibus
1312 1644 1340 1699 in
1355 1644 1507 1701 idololatria
1521 1661 1576 1701 non
1592 1661 1710 1702 consen-

61 1735 161 1810 figurae
187 1735 328 1791 veritatem
352 1742 474 1789 nostram
502 1748 634 1806 genuere.
660 1731 711 1800 llli,
740 1730 860 1801 inquam,
913 1733 957 1798 sit,
967 1749 1012 1798 ne,
1023 1732 1146 1805 inquam,
1157 1734 1221 1789 sitis
1231 1733 1390 1790 idololmroe
1402 1735 1477 1790 sicut
1489 1735 1602 1807 paidom
1612 1751 1709 1793 coram
1765 1768 1770 1777 -

59 1833 276 1898 patresomnes,
290 1823 364 1878 nullo
374 1829 511 1893 separat0,
523 1819 793 1892 [cameracencis.
805 1818 862 1873 Nu·
912 1821 1031 1877 luerunt.
1047 1821 1178 1877 Corinthii
1192 1830 1281 1878 autem
1305 1822 1456 1879 idololatrae
1471 1831 1547 1878 erant
1564 1841 1571 1890 ;
1588 1823 1650 1896 quia
1665 1822 1709 1880 vel

60 1915 111 1971 bes
124 1914 175 1969 illa
191 1929 252 1985 quae
275 1912 347 1967 iuter
369 1910 511 1982 AEgyptios
534 1918 561 1965 et
581 1910 690 1965 ludaeos
705 1907 792 1979 posita
813 1905 864 1961 luit
913 1910 1145 1983 suijeneratione
1155 1911 1222 1966 idoli
1230 1911 1381 1983 idolothyta
1391 1911 1587 1979 comedebant3
1604 1911 1710 1968 velnon

61 2018 152 2076 usque
167 2002 202 2058 ad
217 2016 294 2056 mare
308 2001 440 2066 Rubrum,
466 1997 630 2071 significavit
644 1997 764 2077 divinam
778 1995 863 2050 mise·
912 2007 1039 2057 curantes
1053 1981 1193 2056 offendere
1214 1999 1327 2056 lratrem
1341 2001 1533 2057 manducando
1547 2001 1707 2073 idolothyta,

62 2091 223 2157 ricordiam,
239 2106 302 2161 quae
326 2089 536 2145 catechumenos
555 2086 684 2159 protegit,
704 2086 792 2140 donec
813 2100 862 2140 re·
912 2103 996 2146 causa
1010 2097 1086 2143 erant
1101 2105 1184 2161 quare
1207 2087 1330 2145 infirmus
1352 2088 1438 2145 irater
1459 2088 1602 2145 idololatra
1625 2097 1708 2158 esset,

60 2181 137 2236 aiant
151 2179 185 2234 ad
202 2177 377 2249 baptismum.
394 2177 428 2231 Et
448 2193 545 2233 moses
558 2182 650 2246 patres
663 2173 749 2230 nostri
765 2177 863 2229 traps-
913 2187 940 2234 et
954 2178 993 2234 sic
1006 2178 1040 2234 de
1054 2178 1208 2234 idololatria
1221 2178 1401 2235 accusabiles.
1427 2178 1579 2235 idololatra
1600 2177 1710 2235 luerunt

59 2271 161 2326 ieram
171 2284 251 2323 arare
262 2267 396 2336 Rubrum,
404 2265 439 2320 ita
450 2273 477 2321 et
485 2280 535 2321 nos
545 2261 863 2335 omncsperbapiismum
913 2266 1023 2340 quidam
1037 2266 1202 2334 Judaeorum,
1219 2268 1454 2340 quemadmodum
1468 2267 1503 2322 de
1514 2267 1554 2322 eis
1569 2268 1710 2340 scriptam

61 2357 212 2413 transimus
227 2376 235 2423 3
249 2361 382 2412 etampes
396 2362 489 2426 patres
512 2353 599 2409 nostri
615 2353 647 2408 in
668 2352 766 2424 Mopse,
780 2351 808 2405 id
822 2357 864 2406 est
913 2355 991 2412 estin
1000 2355 1096 2412 Exodo
1105 2372 1112 2410 ι
1121 2355 1489 2428 Seditpoputusludaeorum
1498 2355 1728 2435 manducarem·

59 2446 87 2504 in
102 2446 239 2518 regimine
253 2444 339 2516 moysi
349 2443 573 2517 baptizassent,
585 2441 614 2496 iu
624 2448 666 2496 est
677 2439 791 2512 protecti
801 2447 863 2494 sunt
913 2445 1012 2510 bitere,
1029 2461 1089 2517 quae
1101 2443 1312 2501 immolaverunt
1325 2445 1407 2501 vitato
1424 2444 1711 2515 centurbienses

61 2537 89 2592 in
111 2536 197 2601 nube,
223 2540 366 2605 separante
390 2548 438 2588 eos
459 2532 494 2586 ab
516 2530 659 2604 AEgyptiis‚
685 2536 711 2585 ei
730 2529 758 2583 in
779 2527 863 2583 matis
912 2537 1104 2596 surrexerunt
1119 2532 1215 2589 tardere
1230 2533 1331 2605 (Exod.
1347 2549 1440 2601 xxxii,
1453 2536 1491 2606 6),
1507 2533 1712 2590 idestchoreas

61 2623 188 2681 transitu.
205 2622 348 2696 Bcpticots'
362 2620 436 2689 dicit,
461 2635 522 2676 cum
547 2634 598 2675 nec
620 2618 672 2673 ista
696 2633 747 2673 vox
760 2616 795 2672 de
809 2615 863 2671 iliis
914 2621 1025 2692 ducere,
1042 2628 1069 2677 et
1083 2629 1183 2678 caetera
1197 2637 1291 2678 coram
1306 2621 1390 2678 idolo.
1406 2622 1455 2679 Vel
1479 2629 1653 2678 surrexerunt
1666 2620 1710 2677 lu·

63 2722 128 2770 tunc
141 2713 217 2768 dicta
230 2711 275 2778 sit,
290 2725 343 2767 nec
356 2725 432 2765 mare
446 2708 513 2763 illud
520 2707 621 2765 veritas
632 2705 757 2777 baptismi
772 2704 862 2772 luerit,
913 2710 989 2776 dere,
1004 2710 1033 2765 id
1047 2718 1088 2765 est
1102 2709 1205 2766 idolum
1220 2710 1337 2767 adorare
1353 2729 1360 2766 ε
1378 2711 1451 2784 quod
1465 2710 1545 2766 ludus
1569 2718 1595 2767 et
1609 2708 1711 2766 derisio

62 2799 232 2875 quiasrgura
246 2806 360 2865 tantun,
376 2799 426 2853 sed
447 2812 548 2853 nomen
569 2794 731 2868 significatae
745 2794 797 2860 rei,
812 2809 863 2865 pro
914 2798 1057 2854 videbatur
1080 2799 1114 2854 de
1135 2799 1187 2865 his,
1217 2799 1263 2871 qui
1285 2816 1335 2871 per
1355 2808 1394 2855 tot
1412 2799 1542 2856 miracula
1566 2808 1643 2855 erant
1666 2798 1711 2854 in·

64 2891 125 2963 ipso
137 2886 311 2962 significante
325 2885 401 2959 ponit
416 2905 425 2953 3
440 2885 503 2958 quia
526 2883 753 2956 quemadmodum
774 2881 813 2936 illi
836 2881 863 2935 in
914 2887 1564 2961 structi.Nequesoroicemar,sicutpuidamec
1575 2890 1712 2960 ipsissor·

62 2980 166 3037 ducatu
180 2976 268 3048 lloysi
283 2975 400 3048 protecti
413 2981 485 3042 sunt,
501 2974 583 3047 longe
605 2972 703 3028 melius
725 2988 776 3028 uos
795 2972 864 3027 duce
914 2977 1006 3033 amoti
1020 2980 1089 3033 sant
1103 2991 1165 3033 cum
1174 2976 1336 3045 lladiauitis,
1348 2981 1376 3032 et
1386 2985 1534 3049 propterea
1544 2976 1710 3034 ceciderunt

64 3067 175 3125 Christo
186 3064 356 3137 protegimur
374 3064 403 3119 in
426 3063 570 3134 baptismo,
585 3061 613 3116 in
638 3076 690 3133 quo
704 3060 783 3116 uobis
796 3075 864 3131 pec·
881 3031 1019 3137 coaptati
1034 3067 1090 3122 trio
1104 3064 1199 3122 mittio
1222 3065 1317 3137 (Num.
1333 3080 1405 3133 xxv,
1423 3069 1459 3138 t).
1475 3064 1631 3122 Fornicatio
1651 3072 1712 3121 erat

64 3164 123 3212 cata
139 3154 264 3221 remittit,
279 3161 306 3208 et
319 3153 435 3208 liberum
456 3150 596 3207 arbitrium
620 3157 743 3204 nostrum
757 3147 865 3205 coulor-
914 3153 942 3208 iu
958 3153 1114 3223 Corinthiis,
1129 3153 1196 3208 utin
1220 3170 1254 3210 eo
1278 3154 1324 3227 qui
1349 3155 1463 3210 duxerat
1481 3170 1594 3210 uxorem
1616 3152 1711 3224 patris,

65 3252 102 3301 tat
115 3252 148 3300 ut
161 3242 250 3315 possit
271 3241 398 3297 resistere
420 3240 529 3296 diabolo
550 3240 619 3295 male
641 3237 776 3294 suadenti.
801 3236 865 3292 ideo
915 3243 993 3312 quus
1006 3258 1057 3314 per
1071 3257 1235 3299 consensum
1250 3242 1297 3298 alii
1311 3252 1387 3298 erant
1397 3243 1448 3299 rei,
1461 3244 1554 3315 licque
1568 3245 1712 3299 tentemus

64 3332 209 3398 etiamad,
226 3331 364 3403 baptisati
377 3332 447 3386 subt
463 3349 472 3398 ;
488 3329 551 3401 quia
572 3345 654 3400 quam
667 3326 763 3383 efficax
786 3325 865 3381 nobis
917 3330 1070 3398 Christum,
1085 3332 1160 3387 sicud
1170 3332 1285 3403 puidam
1300 3348 1396 3388 eorem
1410 3335 1603 3400 tentaverant,
1620 3330 1713 3387 dicen-

65 3430 106 3478 θεῖ
129 3419 282 3492 baptismus
303 3417 339 3474 id
362 3418 487 3484 saltuem,
511 3417 550 3473 Sic
572 3424 645 3473 esset
674 3416 713 3471 eis
737 3413 865 3469 transitus
916 3419 1316 3492 tesziNunquidpoteritDeus
1326 3435 1424 3491 parare
1434 3437 1555 3476 mensam
1566 3420 1712 3476 indeserto

65 3510 161 3576 maris,
173 3509 198 3564 si
208 3508 351 3564 credentes
360 3506 494 3562 mandatis
502 3505 551 3561 Dei
558 3505 711 3561 obedirent.
725 3506 759 3560 at
769 3518 865 3560 omnes
916 3510 1003 3580 (Pani,
1019 3523 1128 3575 nnnvn,
1159 3509 1203 3579 ta)
1221 3529 1232 3559 a
1250 3517 1277 3564 nt
1291 3509 1330 3563 illi
1345 3508 1511 3581 perierante
1526 3507 1712 3580 serpentibus,

64 3607 158 3671 patres
171 3596 259 3652 nostri
272 3595 518 3652 manducaverunt
534 3594 775 3658 accasamentis,
786 3590 866 3646 idest
915 3598 1110 3653 venerantibus
1124 3614 1182 3665 eos,
1199 3598 1287 3653 donec
1300 3599 1409 3669 Moyses
1431 3604 1587 3668 serpentem
1611 3611 1711 3652 aereum

65 3702 177 3744 manna.
194 3686 295 3741 Escam
309 3683 372 3740 dico
384 3685 578 3756 spiritualem,
603 3683 631 3738 id
653 3690 694 3737 est
718 3678 867 3752 spiritualis
916 3686 1002 3742 erexit
1016 3686 1044 3741 iu
1058 3687 1143 3760 ligno,
1159 3703 1240 3759 quem
1253 3687 1298 3758 qui
1312 3687 1467 3742 Judaeorum
1483 3685 1602 3753 videbat,
1620 3700 1653 3740 ea
1667 3683 1712 3741 die

66 3792 138 3834 escae
163 3773 289 3846 corporis
313 3780 341 3828 et
359 3772 501 3846 sauguinis
521 3771 621 3826 Christi
639 3767 860 3844 significativam·
916 3775 1057 3832 alaesioue
1071 3784 1230 3847 serpentum
1245 3791 1356 3832 securus
1371 3783 1428 3832 erat
1444 3793 1452 3830 :
1469 3775 1514 3847 qui
1537 3790 1653 3847 serpens
1672 3772 1712 3829 si·

65 3867 132 3923 ideo
147 3863 231 3920 etiam
245 3861 412 3933 spirituatem
429 3880 436 3926 ;
452 3861 516 3934 qnia
531 3861 604 3933 qaod
625 3875 688 3916 esca
702 3856 825 3929 corporis
840 3863 867 3911 et
916 3863 1056 3936 gnificavtt
1069 3865 1206 3921 christum
1222 3865 1372 3921 secundun
1384 3864 1588 3931 humanitatem,
1600 3871 1629 3918 ut
1640 3862 1713 3918 idem

65 3951 210 4028 sanguinis
225 3951 323 4007 Christi
339 3950 402 4006 lacit
425 3949 454 4005 in
475 3949 564 4016 nobis,
580 3949 652 4004 idem
667 3947 812 4020 prodesset
827 3945 867 4000 eis
915 3952 944 4007 in
957 3952 1109 4026 Evangelio
1123 3953 1249 4024 perbibet
1265 3968 1271 4008 :
1286 3974 1297 4004 ι
1311 3953 1386 4009 Sicut
1396 3952 1526 4009 exaltavit
1537 3953 1646 4024 Moyses
1656 3967 1714 4007 ser·

65 4045 100 4100 ad
115 4041 234 4098 salutem
248 4054 350 4095 manns
372 4038 447 4105 iilud,
475 4038 498 4093 Si
520 4039 548 4093 in
573 4038 644 4093 b0¹¹0
668 4035 861 4108 peisiiiissessi·
916 4048 1026 4113 pentem
1039 4042 1067 4096 in
1081 4042 1200 4112 deserto,
1222 4041 1263 4099 sic
1286 4049 1394 4114 oportet
1416 4041 1527 4098 exaltari
1542 4040 1638 4096 Filium
1659 4041 1712 4096 lio·

64 4133 128 4190 Non
142 4129 219 4203 quod
232 4128 307 4185 aliud
322 4127 403 4184 luerit
418 4142 500 4200 quam
514 4142 623 4182 manna.
641 4126 675 4180 at
686 4140 782 4182 omnes
792 4123 866 4179 btte-
916 4129 997 4185 minis
1012 4130 1104 4201 (loco.
1120 4146 1160 4200 ιιι,
1177 4133 1233 4202 tt).
1253 4151 1265 4182 ι
1281 4130 1433 4186 Tentabant
1455 4129 1586 4186 Corinthii
1612 4129 1710 4193 Deum,

63 4213 865 4289 matcamdempotumidestaquamlluentemdepetra:
917 4219 982 4274 dum
997 4218 1031 4274 de
1045 4218 1243 4275 resurrectione
1266 4218 1434 4288 dubitabant,
1460 4218 1539 4291 quasi
1563 4218 1638 4273 Deus
1658 4232 1714 4273 non

64 4314 168 4381 tioium
181 4306 459 4377 almipotentem
475 4305 537 4377 (tilia
551 4311 645 4376 poium
665 4300 782 4359 122
800 4315 865 4355 ⁸⁸11·
916 4316 1019 4379 posset,
1037 4307 1168 4380 quidquid
1182 4324 1215 4363 ex
1228 4307 1347 4363 bonitate
1366 4307 1458 4362 vellet.
1476 4308 1568 4380 Neque
1578 4322 1712 4363 marsna-

65 4394 269 4470 gninischristi
280 4393 453 4468 figurantem,
464 4401 491 4448 et
500 4393 611 4449 idemin
620 4390 674 4447 lide
683 4390 817 4447 valentem
827 4388 867 4444 eis
880 4386 1059 4465 Droucritis,
1077 4396 1149 4468 quod
1165 4396 1258 4468 utique
1272 4395 1408 4451 iaciebant
1429 4395 1571 4462 Corinthii,
1597 4410 1713 4469 quorum

64 4487 88 4543 si
102 4478 729 4540 boniessent.Necsemelindebiberunt.sed
739 4478 867 4535 bibebam
916 4485 1024 4557 quidam
1049 4484 1176 4541 dicebant
1200 4485 1312 4540 Paulum
1336 4500 1391 4540 non
1411 4500 1474 4541 esse
1497 4483 1660 4556 apostolum,
1686 4491 1713 4539 et

64 4573 177 4630 ιειίἀιιο
192 4572 226 4628 dc
239 4574 332 4644 petra,
347 4571 431 4626 idest
445 4570 480 4626 de
495 4585 565 4642 aqua
580 4575 706 4624 manante
730 4567 765 4622 (le
788 4574 867 4637 petra
916 4574 1015 4629 similia
1026 4592 1034 4630 ι
1044 4575 1403 4647 sicutpaidamludaeomm
1414 4576 1711 4639 murmoraverustmt

65 4665 258 4734 coauowttiss
271 4675 325 4728 00⁸1
342 4659 406 4732 (1¹11ss
421 4674 585 4731 quocunque
609 4656 683 4711 ibam
698 4656 727 4711 1¹1
746 4655 864 4722 (Ῑθθθῐῑθ,
916 4661 964 4718 lilii
979 4662 1049 4719 Cone
1064 4671 1091 4719 et
1106 4665 1212 4719 Dathau
1226 4670 1253 4718 et
1268 4662 1380 4730 abiron,
1394 4663 1518 4719 dicentes
1534 4663 1709 4734 lloysannon

66 4767 141 4825 aqua
154 4749 204 4805 illa
223 4749 386 4821 sequebatur
404 4748 477 4803 illos.
503 4749 589 4803 Petra
603 4746 664 4802 dico
680 4742 822 4816 spirituali,
838 4741 867 4796 id
916 4767 949 4806 ex
964 4759 1102 4823 precepto
1117 4753 1167 4808 Dei
1185 4767 1348 4809 consecrare
1364 4754 1455 4808 Aaron
1479 4751 1508 4805 in
1529 4749 1710 4821 sacerdotem,

68 4848 110 4898 0⁸²
121 4837 293 4911 Wifiiualem
307 4845 411 4909 peilam
426 4835 563 4891 Chrisifflss
578 4832 760 4908 significanti·
776 4829 867 4900 Quare
915 4841 964 4897 sed
978 4856 1029 4912 pro
1043 4841 1207 4898 exaltatione
1223 4840 1266 4897 sui
1281 4841 1392 4914 generis
1407 4859 1414 4907 ;
1432 4845 1461 4897 et
1476 4841 1536 4896 idco
1560 4840 1711 4910 perierunt

65 4944 122 4985 που
137 4925 236 4993 semei,
252 4925 301 4981 sed
315 4925 443 4982 continue
456 4924 586 4980 bibebant
602 4941 609 4991 3
626 4922 691 4994 (luia
705 4936 760 4976 ¹¹0⁰
770 4918 868 4975 Sflffissii
916 4930 950 4986 ab
964 4933 1200 4998 exterminatore,
1215 4930 1298 4986 idest
1324 4945 1340 4984 a
1354 4928 1523 5002 percutiente
1536 4928 1645 5001 angelo.

65 5016 149 5074 nobis
163 5014 211 5088 qui
225 5013 344 5087 quotidie
362 5013 390 5069 in
406 5021 548 5085 peccatum
572 5011 691 5066 labimur
712 5008 799 5065 semel
820 5025 866 5063 su·
950 5018 1104 5073 Notandum
1119 5028 1160 5074 esi
1174 5018 1256 5091 qnod,
1273 5018 1336 5091 quin
1348 5018 1435 5074 Jndaei
1458 5017 1539 5073 nudes
1558 5024 1645 5084 nnana,
1662 5032 1714 5074 nnn

66 5120 143 5161 mere
158 5103 322 5176 sanguinem
336 5101 446 5170 Christi,
468 5101 530 5174 quia
553 5100 625 5156 sicut
648 5097 769 5171 quotidie
788 5097 867 5154 cadi·
916 5104 1067 5175 spiritualia
1081 5122 1180 5178 capere
1194 5114 1306 5178 possent
1321 5127 1330 5174 ,-
1346 5105 1407 5162 ideo
1421 5105 1449 5160 iu
1469 5106 1626 5163 carnalibus
1651 5121 1715 5160 ser-

66 5210 138 5261 mus,
155 5191 198 5248 sic
208 5191 269 5264 jugi
282 5190 461 5247 medicamine
476 5206 600 5262 egemus.
617 5186 867 5245 Petrooulemilla
916 5192 975 5248 vire
989 5195 1047 5250 Deo
1061 5195 1232 5266 propositum
1253 5193 1303 5250 luit
1322 5194 1385 5250 illis.
1411 5195 1446 5250 Et
1470 5195 1540 5252 sicut
1564 5194 1591 5248 in
1612 5192 1716 5250 carnali

66 5284 140 5340 uude
154 5280 283 5337 manabat
298 5295 379 5352 aqua,
399 5284 463 5336 crat
487 5278 624 5346 Christus,
640 5279 674 5333 de
688 5277 767 5345 cttjus
782 5275 867 5331 latere
915 5283 1044 5339 servitute
1058 5283 1238 5350 offendentes,
1264 5285 1413 5341 secundum
1432 5299 1545 5342 carnem
1559 5280 1714 5355 punieban-

66 5372 144 5428 lluxit
156 5385 231 5442 aqua
244 5376 346 5425 uostrae
359 5367 586 5442 regenerationis.
603 5367 638 5422 Et
648 5366 712 5423 licet
723 5373 762 5421 tot
773 5380 867 5422 sacra·
917 5378 962 5427 tur
975 5391 983 5438 3
999 5373 1039 5430 sic
1054 5381 1080 5429 et
1094 5388 1145 5429 nos
1156 5373 1254 5446 quibus
1269 5372 1420 5444 spiritualia
1435 5374 1497 5429 data
1512 5380 1584 5439 sunt,
1598 5369 1620 5424 si
1635 5369 1663 5425 iu
1674 5369 1716 5426 eis

65 5468 159 5518 menta
166 5455 868 5530 habuerintpntresnostri,tumconooiopluribus
917 5459 1090 5530 offendimus,
1107 5463 1258 5520 secundum
1278 5463 1398 5521 animam
1419 5461 1572 5535 puniemur.
1593 5458 1656 5515 Non
1671 5473 1717 5515 so-
