3742 5986
166 217 221 271 tlt
446 213 476 269 S.
495 210 672 271 multotds
690 208 1015 269 clamosis-toan!
1031 205 1273 264 msmttrottts
1290 207 1369 264 0l’l‘.
1388 207 1478 266 PARS
1493 208 1529 264 ιι.
1763 214 1813 267 lit

167 359 181 388 ι
196 337 311 393 veniens
323 336 358 391 sd
372 351 431 403 ros,
447 335 476 390 in
489 336 656 392 abundantis
677 336 874 392 benedictionis
887 335 1000 396 curi-A
1013 349 1094 404 quem
1104 333 1238 387 honorem
1255 332 1458 403 augmentabis,
1473 331 1615 387 reddendo
1629 331 1814 404 incorruptio-

168 447 183 475 ι
199 427 234 481 sti
247 426 367 481 renium.
379 425 504 481 Obsecro
519 440 589 498 ergo
602 441 663 490 ros,
679 425 789 490 iratres,
805 440 857 496 per
869 423 964 478 Domi·
1012 438 1086 476 nem.
1101 422 1238 477 Honorem
1256 420 1320 476 dico
1335 422 1396 483 Dei,
1417 420 1447 476 id
1466 429 1509 476 est
1522 437 1539 476 s
1554 420 1615 476 solo
1626 421 1686 477 Deo
1700 422 1809 477 datum

169 537 182 562 ι
197 530 264 569 num
285 522 409 569 nostmm
428 515 524 568 lesum
540 514 689 581 Christum,
704 521 732 568 et
745 529 795 584 per
807 512 964 567 charitatem
1012 510 1088 565 Deus
1101 509 1174 564 enim
1187 525 1239 579 per
1251 509 1371 580 gratiam
1383 509 1441 576 dut,
1456 517 1483 564 et
1497 509 1574 563 dabit
1585 510 1658 565 buno
1668 510 1813 580 honorem,

167 624 181 653 ι
198 603 317 673 Spiritus
330 603 427 670 saneti,
444 610 474 655 ut
492 602 628 671 adiurefis
640 618 685 656 rue
698 602 726 655 in
741 601 909 656 orationibus
920 617 966 655 re·
1013 599 1049 653 sd
1064 614 1146 669 quem
1159 597 1350 652 honorandum
1363 596 1494 651 deliciunt
1507 598 1606 652 merita
1620 606 1728 653 nostra.
1746 600 1816 654 Pro-

167 713 180 738 ·
199 691 263 745 stris
276 691 310 744 ad
334 691 432 755 Deunu
449 698 478 743 ιιι
492 690 596 745 liberer
616 690 651 744 ab
673 688 829 744 infidelibus
841 688 888 759 qui
902 695 965 741 sunt
1014 686 1060 740 bat
1074 686 1148 757 quod
1161 687 1198 739 ait
1214 703 1222 739 ι
1237 686 1366 757 Suscepit
1380 702 1429 741 aos
1446 686 1585 741 Romanos
1601 703 1609 740 ι
1624 703 1689 741 uam
1702 686 1817 743 tudaeos

167 802 180 827 ι
197 779 225 833 in
247 779 352 847 ludu,
370 787 398 834 et
415 779 539 850 obsequii
558 778 612 833 mei
627 778 727 833 oblatio
740 785 854 848 accepta
867 775 914 831 ιιι
936 777 965 831 in
1014 782 1042 829 et
1057 774 1184 846 gentiles,
1197 784 1223 829 et
1237 773 1356 844 primum
1369 774 1516 829 deludteis
1529 775 1590 829 ait:
1607 774 1817 830 iererristus

166 890 179 915 ι
194 867 349 922 ierusalem
366 866 429 938 lul..
454 866 660 939 Hierosolymis}
675 866 787 934 metis,
807 873 837 919 ut
856 866 965 920 reniam
1014 863 1135 932 suscepit
1158 878 1218 930 ros,
1241 877 1260 917 o
1280 861 1379 917 ludaei.
1403 863 1475 917 Num
1494 877 1548 935 ego
1574 862 1636 918 dieo
1659 863 1717 933 (cui
1740 863 1818 918 credi

165 978 178 1004 ι
195 956 231 1010 ad
244 972 295 1011 ros
309 956 338 1010 in
362 955 464 1028 gaudio
484 971 536 1025 per
557 955 720 1010 voluntatem
736 954 796 1020 Dei,
811 961 839 1009 et
853 953 966 1024 rein'ge-
1014 952 1134 1021 oportet)
1145 950 1390 1006 Cbristmntesunt
1398 952 1820 1020 ministrumtuissccircumei-

166 1065 180 1094 ι
196 1060 242 1099 rer
255 1044 412 1099 vobiscum.
429 1045 504 1098 Deus
519 1051 611 1099 eutem
624 1043 700 1115 pacis
714 1043 750 1098 sit
762 1058 825 1098 cum
839 1043 966 1099 omnibus
1014 1041 1113 1104 sionis,
1138 1039 1165 1092 id
1189 1048 1232 1093 est
1251 1039 1421 1094 iudeorum.
1445 1039 1571 1094 Christus
1594 1039 1668 1094 euim
1691 1040 1820 1096 minister

166 1131 283 1189 «robis.
298 1134 428 1188 Ameus
1015 1127 1074 1194 init,
1089 1135 1117 1182 et
1130 1127 1210 1199 quasi
1233 1126 1374 1197 apostolus
1393 1127 1559 1192 tudaeorum,
1586 1127 1686 1199 quibus
1709 1128 1739 1183 in
1752 1144 1820 1199 pro·

1015 1216 1074 1287 pria
1088 1231 1204 1287 persona
1219 1216 1385 1285 praedicarit.
1402 1217 1460 1272 Hoc
1473 1224 1566 1271 sutem
1580 1215 1629 1270 tuit
1638 1232 1696 1272 uon
1710 1232 1745 1272 ex
1760 1233 1820 1273 me-

481 1332 640 1374 mo,
1016 1304 1069 1358 rito
1091 1303 1259 1372 ludaeorum,
1284 1304 1334 1359 sed
1354 1309 1475 1377 propter
1491 1305 1640 1361 oeritamn
1653 1306 1715 1371 bei,
1733 1305 1762 1361 id
1776 1314 1821 1361 est

1015 1400 1129 1463 propter
1147 1392 1285 1463 promissa
1307 1392 1368 1447 Dei.
1394 1393 1460 1447 ldeo
1479 1401 1593 1463 propter
1622 1392 1759 1463 promissa
1782 1393 1821 1449 ad

202 1479 245 1533 Αιι
259 1479 312 1532 hoe
336 1476 440 1532 diceret
452 1475 499 1532 ille
512 1475 559 1548 qui
577 1490 652 1531 aanae
667 1475 732 1530 fidei
746 1482 819 1530 esset
834 1491 842 1528 ι
858 1473 886 1529 si
901 1490 965 1547 ege,
1016 1480 1236 1548 conpimmndus,
1251 1480 1279 1535 id
1294 1489 1336 1536 est
1351 1489 1381 1535 ut
1395 1481 1549 1552 peripsum
1563 1489 1654 1537 aetum
1671 1480 1822 1537 coufirma-

168 1566 241 1639 quod
255 1565 349 1637 utique
362 1573 390 1619 tu
404 1563 505 1629 istene,
521 1579 596 1619 sanae
608 1563 672 1619 fidei
682 1580 752 1629 sum,
764 1562 854 1618 omnia
864 1563 968 1617 munda
1017 1577 1110 1622 rentur
1116 1570 1317 1641 promissiones
1324 1573 1452 1641 patrum,
1463 1569 1492 1623 id
1501 1577 1545 1624 est
1554 1568 1632 1625 tacte
1641 1569 1766 1640 patribus
1776 1585 1822 1626 eo-

182 1654 303 1721 ·redena,
319 1653 362 1709 bic
376 1662 465 1708 autem
480 1652 633 1707 infirmatur
646 1652 674 1707 in
695 1651 759 1718 fide,
772 1651 871 1721 justior
885 1665 1005 1749 eausaB
1018 1673 1090 1711 rum.
1113 1657 1163 1712 Vel
1185 1657 1222 1711 its
1237 1676 1245 1711 :
1261 1658 1384 1712 Christus
1406 1657 1532 1712 minister
1551 1657 1602 1712 luit
1618 1666 1734 1729 propter
1748 1659 1820 1714 reri·

168 1742 282 1808 udatur,
299 1750 330 1796 ut
351 1740 475 1795 infirmus
498 1740 606 1795 firmum
626 1747 797 1812 sequeretur,
818 1756 900 1811 quam
914 1756 967 1810 ego
1018 1754 1101 1800 tatem
1118 1746 1179 1810 Dei,
1194 1745 1222 1800 id
1243 1755 1284 1801 est
1307 1755 1418 1817 propter
1441 1745 1651 1817 completionem
1663 1747 1819 1817 promisso-

169 1829 265 1885 firmus
283 1846 416 1902 sequerer
436 1827 621 1885 infirmitatem
636 1829 718 1883 illius.
732 1828 792 1883 Non
810 1827 849 1883 sic
863 1837 914 1893 εει,
930 1827 967 1881 ait
1018 1851 1078 1889 rum
1100 1835 1174 1888 Dei:
1195 1842 1221 1889 et
1239 1834 1274 1888 ad
1298 1832 1501 1890 confirmandas
1522 1850 1574 1906 per
1592 1835 1738 1890 rorimtem
1759 1835 1821 1891 tacti

166 1918 278 1974 Paultss·
294 1918 359 1984 Sed,
383 1917 447 1974 ¹5⁰0!
471 1925 499 1972 ¹¹1
525 1933 601 1973 ⁸²¹²ae
620 1917 683 1972 fidei
698 1917 746 1983 Sis,
763 1917 806 1972 hic
821 1926 911 1972 tutem
926 1916 968 1970 in·
1018 1923 1218 1994 promissiones
1240 1931 1358 1993 patrum,
1384 1922 1412 1977 id
1431 1931 1474 1978 est
1494 1938 1564 1994 quas
1577 1922 1700 1978 iecerunt
1714 1933 1818 1994 patres,

168 2006 265 2073 iirmae,
282 2011 380 2063 tamen
394 2023 445 2063 nos
464 2008 605 2076 firmiores
629 2007 760 2062 debemus
770 2007 925 2072 sustinere,
941 2012 968 2060 et
1021 2010 1050 2065 id
1065 2019 1107 2065 est
1119 2012 1272 2082 prophete,
1284 2012 1553 2082 patresludaeorum.
1563 2012 1720 2067 Deuseuim
1731 2021 1759 2067 et
1772 2029 1821 2083 per

168 2095 285 2168 quadam
299 2094 509 2167 participatione
518 2095 728 2152 inbecillitates
737 2094 919 2162 infirmorum
933 2094 967 2148 ad
1020 2100 1140 2170 seipsum
1162 2100 1333 2170 promiserat,
1357 2107 1386 2154 ut
1406 2100 1524 2155 Abrubae
1545 2109 1571 2155 et
1585 2099 1758 2172 frequentius
1771 2118 1821 2172 per

168 2185 267 2240 melius
277 2183 408 2250 enutrire,
420 2189 449 2239 et
458 2200 517 2239 non
527 2183 659 2238 debemus
669 2183 898 2255 mbisptaccrein
908 2199 967 2237 om·
1018 2189 1179 2259 propbetas.
1199 2189 1329 2243 Probarit
1352 2190 1440 2244 Deum
1462 2189 1616 2259 suscepisse
1638 2189 1762 2257 tudaeos,
1786 2189 1821 2244 ad

169 2272 260 2328 nibus.
272 2272 359 2328 Nobis
368 2287 424 2327 nou
434 2272 527 2343 utique
535 2271 704 2342 placeamus,
717 2270 766 2326 sed
776 2274 968 2344 unusquisque
1020 2277 1095 2348 quod
1109 2276 1280 2348 probandum
1305 2276 1406 2331 nullam
1422 2277 1528 2331 induxit
1540 2277 1742 2343 auctoritatem,
1758 2277 1822 2349 quia

168 2362 282 2434 platta!
292 2361 422 2431 110ῖὶΜο
431 2376 501 2426 ⁸¹⁵0:
516 2369 542 2415 0¹
556 2360 609 2415 ¹¹0⁰
622 2361 654 2415 5²¹
663 2361 751 2426 bono,·
768 2360 831 2432 quia
841 2360 877 2414 td
886 2358 969 2415 aedifi·
1019 2364 1099 2437 quasi
1113 2366 1240 2420 omnibus
1254 2372 1351 2436 patens
1363 2374 1434 2420 erat.
1449 2365 1551 2420 Probat
1564 2365 1636 2420 idem
1646 2365 1682 2421 de
1692 2366 1822 2439 gentibus

168 2450 304 2506 ostionem
322 2449 448 2521 proximi,
473 2449 519 2520 qui
539 2449 688 2504 secundum
707 2448 865 2504 charitatem
880 2447 968 2504 aedifi-
1019 2470 1071 2526 per
1084 2455 1269 2518 auctoritates,
1286 2453 1350 2525 (suia
1364 2453 1488 2508 dubietas
1502 2453 1665 2525 quibusdam
1675 2454 1740 2510 inde
1751 2463 1819 2525 erat,

170 2538 275 2594 candus
298 2544 350 2593 est,
374 2536 460 2593 Nobis
480 2553 535 2593 non
557 2537 651 2609 utique
664 2536 821 2607 placeamus
837 2555 845 2590 :
861 2538 968 2593 etenim
1020 2542 1297 2598 dicens:1)etudaeis
1311 2542 1364 2597 hoc
1377 2541 1450 2598 dico.
1462 2542 1530 2598 Dico
1540 2542 1620 2597 edam
1635 2542 1707 2614 quod
1722 2548 1821 2615 gentes

171 2625 300 2684 cbristus
314 2628 406 2698 (quem
422 2642 473 2698 per
482 2626 573 2683 omnia
588 2625 665 2697 sequi
679 2626 822 2695 debemus)
830 2643 888 2681 non
903 2627 968 2699 pla·
1018 2630 1120 2686 debent
1131 2629 1375 2696 bonorarelteum,
1386 2646 1480 2703 super,
1492 2630 1569 2686 idest
1579 2630 1614 2686 de
1624 2632 1821 2688 misericordia

168 2715 300 2784 cuttsioi,
312 2714 340 2769 id
351 2723 456 2770 estnon
466 2714 605 2771 consensit
614 2713 730 2769 infirmae
740 2714 825 2780 carni,
837 2714 970 2770 sedsicut
1019 2718 1071 2773 sibi
1088 2717 1170 2774 iacta.
1185 2720 1219 2774 Et
1234 2720 1287 2774 boc
1300 2719 1363 2775 dico
1377 2720 1451 2775 siem
1466 2720 1606 2790 seriptum
1620 2724 1663 2775 cst
1673 2719 1701 2774 iu
1709 2721 1819 2792 psalmo

172 2802 251 2861 '19
265 2805 405 2876 seriptum
419 2807 463 2860 est
477 2803 504 2857 in
519 2802 626 2874 psalmo
640 2803 750 2874 (uvat,
773 2803 818 2872 ιθ)
832 2802 870 2857 ait
885 2802 967 2857 Chri·
1020 2809 1107 2876 (Ptol.
1128 2822 1198 2874 xus,
1223 2810 1279 2877 50).
1305 2807 1376 2862 lllud
1399 2816 1547 2878 propterea
1564 2807 1704 2863 inordina
1719 2809 1820 2880 psalmi

169 2899 228 2947 atus
250 2892 286 2948 ad
301 2893 409 2948 Putrem
424 2910 432 2946 :
447 2892 619 2965 improperia
643 2892 901 2964 improperantium
917 2892 968 2946 tibi
1019 2896 1074 2952 rim
1088 2896 1189 2963 hubet;
1204 2912 1257 2951 ror
1280 2896 1339 2951 Filii
1352 2897 1388 2951 ad
1402 2897 1510 2952 Patrem
1526 2912 1533 2952 ε
1548 2895 1572 2951 0
1587 2897 1703 2952 Domine
1726 2898 1819 2965 Pater,

170 2984 291 3057 quadum
303 2983 376 3038 mole
389 2982 555 3039 ceciderunt
564 2996 649 3054 tutti
662 2997 717 3046 me,
734 2988 761 3035 et
774 2979 803 3033 in
817 2987 902 3035 morte
917 2978 969 3034 de·
1020 3001 1074 3058 ego
1088 2985 1240 3054 confitebor
1250 2986 1301 3040 tibi
1313 2986 1496 3056 ingentibus,
1508 2984 1536 3039 id
1551 2993 1592 3041 est
1605 2992 1704 3058 gentes
1719 2985 1820 3042 facium

170 3080 331 3147 presserunt
344 3087 398 3126 me.
415 3070 500 3141 Quasi
510 3071 615 3126 diceret
631 3088 638 3125 ι
654 3068 725 3138 Quia
743 3069 812 3139 ejeci
821 3068 856 3124 de
867 3046 1005 3139 temploc
1023 3072 1147 3129 confiteri
1180 3072 1281 3129 nomini
1303 3081 1358 3128 tuo.
1386 3074 1444 3129 Nec
1466 3073 1555 3129 solum
1583 3072 1744 3141 confitebor,
1772 3076 1822 3131 sed

173 3163 323 3219 rendentes
333 3168 360 3216 et
368 3168 500 3228 ementes,
508 3160 535 3215 in
543 3175 598 3232 quo
607 3159 655 3214 tibi
665 3158 896 3229 improperabant,
905 3157 968 3213 ideo
1023 3162 1105 3217 etiam
1124 3163 1241 3219 cantabo
1266 3169 1293 3217 et
1316 3161 1457 3217 exsultabo
1470 3163 1581 3218 nomini
1596 3167 1655 3220 tuo.
1672 3164 1706 3217 Et
1722 3163 1820 3219 iterum

174 3250 397 3321 adjudicaverunt
412 3247 553 3305 memorii.
567 3247 639 3315 Quid
657 3246 731 3316 iude,
747 3246 969 3318 diceretaliquis,
1023 3251 1088 3306 dicit
1111 3250 1251 3322 Scriptura
1269 3267 1317 3321 per
1330 3251 1428 3305 lsaium
1445 3269 1451 3304 ε
1468 3250 1492 3306 0
1507 3267 1557 3306 ros
1570 3255 1668 3323 uenter
1681 3252 1823 3308 laetamini

175 3340 199 3395 si
212 3340 248 3396 ita
261 3338 392 3410 scriptum
409 3337 473 3394 esti
497 3337 609 3392 llultum
630 3336 733 3408 utique,
760 3338 827 3409 quia
842 3352 973 3409 quecun·
1024 3356 1090 3396 cum
1103 3340 1182 3412 plebe
1196 3341 1257 3410 ejus
1273 3339 1338 3408 (lea.
1352 3355 1393 3408 ιιι,
1410 3342 1465 3410 ιθ),
1482 3338 1509 3393 id
1520 3346 1562 3394 est
1571 3354 1634 3395 oum
1648 3339 1761 3406 Judmis,
1776 3340 1822 3412 qui

176 3445 229 3505 que
245 3430 353 3499 scripta
366 3426 480 3484 suntde
492 3425 654 3493 Christo,ad
668 3430 797 3482 nostram
812 3425 974 3482 doctrinam
1024 3428 1185 3484 dicebantur
1216 3427 1363 3498 peculiaris
1397 3427 1515 3499 populus
1542 3428 1602 3495 liei,
1628 3443 1697 3500 quas
1725 3436 1823 3500 gentes

176 3520 410 3592 sariptcmnt,ut
418 3515 628 3589 perdoctrinam
636 3515 783 3570 babeamus
791 3516 973 3586 patientiam,
1025 3520 1128 3572 trustra
1141 3516 1227 3572 isaias
1241 3516 1367 3573 invitaret
1381 3517 1416 3571 ad
1431 3515 1560 3582 letitiam,
1571 3516 1624 3571 uisi
1634 3517 1824 3573 consideraret

178 3613 208 3666 et
224 3607 252 3663 iu
267 3606 395 3680 patientia
411 3605 559 3661 habeamus
577 3604 800 3661 consolationem
813 3604 975 3675 Scriptura·
1026 3621 1119 3661 earum
1134 3605 1345 3675 susceptionem.
1361 3606 1397 3660 lit
1410 3605 1526 3670 iterum,
1542 3603 1630 3660 David
1639 3603 1673 3659 de
1683 3605 1821 3676 gentibus.

177 3694 476 3768 rum,quaeplurimum
484 3692 558 3747 utilia
569 3699 610 3747 est
619 3691 792 3762 patientibus,
800 3698 827 3745 et
837 3699 865 3746 ut
873 3706 977 3762 perpa-
1028 3695 1129 3750 Omnes
1142 3698 1249 3764 gentes,
1274 3693 1359 3748 idest
1382 3692 1482 3764 singuli
1503 3692 1685 3765 degentibus
1708 3694 1824 3750 laudate

180 3784 301 3840 tieutiam
316 3791 343 3839 et
356 3783 426 3838 hano
440 3780 654 3838 consolationem
661 3780 811 3836 babeamus
819 3796 898 3851 spem
909 3779 977 3834 iutu-
1026 3783 1177 3839 Dominum
1200 3783 1288 3852 (Psal.
1304 3796 1381 3849 cxvi,
1400 3784 1426 3852 l)
1443 3798 1450 3835 ε
1467 3797 1519 3837 nec
1534 3781 1622 3836 solum
1636 3781 1752 3851 laudate,
1774 3782 1824 3839 sed

183 3888 223 3929 rm
232 3870 425 3928 retributionis.
442 3871 476 3925 Et
490 3869 553 3942 quia
566 3868 663 3924 merita
673 3876 765 3924 vestra
780 3875 807 3923 et
821 3868 975 3924 doctrinam
1027 3871 1108 3926 etiam
1117 3888 1252 3942 magnum
1261 3870 1402 3926 ostendite
1413 3887 1477 3926 cum
1489 3870 1618 3942 operibus
1628 3870 1718 3937 bouis,
1728 3887 1825 3928 omnes

181 3976 269 4017 meam
284 3956 473 4015 insufficientia
489 3958 568 4014 video
583 3957 618 4013 ad
628 3958 686 4014 haeo
700 3957 856 4026 obtinenda,
868 3965 932 4028 opto
949 3964 978 4013 ut
1024 3961 1134 4032 populi,
1151 3961 1197 4032 qui
1219 3959 1246 4013 in
1262 3958 1377 4030 singulis
1391 3959 1518 4030 gentibus
1532 3959 1609 4014 estis.
1626 3961 1661 4015 Et
1676 3976 1778 4016 rursus
1789 3960 1824 4015 de

181 4051 265 4118 Deus,
282 4048 360 4103 dator
368 4047 518 4119 patientie
528 4051 556 4102 et
566 4048 672 4113 solatii,
685 4047 731 4103 det
743 4044 922 4106 uobissarere
932 4047 978 4101 id·
1028 4049 1125 4104 eodem
1133 4049 1175 4103 ait
1186 4048 1272 4103 isaias
1289 4067 1298 4103 :
1313 4050 1399 4114 tasse,
1410 4056 1486 4118 pater
1494 4046 1592 4114 David,
1604 4048 1660 4103 erit
1673 4049 1826 4119 radieejus

181 4139 286 4210 ipsum,
303 4144 437 4192 utomnea
447 4150 539 4192 veram
549 4135 734 4207 cognitionem
744 4134 879 4201 habeatis,
891 4142 917 4190 et
927 4135 978 4191 hoc
1028 4136 1150 4210 originis,
1167 4136 1202 4191 de
1216 4153 1268 4208 qua
1283 4145 1410 4192 nascetur
1423 4135 1547 4191 Christus
1567 4138 1615 4207 qui
1629 4141 1763 4208 resurget
1779 4154 1826 4194 ra·

182 4228 215 4284 in
234 4228 420 4295 alterutrum,
447 4232 476 4279 ut
498 4225 571 4297 quod
586 4240 652 4280 sane
668 4225 749 4280 sentit
762 4224 823 4291 iste,
840 4224 938 4280 sentiat
952 4231 980 4279 et
1027 4242 1091 4298 pere
1112 4230 1209 4297 pentes
1224 4245 1234 4280 .·
1249 4230 1276 4280 et
1291 4227 1322 4281 ia
1332 4241 1364 4280 eo
1378 4240 1445 4296 rege
1464 4225 1617 4298 sperabunt
1639 4229 1739 4296 pentes
1753 4226 1822 4295 (lto.

183 4315 231 4370 ille
245 4314 523 4386 econverso.Sapere
537 4313 598 4369 dico
609 4314 769 4379 secundum,
785 4313 861 4369 idest
870 4329 922 4386 per
934 4314 979 4368 te·
1028 4330 1068 4380 xi,
1088 4313 1142 4384 to).
1166 4313 1325 4368 Exsurrexit
1347 4313 1481 4379 Christus,
1500 4313 1564 4384 quia
1578 4313 1653 4368 solus
1667 4313 1797 4369 immunis
1812 4331 1827 4370 a

183 4420 248 4460 sum
263 4402 406 4460 Christum
421 4422 430 4458 :
445 4407 479 4458 ut
486 4419 535 4459 vos
544 4404 694 4459 unanimes
705 4419 762 4459 uno
770 4419 816 4459 ore
824 4410 852 4458 ει
861 4417 915 4457 una
929 4417 979 4457 vo·
990 4409 1017 4468 D
1030 4410 1142 4475 peceato
1156 4403 1227 4458 inter
1241 4418 1346 4458 omnes.
1363 4402 1484 4457 Surrexit
1497 4401 1578 4456 altius
1595 4401 1674 4458 80
1691 4403 1768 4458 tertia
1783 4404 1827 4458 die

184 4491 297 4559 luntate,
314 4499 341 4546 et
355 4491 451 4547 eadem
462 4490 633 4548 confessione
648 4491 840 4560 bonomfieetis
851 4491 939 4546 Deum
953 4493 982 4545 et
1031 4498 1168 4562 resumpta
1178 4490 1390 4561 incorruptione,
1407 4506 1469 4546 cum
1484 4491 1558 4545 Deus
1569 4491 1649 4546 Pater
1658 4490 1733 4546 dedit
1747 4507 1828 4548 omne

191 4584 308 4639 Patrem
320 4581 435 4638 Dotnini
444 4581 538 4637 nostri
551 4583 615 4637 tesu
627 4579 741 4636 Christi.
752 4580 814 4634 Non
825 4579 897 4650 quod
907 4579 982 4633 Deus
1027 4579 1159 4650 judicium
1183 4579 1245 4634 huie
1270 4577 1324 4633 filio
1349 4579 1419 4652 regi.
1445 4579 1543 4634 ldoneo
1567 4587 1596 4633 ut
1609 4595 1659 4634 vos
1673 4579 1828 4651 suscipiatis

187 4678 214 4728 et
228 4672 308 4726 Pater
316 4669 442 4725 diversos
457 4667 621 4742 significent,
638 4667 728 4724 sedin
744 4668 841 4723 eodem
856 4667 981 4722 diversus
1030 4667 1157 4735 invicem,
1175 4667 1222 4723 sed
1238 4667 1300 4738 quia
1324 4683 1376 4723 nec
1397 4666 1499 4722 viribus
1513 4668 1623 4734 vestris,
1638 4684 1689 4723 uec
1703 4667 1828 4724 doctrina

181 4775 278 4818 causas
302 4759 425 4833 assignat
441 4774 447 4814 :
465 4758 559 4814 dicens
582 4772 644 4812 eum
668 4755 902 4812 honorificandum
925 4763 981 4810 tum
1029 4773 1101 4822 meu,
1117 4757 1168 4812 hoo
1189 4754 1319 4828 perticere
1334 4755 1459 4826 potestis,
1474 4772 1574 4827 precor
1596 4764 1624 4811 ut
1639 4757 1712 4813 Deus
1728 4759 1789 4829 spei
1805 4758 1833 4813 in

181 4849 244 4921 quia
259 4850 333 4905 Deus
347 4855 399 4917 est,
411 4854 467 4902 tum
482 4846 546 4918 quia
557 4847 636 4902 Pater
651 4854 692 4901 εει
702 4844 810 4901 Domini
819 4846 884 4899 lesu
900 4844 981 4900 Chri·
1030 4860 1111 4918 quem
1126 4861 1217 4916 spero,
1231 4852 1257 4900 ει
1265 4861 1314 4900 vos
1324 4855 1438 4915 sperare
1446 4844 1563 4914 debetis,
1576 4846 1685 4918 repleat
1696 4862 1742 4901 cos
1753 4846 1831 4901 omni

181 4936 226 5004 ati,
242 4952 388 5008 perquem
405 4935 596 4991 omnebonum
611 4933 735 5006 provenit
748 4933 837 4989 nobis.
1030 4934 1141 5004 paedia,
1158 4933 1185 4987 id
1195 4932 1409 5004 estperlectione
1424 4933 1577 4988 dilectionis
1595 4951 1601 4986 :
1618 4933 1691 5004 quod
1701 4933 1830 5005 gaudium

218 5026 338 5096 Propter
361 5024 441 5095 quod,
467 5023 494 5078 id
519 5032 558 5079 est
581 5031 609 5078 ut
624 5022 741 5094 idipsum
757 5021 877 5093 sapiatis,
895 5030 920 5077 ει
935 5036 981 5078 eo·
1030 5032 1057 5076 ut
1072 5022 1150 5093 digni
1166 5021 1225 5076 sitis
1249 5022 1359 5088 habere,
1376 5022 1481 5092 repleat
1496 5037 1544 5076 ros
1563 5038 1642 5093 pace,
1659 5021 1686 5077 id
1701 5030 1743 5076 est
1757 5022 1832 5077 omni

182 5112 244 5169 dem
261 5112 352 5168 animo
367 5127 474 5184 unaque
489 5111 661 5169 confessione
678 5113 765 5168 Deum
775 5109 981 5179 honorificetis,·
1030 5110 1189 5167 concordia.
1208 5113 1281 5166 Pace
1296 5111 1358 5166 dico
1374 5109 1520 5165 reformata
1538 5111 1569 5165 iu
1585 5110 1732 5177 credendo,
1747 5110 1776 5165 id
1791 5119 1833 5166 est

75 5189 78 5198 ’
182 5201 320 5273 suscipite
334 5216 384 5257 vos
409 5201 540 5269 tenuem,
556 5209 585 5256 ut
600 5201 669 5257 alter
683 5200 798 5256 alterurn
812 5199 885 5255 omni
900 5198 980 5254 beni-
1029 5200 1058 5256 in
1073 5216 1125 5254 unu
1149 5199 1300 5270 eademque
1326 5199 1482 5272 integritate
1507 5197 1581 5264 fidei,
1607 5202 1640 5253 ut
1652 5198 1748 5253 eadem
1763 5198 1833 5254 fides

181 5291 286 5364 gnitate
301 5289 429 5360 suscipiat
445 5306 452 5343 ε
468 5289 503 5344 ud
521 5288 709 5345 instruendum
725 5296 917 5360 supportantes
931 5303 981 5343 vos
1030 5289 1110 5345 iaciat
1132 5304 1227 5360 paoem
1252 5288 1280 5342 in
1300 5288 1390 5342 robis.
1408 5288 1464 5343 Pax
1480 5302 1546 5342 vero
1560 5287 1661 5341 nutriat
1676 5287 1808 5360 gaudium
1824 5306 1832 5342 :

182 5381 211 5438 in
225 5380 394 5437 alterutrum.
423 5378 562 5451 Smatpite
587 5378 658 5446 dico,
672 5380 746 5434 sieut
762 5381 790 5433 et
805 5377 933 5434 Christus
948 5379 980 5432 iu
1030 5377 1207 5451 repleatdico
1215 5377 1365 5448 fietupuee,
1376 5377 1521 5448 etpaudio,
1533 5376 1720 5432 utabundetis
1730 5377 1761 5431 in
1773 5393 1830 5448 spe,

181 5485 281 5545 magna
302 5467 443 5526 altitudine
467 5469 591 5541 suscepit
615 5484 670 5524 aas.
696 5465 821 5537 Suscepit
843 5465 935 5538 utique
948 5467 980 5521 in
1030 5467 1111 5522 idest
1131 5474 1159 5520 ut
1175 5473 1274 5538 quanto
1298 5464 1396 5520 melius
1411 5464 1510 5539 agetis,
1527 5463 1630 5519 firmius
1645 5472 1672 5519 ει
1686 5464 1834 5519 abundan-

181 5559 327 5620 bonortm.
350 5558 446 5616 llouor
467 5556 602 5615 maximus
624 5554 674 5615 luit
697 5554 836 5614 remittere
857 5561 978 5629 peccata,
1030 5555 1084 5613 tius
1093 5554 1261 5630 speretiazet
1269 5569 1305 5611 na
1317 5569 1382 5627 spes
1391 5553 1677 5628 vastraperturbatur,
1689 5552 1833 5611 abundetis
