3750 5984
96 143 151 196 389
400 137 590 197 EXPOSITIO
619 139 657 195 ΙΝ
682 137 874 196 Ertsrouls
900 133 1015 192 PAULI.
1029 163 1064 175 -
1084 134 1122 190 IN
1148 132 1259 192 EPIST.
1288 135 1336 191 ΑΙ)
1355 133 1437 191 COL.
1697 135 1769 205 390>

101 264 240 330 vinnium,
265 262 456 335 conjungimur
487 280 537 335 per
560 263 652 332 iidem,
677 271 730 320 etc.
756 262 811 320 Sed
836 257 1024 334 quiaAserio
1050 257 1176 314 dicantur
1191 275 1207 314 a
1222 258 1315 328 Paulo,
1333 257 1394 315 sic:
1411 257 1478 327 Qum
1501 257 1594 314 dicunt
1618 258 1751 313 rationem

99 354 221 409 nondum
245 351 361 407 alterum
386 352 542 425 colligatum
567 361 608 407 est
631 353 720 421 alteri,
741 351 900 408 necessaris
951 346 1077 403 videntur
1090 347 1202 414 habere,
1214 348 1263 402 sed
1277 347 1371 419 utique
1385 362 1440 402 non
1455 345 1566 401 babent.
1584 343 1749 414 Quae'etiam

100 448 144 496 est
158 440 275 506 dilectio,
293 456 346 512 quo
361 441 438 496 clavo
459 456 583 497 connexa
596 445 782 495 membrorum
806 439 900 494 diver·
950 435 1065 491 suntad
1079 452 1136 492 non
1148 442 1324 508 parcendum
1340 436 1458 507 corpori,
1471 442 1497 490 et
1510 434 1669 489 stultumest
1681 441 1709 488 ut
1722 432 1753 490 iu

101 529 168 584 sitas
182 528 233 583 sibi
247 528 365 585 invicem
376 529 539 584 cohaerendo
550 528 710 584 subserviat.
728 529 843 599 Corpus,
860 526 901 580 in·
951 539 1005 595 quo
1020 523 1150 578 damnant
1163 524 1290 589 animam,
1307 523 1415 594 corpori
1436 521 1532 578 saltem
1547 537 1603 578 non
1620 529 1746 592 parcant.

100 632 192 687 quarn,
202 617 241 672 sic
251 621 448 673 constructum
462 620 491 672 et
501 617 752 672 subministratum
763 616 864 672 crescit
874 620 901 670 et
952 610 1019 679 Quae
1029 611 1108 666 etiam
1123 628 1181 667 non
1196 614 1303 667 suntin
1318 612 1424 668 honore
1439 613 1542 685 atiquo.
1555 612 1624 665 Dum
1636 610 1708 665 enim
1717 608 1752 664 fi-

100 720 218 760 numero
242 705 437 771 membrorum,
453 711 480 760 et
503 704 672 761 incremento
695 704 831 770 virtutum,
848 704 900 758 do·
951 699 995 754 dei
1010 699 1109 755 Christi
1134 700 1224 773 legem
1247 699 1325 772 quasi
1347 699 1533 756 necessariam
1557 705 1706 770 apponunt,
1722 696 1752 752 in

99 807 152 848 nec
167 792 258 848 veniat
271 794 303 847 in
319 796 507 865 augmentum
521 795 581 859 Dei,
598 793 625 847 id
640 800 681 848 est
697 808 839 865 usquequo
854 807 902 846 au·
951 787 1003 844 hoc
1018 789 1190 844 dehonorant
1204 790 1302 844 Deum.
1318 789 1406 844 David
1419 788 1503 844 etiam
1517 794 1544 844 et
1558 787 1627 842 alios
1642 793 1752 843 sanctos

99 888 195 951 gestor
218 881 247 935 in
262 873 428 936 'mensuram
450 896 533 953 quam
556 882 630 937 Deus
650 881 800 951 proposuit,
817 880 900 936 idest
952 875 1040 948 quiin
1055 877 1117 950 lege
1142 877 1244 932 nullam
1257 876 1384 932 dixerunt
1398 892 1460 933 esse
1481 876 1619 944 justitiam,
1633 875 1752 931 inhono-

98 968 345 1040 donecimpleatur
360 985 490 1024 numerus
513 968 639 1035 fratrum,
655 969 749 1023 ultimo
761 968 835 1038 justo
849 984 901 1040 ap·
950 971 1028 1032 rant,
1058 965 1121 1020 dum
1148 965 1238 1038 legem
1263 972 1432 1036 apponentes
1461 963 1534 1029 fidei,
1564 963 1753 1020 contradicunt

98 1057 200 1127 posito.
216 1058 295 1114 Nunc
309 1056 503 1129 aliquantulum
519 1072 615 1128 aspere
630 1057 803 1114 invehiturin
819 1072 902 1129 quos-
951 1069 1045 1110 eorum
1062 1052 1233 1109 testimoniis.
1251 1053 1317 1122 Quae
1328 1054 1410 1108 etiam
1420 1068 1475 1108 non
1485 1059 1548 1107 sunt
1562 1052 1598 1107 od
1613 1054 1752 1108 saturita-

99 1146 162 1200 dam
178 1161 274 1201 eorum
289 1145 335 1217 qui
347 1146 404 1214 iam
428 1145 605 1216 incipiebant,
622 1153 647 1200 et
663 1145 687 1199 si
702 1161 756 1200 non
779 1144 897 1216 operari,
952 1145 1010 1198 tem
1024 1144 1131 1198 cornis.
1146 1142 1281 1197 Extremae
1293 1149 1384 1198 autem
1399 1141 1582 1207 estsmentiae,
1595 1148 1624 1196 ut
1638 1141 1753 1197 damne-

101 1233 199 1289 saltem
222 1234 314 1289 animo
339 1233 494 1290 consentire
518 1240 544 1289 et
566 1233 724 1289 discernere
746 1232 868 1290 dicentes
891 1250 899 1288 ε
950 1246 1012 1285 mus
1028 1231 1157 1300 animam,
1175 1246 1286 1287 carnem
1299 1229 1432 1304 affligere.

100 1320 195 1390 Quare
209 1321 308 1378 mehus
323 1338 503 1394 sequeremur
522 1322 583 1378 illos
605 1339 687 1394 quam
700 1323 792 1377 istos?
806 1331 833 1377 et
847 1323 900 1377 hu·
1207 1354 1216 1370 ι

96 1409 227 1479 jusmodi.
244 1411 322 1467 Unde
337 1411 377 1468 sic
391 1411 428 1465 ait
445 1429 451 1466 :
468 1409 539 1479 Quia
552 1426 603 1481 per
622 1411 758 1466 Christum
773 1418 829 1466 tota
842 1411 900 1467 Ec·
953 1476 957 1482 g
1263 1425 1375 1482 CAPUT
1388 1426 1435 1482 111,

99 1498 295 1556 clesiacrcscit
305 1501 532 1571 inaugmentum
543 1501 602 1566 Dei,
610 1515 692 1570 quare
702 1499 786 1572 igitur
795 1499 901 1555 discer-

99 1588 172 1643 nitis
187 1588 265 1659 quasi
283 1587 357 1643 dubii
372 1588 415 1643 cui
428 1588 570 1644 adhaerere
593 1587 724 1654 debeatis,
742 1587 849 1642 Christo
864 1603 935 1680 auB
988 1608 999 1634 ι
1018 1586 1102 1659 igitur
1117 1586 1140 1642 si
1154 1589 1394 1645 conresurrexistis
1408 1606 1470 1646 cum
1481 1590 1596 1661 Christo,
1614 1607 1675 1663 quae
1690 1607 1752 1648 sur·

100 1675 157 1746 legi
169 1675 184 1730 i
198 1676 253 1732 Sed
268 1675 405 1747 praemittit
425 1692 508 1748 quare
523 1692 579 1731 non
600 1676 718 1731 debeant
731 1676 897 1744 discernere,
951 1696 962 1720 α
981 1690 1041 1729 sum
1056 1682 1119 1730 sunt
1132 1676 1254 1747 quaerite,
1271 1677 1317 1732 ubi
1333 1677 1457 1733 Christus
1472 1678 1556 1734 estin
1578 1678 1688 1736 dextera
1701 1681 1753 1737 Dei

101 1762 197 1820 dicens
214 1781 221 1819 :
240 1765 270 1822 Si
280 1780 329 1820 ros
339 1766 407 1821 estis
419 1766 526 1821 mortui
545 1780 610 1820 eum
622 1765 899 1836 Christo,quiamors
952 1784 962 1808 s
980 1763 1098 1830 sedens;
1116 1779 1176 1836 quae
1197 1780 1305 1819 sursum
1328 1773 1393 1820 sunt
1410 1767 1509 1837 sapite,
1525 1783 1581 1823 non
1595 1784 1656 1839 quae
1670 1784 1753 1840 super

101 1851 203 1907 Christi
216 1860 327 1923 operata
337 1861 379 1908 est
393 1853 421 1907 in
435 1853 513 1909 vobis
524 1860 638 1908 mortem
654 1853 776 1923 peceati3
791 1854 900 1910 mortui
952 1871 962 1896 a
980 1858 1090 1906 terram.
1106 1852 1204 1907 Mortui
1218 1854 1291 1908 enim
1315 1853 1391 1919 estis,
1407 1861 1433 1909 et
1447 1854 1503 1910 vita
1527 1863 1619 1912 restra
1632 1856 1751 1913 abscon-

99 1939 164 1996 dico
178 1940 212 1997 ab
227 1943 384 2007 elementis,
400 1941 462 2012 quia
486 1941 563 2012 prius
582 1941 726 2009 elementa,
743 1941 839 2011 solem,
855 1941 899 1996 lu·
951 1938 1034 1994 adita
1049 1947 1090 1994 est
1104 1954 1165 1996 cum
1189 1940 1297 1997 Christo
1319 1942 1348 1997 in
1373 1942 1441 1999 Deo.
1466 1943 1534 1999 Cum
1559 1951 1649 1999 autem
1669 1945 1751 2000 Chri-

101 2044 176 2095 nam,
192 2036 219 2085 ct
232 2036 334 2085 caetera
356 2029 499 2096 colebatis,
515 2029 587 2101 qnod
609 2029 682 2085 idem
704 2029 802 2097 facitis,
818 2030 841 2084 si
856 2030 899 2086 le·
951 2048 962 2074 a
979 2035 1036 2083 stus
1050 2029 1216 2100 apparuerit,
1232 2029 1284 2085 vita
1300 2038 1401 2096 vestra,
1417 2037 1481 2086 tuno
1496 2038 1523 2086 et
1537 2047 1587 2088 vos
1601 2032 1750 2104 apparebi-

99 2133 164 2189 gem
186 2125 301 2190 accepta
324 2117 411 2191 gratia
434 2118 550 2184 tenetis;
572 2117 705 2174 elementa
728 2118 791 2176 dico
814 2119 899 2191 hujus
951 2137 962 2163 s
979 2115 1013 2171 tis
1027 2132 1089 2171 cum
1103 2117 1163 2188 ipso
1183 2117 1210 2171 in
1235 2117 1334 2190 gloria.
1362 2116 1524 2176 Mortificate
1547 2136 1615 2194 ergo
1629 2122 1752 2179 membra

99 2206 212 2274 mundi,
234 2206 296 2279 quia
319 2214 345 2261 et
368 2206 498 2261 mundani
522 2207 567 2278 qui
590 2207 691 2272 colunt,
714 2216 741 2262 et
763 2208 899 2263 mundana
952 2212 1080 2274 svestra,
1105 2221 1166 2277 quae
1190 2212 1252 2261 sunt
1276 2222 1358 2277 super
1387 2214 1496 2264 terram.
1521 2208 1750 2275 Fornicationem.

99 2302 163 2349 sunt
179 2311 239 2366 quas
253 2293 575 2366 coluntur:si,inquam,
590 2297 698 2352 mortui
711 2296 780 2351 estis
795 2297 898 2352 ubete·
951 2291 1185 2364 «immunditiam,
1219 2294 1371 2362 libidinem,
1406 2296 1657 2369 concupiscentiam
1689 2314 1751 2375 ma-

98 2384 217 2451 mentis,
234 2382 307 2455 quod
320 2398 373 2439 nec
386 2383 525 2455 respirare
539 2383 575 2438 ad
588 2384 687 2439 borum
701 2384 835 2441 culturam
850 2385 899 2441 de·
951 2402 962 2429 a
979 2379 1045 2449 lam,
1061 2390 1088 2437 et
1101 2382 1243 2438 avaritiam
1259 2384 1369 2454 (Ephes.
1386 2400 1415 2452 v,
1431 2384 1471 2457 3.)
1487 2400 1548 2457 quae
1571 2394 1613 2442 est
1636 2386 1750 2444 simula·

100 2471 181 2537 betis,
191 2472 267 2544 quid,
279 2472 308 2527 id
318 2479 359 2528 est
369 2487 463 2544 quare,
475 2472 566 2528 adbuc
582 2476 719 2546 tanquam
729 2473 854 2529 viventes
866 2475 899 2529 iri
950 2484 1088 2525 «crorum
1109 2469 1267 2543 [idolorum]
1293 2472 1432 2539 servitus,
1458 2481 1572 2545 propter
1594 2490 1655 2546 quae
1678 2475 1752 2533 venit

98 2560 216 2626 mundo,
240 2559 268 2615 id
296 2568 338 2615 est
364 2560 508 2616 carnaliter
536 2560 606 2617 sicut
633 2559 708 2631 prius
736 2561 764 2615 in
796 2561 898 2617 cultura
951 2556 1018 2612 sira
1032 2558 1083 2613 Dei
1108 2574 1192 2630 super
1211 2557 1282 2614 lilios
1304 2558 1460 2616 diffidentiae
1482 2560 1700 2636 [incredulitatis]
1722 2563 1752 2620 in

98 2648 193 2703 mundi
206 2647 378 2715 discernitis,
395 2648 516 2705 dicentes
530 2665 567 2705 ne
591 2649 744 2721 tetigeritis
758 2648 898 2705 cadaveri
950 2667 961 2693 ι
980 2645 1077 2717 quibus
1091 2653 1118 2702 et
1133 2661 1182 2703 vos
1197 2647 1357 2702 ambulastis
1381 2648 1538 2721 aliquando,
1555 2666 1617 2706 cum
1640 2650 1750 2708 virere·

97 2736 144 2792 vel
166 2736 331 2807 huiusmodi,
347 2736 479 2809 quidquid
494 2737 537 2792 lex
560 2737 684 2809 prohihet
708 2752 742 2793 ne
757 2744 896 2810 tangatur.
951 2733 1054 2789 atisin
1074 2734 1137 2789 illis.
1162 2736 1241 2792 Nunc
1266 2744 1355 2791 autem
1377 2736 1504 2808 deponite
1525 2745 1553 2794 et
1575 2754 1625 2796 vos
1647 2739 1748 2810 omnin,

96 2825 189 2898 Neque
204 2826 386 2896 gustaveritis
399 2826 539 2896 porcum?
554 2824 598 2881 vel
611 2823 713 2897 aliquid
730 2825 895 2894 hujusmodi.
951 2821 1063 2888 airam,
1099 2822 1325 2895 indignationem,
1358 2824 1504 2894 malitiam,
1540 2826 1747 2899 blasphemiam,

97 2913 190 2985 Neque
200 2914 445 2970 contrectaveritis
456 2929 517 2985 quae
526 2912 898 2985 scilicettangerenonlicetl
950 2917 1085 2981 «turpem
1109 2928 1265 2968 sermonem
1279 2913 1314 2969 de
1332 2928 1379 2970 ore
1402 2921 1503 2971 vestro.
1528 2914 1619 2972 Nolite
1639 2915 1749 2974 mentiri

96 3008 125 3056 ut
141 3009 204 3057 sunt
216 3000 342 3073 pudenda
352 3010 532 3068 contrectare,
542 3004 711 3075 quoeomnio
725 3006 795 3058 sunt
809 3004 841 3058 in
851 2970 932 3058 irs-⁰
949 3021 960 3046 ι
978 2998 1105 3066 invicem,
1122 3000 1304 3072 exspoliantes
1326 3017 1375 3058 vos
1389 3010 1511 3058 veterem
1531 3003 1669 3060 bominem
1685 3021 1747 3062 cum

99 3089 229 3156 teritum,
244 3089 273 3145 id
288 3097 330 3146 est
343 3097 487 3162 operantur
501 3090 715 3146 damnationem.
730 3091 793 3146 Non
806 3098 896 3146 tamen
949 3109 960 3135 ι
978 3087 1082 3144 actibus
1104 3088 1170 3154 suis,
1187 3096 1214 3144 et
1233 3089 1378 3147 induentes
1403 3106 1504 3146 novum
1520 3091 1631 3163 (Ephes.
1648 3108 1687 3160 vr,
1701 3094 1749 3164 23)

96 3176 184 3233 semel
198 3177 280 3245 lacta,
296 3179 346 3234 sed
359 3179 420 3252 ipso
434 3195 499 3247 usu,
514 3178 542 3233 id
562 3186 613 3248 est,
630 3178 652 3234 si
669 3178 729 3249 quis
752 3179 896 3252 negligens
950 3197 961 3222 r
978 3192 1039 3231 eum
1055 3177 1101 3248 qui
1126 3185 1275 3236 renovatur
1289 3178 1318 3233 in
1341 3179 1509 3251 agnitionem
1532 3180 1583 3236 Dei
1599 3181 1749 3238 secundum

97 3265 256 3322 traditiones
284 3267 371 3340 legis,
396 3267 455 3324 haec
484 3267 512 3322 in
539 3284 590 3322 usu
616 3266 735 3323 283
759 3267 895 3323 habuerit.
950 3285 961 3311 s
978 3263 1123 3335 imaginem
1137 3265 1206 3334 ejus,
1224 3266 1271 3338 qui
1285 3266 1386 3343 creavit
1401 3282 1464 3323 eum
1486 3267 1534 3324 ubi
1546 3284 1602 3324 non
1621 3277 1663 3325 eet
1677 3285 1749 3343 gen·

135 3352 216 3423 Quod
230 3354 292 3411 dieo
306 3371 339 3410 ea
352 3371 414 3411 esse
427 3356 459 3411 in
481 3356 644 3423 interitum,
658 3355 712 3412 hoe
726 3371 781 3412 non
795 3371 896 3411 secun·
949 3352 1032 3407 utilis
1053 3360 1079 3408 et
1099 3354 1219 3424 Judaeus,
1241 3354 1414 3412 circumcisio
1439 3363 1466 3411 et
1489 3358 1652 3429 praeputium
1675 3357 1748 3430 [ma-

97 3442 222 3510 dumme,
231 3443 280 3498 sed
290 3444 444 3501 secundum
455 3448 600 3517 precepto
609 3447 638 3500 ct
651 3444 796 3500 doctrinas
807 3443 896 3500 homi·
949 3463 960 3487 u
978 3440 1070 3496 sculus
1085 3448 1112 3497 et
1135 3441 1255 3516 leminal,
1272 3443 1408 3500 barbarus
1423 3451 1450 3501 et
1474 3444 1583 3517 Scytha,
1602 3463 1698 3503 servus
1721 3455 1750 3504 et

97 3547 180 3598 num,
196 3531 280 3587 idest
296 3532 450 3588 humaniter
473 3532 637 3604 sapientium
660 3532 732 3588 dico.
756 3533 897 3603 Praecepta
950 3551 961 3575 s
977 3528 1056 3596 liber,
1079 3529 1128 3587 sed
1152 3532 1244 3586 omnia
1259 3540 1285 3587 et
1298 3532 1326 3587 in
1340 3533 1468 3588 omnibus
1492 3533 1626 3590 Christus.
1643 3535 1749 3593 induite

96 3626 186 3685 voest,
203 3620 276 3692 qnod
286 3620 345 3677 solo
359 3620 473 3692 imperio
497 3619 661 3678 auctoritatis
676 3637 733 3676 suae
746 3620 897 3691 compelle·
949 3637 961 3667 r
979 3632 1029 3673 vos
1043 3633 1111 3689 ergo
1135 3618 1205 3675 sicut
1219 3618 1300 3677 electi
1323 3620 1373 3677 Dei
1396 3621 1506 3695 (Ephcs.
1522 3638 1561 3689 vr,
1579 3623 1634 3695 ll),
1650 3624 1746 3692 munti,

96 3706 166 3762 bant
181 3708 233 3764 hoc
248 3707 348 3765 lacere.
365 3709 520 3776 Doctrinae,
532 3709 642 3781 quando
658 3708 763 3781 aliquas
777 3709 897 3766 rationes
950 3726 961 3752 r
978 3712 1006 3761 et
1019 3706 1110 3763 dilecti
1129 3706 1238 3764 viscera
1251 3708 1456 3777 misericordia,
1472 3709 1677 3782 benignitatem,
1693 3714 1747 3768 hu·

95 3794 320 3867 adprobandum
334 3796 408 3869 quod
424 3797 576 3853 suadebant
597 3797 760 3853 videbantur
773 3797 896 3853 adduce-
950 3815 961 3841 s
978 3795 1129 3862 militatem,
1154 3796 1327 3867 modestiam,
1360 3797 1527 3869 patientiam,
1554 3789 1747 3871 supportantes

96 3900 138 3940 re.
155 3881 222 3941 Haec
240 3893 302 3941 sunt
325 3893 459 3957 precepta
478 3886 629 3953 hominurn,
647 3901 708 3958 quae
729 3885 811 3942 etiem
836 3892 898 3942 suut
949 3902 961 3932 ι
978 3882 1096 3941 invicem
1110 3892 1137 3939 et
1151 3885 1286 3942 donantes
1299 3886 1523 3959 vobismetipsis;
1540 3887 1635 3961 siquis
1649 3888 1747 3946 adver-

97 3972 244 4041 hohcntic,
258 3973 285 4029 id
301 3982 344 4030 est
357 3974 607 4042 videntnrhabere,
624 3976 764 4031 sotionem
786 3973 897 4047 quidem
950 3988 1025 4028 ssus
1048 3972 1167 4044 ahquem
1189 3973 1272 4030 hahet
1301 3974 1450 4047 querelam,
1474 3975 1543 4032 sicut
1565 3984 1591 4032 et
1615 3977 1748 4035 Dominus

96 4061 260 4133 sapentia,
272 4076 289 4117 a
299 4078 352 4134 qua
366 4062 448 4134 longe
464 4062 583 4119 discreta
593 4070 665 4118 sunt.
682 4062 822 4118 Rationem
837 4061 898 4120 dico
950 4081 961 4108 a
978 4059 1090 4116 donavit
1104 4061 1192 4129 vohis,
1205 4061 1241 4116 ita
1255 4070 1347 4120 etvos.
1364 4063 1453 4135 Super
1463 4064 1555 4120 omnia
1573 4074 1662 4121 autem
1676 4068 1746 4135 haee,

95 4148 227 4204 habentia
241 4150 273 4206 iu
288 4153 500 4223 superstitione.
517 4150 677 4222 Superstitio
701 4150 808 4216 dicitur,
824 4164 898 4208 verae
949 4172 960 4196 u
979 4149 1137 4205 charitatem
1154 4148 1203 4222 [ol.
1222 4151 1285 4207 odd.
1303 4151 1469 4225 continuam]
1488 4153 1597 4221 habete,
1614 4155 1687 4226 quod
1706 4163 1749 4213 est

94 4237 224 4309 religioni
238 4239 416 4310 superaddita
429 4239 501 4295 salsa
514 4239 623 4313 religio.
639 4238 673 4294 lli
686 4246 776 4295 autem
791 4239 838 4311 qui
850 4255 897 4296 ac·
950 4259 961 4284 s
977 4237 1116 4293 vinculum
1138 4237 1324 4308 perfectionis.
1345 4241 1379 4294 Et
1401 4256 1454 4312 pax
1469 4241 1567 4297 Christi
1590 4242 1706 4299 exsultet
1719 4243 1748 4300 in

94 4334 182 4397 ceptae
197 4324 261 4382 fidei
279 4325 370 4401 legem
395 4327 623 4400 superaddebant,
639 4327 737 4383 merito
761 4323 933 4398 superati-D
949 4347 960 4372 s
978 4325 1108 4382 cordibus
1130 4326 1248 4394 restris;
1266 4328 1294 4383 in
1314 4345 1368 4401 qua
1391 4338 1417 4385 et
1439 4331 1529 4387 vocati
1550 4330 1616 4387 estis
1638 4331 1666 4387 in
1691 4349 1746 4390 uno

94 4413 897 4488 tiosidicuntur.losopcrstitioncdicoethumiiitotcio-
948 4428 1104 4486 «corpore,
1121 4423 1147 4471 et
1160 4415 1231 4487 grati
1255 4423 1351 4474 estote.
1374 4418 1495 4475 Verbum
1519 4419 1620 4477 Christi
1643 4422 1747 4480 habitet

93 4501 134 4556 ris
149 4501 284 4574 simulata,
300 4504 429 4561 videntur
449 4504 584 4560 rationem
597 4504 710 4560 habere.
733 4502 800 4572 Quae
815 4504 896 4560 etiam
948 4522 960 4554 s
976 4503 1004 4558 in
1018 4503 1097 4559 vobis
1121 4505 1298 4576 abundanter,
1314 4505 1432 4562 inomni
1457 4509 1593 4581 sapientia
1616 4510 1747 4569 docentes

94 4598 159 4645 sunt
168 4591 318 4647 secundum
331 4592 414 4649 rerba
424 4593 561 4649 commod
571 4610 629 4648 nors
642 4591 816 4665 parcendum
830 4608 895 4650 eor·
947 4611 959 4643 ι
977 4599 1003 4649 et
1017 4601 1221 4650 commonentes
1244 4595 1437 4667 vosmetipsos,
1453 4597 1481 4652 ln
1496 4598 1609 4670 psalmis
1623 4607 1649 4655 et
1665 4601 1747 4672 hym·

90 4680 166 4751 pori.
183 4679 281 4736 Dicunt
296 4680 369 4737 enim
383 4696 434 4737 nos
447 4696 504 4737 non
517 4690 612 4738 tenere
626 4681 726 4753 legem,
739 4688 769 4737 ut
782 4681 895 4737 liberius
947 4703 958 4729 u
975 4679 1018 4736 nis
1040 4688 1068 4738 et
1092 4682 1203 4739 canticis
1224 4683 1422 4755 spiritualibus,
1444 4686 1473 4740 in
1495 4687 1583 4758 gratia
1605 4695 1747 4746 cantantes

92 4765 288 4841 indulgeamus
298 4769 377 4825 nobis
392 4769 420 4824 in
435 4769 478 4825 his
488 4786 550 4841 quae
560 4770 683 4840 jucunda
697 4778 759 4825 suut
773 4769 894 4842 corpori,
947 4789 959 4819 ι
976 4768 1005 4825 in
1020 4770 1149 4826 cordibus
1165 4773 1263 4829 vestris
1283 4774 1351 4829 Deo.
1367 4773 1455 4830 Omne
1479 4776 1663 4848 quodcunque
1677 4776 1747 4834 laci·

93 4869 125 4909 se
138 4863 232 4911 statem
246 4873 321 4913 more
337 4857 406 4930 legis
421 4858 472 4914 Dei
485 4857 558 4914 nolle
573 4873 686 4929 parcere
696 4857 816 4929 corpori.
828 4856 896 4927 Quae
948 4880 959 4906 ι
976 4858 1010 4913 tis
1024 4858 1053 4912 in
1066 4860 1151 4916 verbo
1176 4868 1222 4916 aut
1234 4860 1263 4917 in
1281 4877 1376 4934 opere,
1392 4863 1482 4919 omnia
1502 4864 1530 4919 in
1552 4865 1663 4922 nomine
1686 4866 1746 4923 Do·

92 4944 176 5000 etiam
190 4961 248 5001 non
263 4953 326 5001 sunt
340 4945 394 5001 illis
408 4947 439 5002 iu
463 4946 567 5004 honore
589 4948 693 5020 atiquo.
710 4946 808 5002 Dicunt
823 4947 896 5002 enim
947 4966 959 4996 ι
976 4945 1043 5002 mini
1056 4947 1142 5004 nostri
1164 4950 1230 5004 iesu
1254 4950 1364 5018 Christi,
1379 4951 1479 5023 gratias
1504 4961 1619 5026 agentes
1641 4955 1699 5011 Deo
1719 4962 1748 5014 et

92 5049 124 5088 se
138 5033 200 5088 ideo
216 5035 365 5090 secundum
389 5034 480 5108 legem
495 5034 633 5091 humiliari
656 5035 718 5107 qnia
740 5050 797 5091 non
817 5051 895 5108 quae·
948 5056 959 5082 s
976 5034 1047 5090 Patri
1061 5051 1111 5107 per
1132 5036 1221 5107 ipsum
1236 5040 1262 5108 (l
1275 5040 1336 5096 Cor.
1352 5055 1382 5108 ιι,
1399 5040 1455 5113 sl).
1481 5041 1617 5109 Mulieres,
1634 5044 1747 5101 subdite

91 5128 153 5176 runt
172 5121 302 5178 honorari
318 5122 449 5194 apopulo
473 5123 542 5179 sicut
565 5139 635 5190 nos;
650 5140 712 5195 que
734 5123 817 5179 etiam
840 5139 896 5180 nou
947 5143 959 5173 ι
978 5131 1064 5180 estote
1085 5124 1161 5196 viris,
1179 5126 1248 5183 sicut
1262 5137 1379 5200 eportet,
1396 5129 1424 5184 in
1446 5131 1562 5188 Domino
1587 5133 1698 5205 (Sphes.
1716 5147 1747 5202 r,

90 5217 154 5264 sunt
168 5210 223 5264 illis
235 5210 271 5266 od
284 5212 472 5268 sotuntoiem
486 5215 593 5269 cornis.
609 5211 708 5268 Dicunt
723 5213 795 5268 enim
811 5229 851 5280 se,
867 5219 897 5268 ut
947 5235 958 5260 s
976 5216 1029 5280 aa;
1046 5214 1061 5269 l
1074 5215 1153 5271 Patr.
1169 5231 1211 5286 ιιι,
1227 5219 1263 5287 1).
1282 5217 1348 5284 Viri,
1356 5217 1462 5290 diligite
1476 5237 1577 5277 uxores
1590 5230 1707 5289 vestras,
1719 5229 1747 5278 et

88 5297 182 5370 legem
195 5299 352 5369 observent,
369 5300 440 5357 velle
454 5316 594 5358 macerare
609 5316 730 5370 carnem,
742 5309 768 5356 et
781 5316 833 5356 nos
847 5300 896 5357 de·
947 5320 958 5351 ι
977 5301 1060 5358 nohte
1082 5303 1166 5359 amari
1190 5320 1251 5360 esse
1266 5305 1302 5361 ad
1322 5305 1394 5362 illas.
1411 5307 1535 5365 284
1550 5309 1621 5377 Filii,
1637 5309 1748 5366 obedite

87 5393 195 5444 struere
211 5386 302 5462 legem
320 5395 349 5444 ut
365 5389 400 5445 de
414 5390 541 5447 omnibus
556 5389 637 5446 liceat
647 5389 814 5463 ingurgitare
829 5405 896 5445 sen·
947 5409 958 5440 ι
975 5391 1132 5462 parentibus
1155 5408 1204 5464 per
1217 5393 1328 5463 omnia;
1345 5397 1398 5452 hoc
1422 5397 1495 5452 enim
1510 5396 1638 5469 placitum
1663 5396 1749 5454 estin

85 5481 168 5533 trem.
185 5475 236 5534 Vel
250 5476 338 5548 aliter,
349 5483 379 5534 ut
393 5493 449 5534 non
465 5478 502 5536 od
515 5479 691 5552 parcendum
705 5478 826 5551 corpori,
839 5483 894 5535 ete.
946 5501 957 5526 a
973 5479 1099 5537 Domino.
1115 5481 1220 5551 Patres,
1236 5482 1320 5542 nolite
1343 5484 1378 5541 ad
1392 5484 1608 5560 indignationem
1621 5486 1746 5560 (iracun-
