3742 5986
123 192 176 249 tlt
366 230 370 235 »
390 187 419 245 S.
439 174 618 246 BRUNONIS
633 188 957 248 clatnustlttoatttt
978 187 1223 250 INSTITUTORIS
1243 191 1320 253 OPP.
1344 193 1434 252 atas
1455 193 1491 251 11.
1723 195 1775 251 ili

121 317 192 373 alter
205 313 329 386 exemplo
343 312 453 370 alterius
477 322 641 387 provocetur
656 315 692 371 ad
706 314 879 372 dilectionem
894 323 921 373 et
933 316 1086 389 Agratiam
1115 317 1212 388 attulit,
1233 317 1297 375 licet
1317 333 1483 391 peccemus,
1498 333 1553 374 non
1582 324 1692 382 tantum
1720 333 1776 375 non

123 405 159 461 ad
168 405 239 460 bene
249 403 428 474 operandum.
973 405 1121 474 damnabit,
1140 407 1189 462 sed
1203 406 1365 481 indulgebit.
1382 408 1424 464 Ad
1437 409 1491 464 hoo
1501 402 1777 464 removenduml'au·

156 495 223 560 Nos,
240 491 312 557 dico,
324 508 382 547 non
393 491 553 549 deserentes
567 493 763 550 collectionem
778 496 917 558 nostram,
973 494 1016 550 lus
1032 496 1129 566 probat
1141 494 1279 551 Christum
1294 512 1356 552 esse
1367 496 1499 567 judicem,
1514 511 1566 552 nec
1594 503 1712 568 propter
1725 494 1777 551 rni-

122 581 201 639 idest
215 579 459 654 congregationem
481 581 624 648 Ecclesiae,
640 581 739 638 timore
766 580 922 654 urgentium
973 583 1150 639 aericordiem
1165 584 1320 640 deseruisse
1332 585 1474 653 judicium,
1491 584 1587 641 dicens
1603 600 1609 641 :
1627 585 1777 641 verecon-

122 678 329 744 persecutorum
343 668 442 736 territi,
458 670 924 742 snutestcansuetudinisquibus·
973 672 1085 729 calcans
1100 672 1196 728 Filium
1219 673 1280 740 Dei,
1304 673 1442 730 deteriora
1468 673 1594 745 patietur.
1624 673 1680 730 Nos
1697 674 1776 729 enim

122 760 198 827 darn,
213 766 240 815 ut
258 779 269 806 u
287 758 322 814 ad
336 765 443 829 tempus
454 758 573 825 credant,
591 757 659 814 etin
683 767 807 829 tempore
830 764 922 814 teuta·
971 762 1077 817 scimus
1093 777 1155 817 eum
1169 762 1217 834 qui
1236 762 1315 818 dian
1336 762 1391 819 hoc
1404 761 1432 817 in
1446 760 1662 818 Deuteronomio
1675 761 1774 834 (Dent.

121 848 203 905 tionis
231 846 362 904 recedant
388 846 466 919 (luc.
483 861 544 913 ιιιι,
571 848 625 918 li).
645 866 656 898 ι
673 848 735 902 Non
750 847 920 911 deserentes,
970 863 1061 919 xxxn,
1078 849 1125 921 35)
1143 866 1150 904 τ
1166 851 1235 906 ltili
1250 858 1389 907 reservate
1411 850 1578 918 uindictam,
1594 849 1618 905 si
1630 849 1775 920 proximus

121 938 168 994 sed
182 937 360 993 consolantes
371 933 560 992 collectionem
570 933 718 1003 Ecclesiae3
736 939 816 991 tanto
831 936 922 1006 magis
970 945 1077 1009 peccat,
1094 953 1157 994 mea
1183 946 1225 994 est
1241 937 1308 994 ultio
1335 937 1363 993 in
1387 937 1551 1009 proximum,
1568 941 1596 994 ιι
1623 953 1673 1010 epo
1688 938 1776 994 retri-

121 1025 280 1082 laborantes
295 1023 323 1078 in
338 1023 400 1091 boo,
416 1028 522 1097 quanto
538 1025 662 1096 amptius
677 1023 806 1079 ridentis
819 1036 921 1094 appro·
971 1024 1055 1081 luam
1070 1028 1121 1094 eis,
1145 1027 1313 1098 intempore
1338 1042 1388 1098 pro
1411 1026 1494 1082 modo
1517 1025 1623 1083 delicti.
1653 1023 1737 1095 Quod
1752 1022 1775 1078 si

121 1113 393 1188 pinquantemdiem
412 1112 521 1168 mortis.
540 1112 590 1168 Vel
605 1112 643 1167 ite
669 1127 850 1183 provocemus
864 1109 920 1166 lra-
969 1113 1127 1186 peccarein
1154 1115 1309 1187 proximum
1332 1131 1388 1171 non
1406 1114 1509 1170 deserit
1522 1113 1654 1183 inultum,
1672 1119 1776 1186 quanto

120 1212 175 1259 tres
189 1201 224 1258 ad
237 1200 410 1269 charitatem,
425 1216 481 1257 non
496 1202 654 1257 deserentes
669 1200 857 1257 collectionem
867 1214 920 1255 no·
970 1202 1059 1275 magis
1083 1217 1199 1274 peccare
1223 1203 1252 1258 in
1279 1202 1420 1276 seipsum?
1434 1203 1470 1258 at
1497 1205 1604 1260 iterum
1633 1200 1775 1272 Scriptum

121 1299 218 1358 stram,
234 1291 262 1346 id
277 1298 320 1346 est
335 1290 358 1344 si
376 1289 550 1360 peccaverint
569 1287 686 1355 iratres,
715 1304 770 1344 non
793 1288 856 1344 ideo
871 1304 920 1342 su·
970 1290 1128 1363 approbans
1140 1291 1273 1362 judicium
1287 1292 1338 1348 Dei
1352 1292 1389 1347 ait
1406 1307 1412 1345 :
1432 1292 1503 1360 Quia
1521 1290 1665 1364 judicabit
1679 1289 1774 1346 Domi·

119 1380 205 1454 perbe
220 1377 396 1452 indignantes
411 1393 568 1449 separemur
586 1377 621 1433 ab
636 1376 686 1447 eis,
705 1375 774 1432 sicut
789 1384 831 1432 est
850 1390 920 1432 son·
971 1396 1027 1436 nus
1035 1381 1174 1453 poputum
1188 1397 1283 1437 auum.
1299 1381 1336 1436 Et
1350 1379 1413 1453 quia
1427 1379 1560 1435 Dominus
1567 1378 1695 1449 judicans
1711 1376 1774 1434 red·

120 1467 272 1525 suetudinis
286 1466 465 1539 quibusdam,
479 1474 508 1521 ut
525 1465 628 1521 labenti
647 1463 722 1520 tratri
737 1464 921 1537 dedignentur
968 1468 1171 1542 datuniouique
1184 1469 1331 1526 vindictam
1355 1469 1471 1541 peccati,
1487 1467 1578 1524 videte
1592 1483 1628 1524 ue
1650 1465 1773 1538 peccetis

121 1554 256 1627 compati3
273 1554 322 1610 sed
336 1553 510 1611 consolantes
533 1560 654 1611 nostram
674 1552 876 1619 collectionem,
893 1559 920 1609 et
968 1557 1004 1612 ait
1019 1557 1136 1627 Paulus,
1151 1558 1216 1631 quia
1233 1558 1406 1614 horrendum
1421 1561 1464 1614 eat
1477 1556 1604 1613 incidere
1618 1557 1651 1612 in
1666 1570 1773 1611 monus

120 1651 195 1700 tanto
205 1643 293 1716 magis
307 1658 358 1716 per·
372 1642 591 1714 compassionem
601 1648 728 1700 revocate
738 1656 813 1698 eose
827 1640 916 1707 malis,
933 1647 1019 1742 Bliei
1033 1647 1172 1715 virentis,
1187 1645 1216 1702 id
1235 1652 1278 1702 est
1291 1661 1460 1719 quecunque
1474 1643 1531 1701 vult
1545 1643 1678 1716 potentis.

121 1741 222 1807 quanto
236 1731 359 1789 videritis
386 1731 648 1802 appropinquantem
670 1730 743 1787 diem
763 1729 918 1786 retributio-
1005 1734 1154 1806 Postquam
1166 1733 1289 1806 asperius
1303 1732 1430 1805 corripuit
1444 1732 1515 1800 illos,
1533 1747 1606 1789 nunc
1634 1746 1773 1788 rememo-

120 1821 174 1877 nis.
190 1819 267 1877 Malis
290 1819 372 1886 male,
390 1820 469 1875 bonis
484 1818 567 1875 bene.
592 1819 657 1875 ldeo
680 1827 821 1876 teneamus
835 1816 918 1874 fidem
968 1822 1055 1878 raudo
1076 1822 1170 1894 priora
1193 1822 1265 1879 bona
1294 1821 1412 1891 illorum,
1428 1821 1566 1877 blanditur
1587 1819 1628 1877 eis
1657 1827 1687 1876 ut
1702 1835 1771 1893 quos

118 1907 916 1967 etconfessionemnondeserentescollectionemnostram.
969 1910 1180 1980 terrorejndicii
1195 1910 1342 1980 concussit,
1359 1910 1522 1983 quibusdam
1553 1907 1696 1965 blanditiis
1709 1907 1771 1963 alli-

118 1995 694 2070 Haecomniapraedictaideoiaciamus,qui
708 1997 918 2069 nobispceean·
969 1998 1030 2066 ciat,
1061 1999 1154 2054 dicens
1171 2016 1178 2054 :
1193 1999 1290 2056 Videte
1322 2014 1357 2055 ne
1384 1998 1512 2055 incidatis
1526 1996 1554 2053 in
1580 2012 1679 2053 manus
1708 1996 1769 2066 Ilei,

119 2087 192 2144 tibus
202 2087 376 2152 voluntarie,
385 2084 414 2140 id
425 2092 467 2140 est
488 2101 522 2141 ex
536 2084 676 2142 voluntate
691 2091 717 2140 et
740 2083 851 2156 propria
866 2083 917 2138 ιε-
968 2087 1018 2143 scd
1030 2088 1263 2144 rememoramini
1275 2088 1416 2160 pristinos
1437 2086 1497 2144 dies
1512 2087 1544 2142 in
1558 2085 1659 2159 quibus
1671 2100 1725 2140 ros
1738 2085 1771 2141 il·

117 2175 280 2232 liberatione
294 2175 323 2229 in
345 2180 460 2245 peccato
487 2173 669 2240 manentibus,
683 2177 748 2245 post
771 2175 918 2244 acceptam
970 2175 1107 2231 luminati
1120 2191 1169 2246 per
1183 2174 1276 2243 fidem,
1288 2175 1379 2231 statim
1393 2182 1506 2247 accepta
1519 2173 1573 2230 fide
1587 2173 1770 2230 sustinuistis

119 2265 256 2320 notitiam
266 2263 409 2331 veritatis,
424 2261 452 2317 id
467 2269 508 2317 est
518 2270 664 2334 postquam
673 2259 809 2317 Christum
819 2260 864 2332 qui
876 2266 919 2315 eal
968 2280 1103 2336 magnum
1127 2267 1273 2321 certamen
1295 2262 1581 2336 passionum,·multa
1608 2261 1683 2319 enim
1704 2268 1768 2316 tunc

116 2352 179 2425 ipsa
206 2351 307 2408 veritas
336 2351 526 2422 cognovimus,
560 2349 696 2421 iidemque
723 2348 915 2420 suscepimus:
965 2351 1041 2424 passi
1055 2350 1121 2406 estis
1135 2367 1152 2407 a
1166 2350 1366 2408 contribulibus
1380 2350 1489 2408 restris.
1514 2348 1687 2406 Sustinuistis
1711 2347 1766 2404 uti-

114 2440 138 2496 si
153 2439 279 2497 voluntas
296 2439 431 2511 peccandi
445 2439 577 2511 perdurat
594 2438 622 2493 ιιι
637 2438 724 2507 nobis,
734 2439 798 2509 jorn
808 2453 867 2493 non
877 2452 920 2493 rc·
968 2456 1020 2512 que
1034 2440 1187 2512 passiones,
1199 2445 1229 2497 ιι
1243 2440 1316 2497 enim
1329 2441 1362 2496 in
1375 2440 1477 2508 attero,
1488 2438 1517 2495 id
1531 2446 1573 2495 est
1587 2438 1615 2493 in
1625 2453 1680 2493 una
1689 2444 1768 2509 parte

116 2530 268 2603 linquitur,
286 2528 353 2583 nihil
367 2527 489 2598 proderit
502 2527 582 2583 nobis
592 2526 716 2583 Christus
730 2525 818 2582 iaetus
828 2525 918 2580 hostia
968 2528 1077 2600 quidem
1092 2530 1166 2600 (acti
1181 2528 1247 2584 estis
1257 2530 1452 2601 spectaculum
1466 2527 1579 2595 mundo,
1596 2525 1766 2599 opprobriis,

114 2633 167 2690 pro
179 2616 298 2689 peccatis
308 2615 441 2679 delendis.
456 2614 505 2672 Vel
520 2616 560 2671 ita
569 2616 627 2686 jam
655 2631 714 2672 nan
730 2616 914 2688 relinquitur,
966 2616 995 2672 id
1010 2625 1051 2673 est
1066 2625 1177 2690 propter
1189 2616 1335 2690 opprobria
1350 2620 1379 2675 et
1394 2617 1594 2674 tribulationes
1608 2614 1698 2671 illatas
1714 2630 1766 2671 vo·

113 2706 143 2762 id
157 2713 199 2762 est
213 2721 268 2761 nou
282 2711 438 2761 reservatur
456 2704 599 2772 cbristus3
615 2712 643 2759 ut
665 2719 717 2775 pro
730 2704 831 2759 iterum
851 2717 916 2773 pec·
967 2706 1018 2762 bis.
1032 2705 1065 2761 tn
1083 2708 1174 2762 altero
1188 2710 1295 2776 αιιιιιιι,
1311 2705 1339 2760 ιι
1353 2713 1396 2760 est
1408 2721 1443 2761 ex
1457 2720 1512 2761 uua
1526 2711 1603 2775 parte
1618 2702 1714 2775 effecti
1728 2719 1768 2760 ιι·

113 2794 247 2860 wniihub
263 2791 419 2849 iterumfiat
429 2793 581 2865 bostiupro
594 2795 729 2865 peccatis.
742 2789 854 2848 Sedhoc
867 2807 916 2846 re·
967 2797 1005 2852 ιιι
1035 2795 1106 2852 socii
1126 2795 1357 2850 conversantium
1385 2793 1488 2863 taliter,
1505 2793 1575 2849 sicut
1602 2806 1666 2858 noa,
1681 2790 1712 2847 id
1726 2798 1767 2847 εει

112 2882 244 2957 linquitur
258 2882 349 2949 nobis,
365 2880 479 2949 scilicet,
496 2881 624 2953 quedam
637 2879 762 2938 400
779 2879 915 2936 terribilis
965 2884 1085 2941 amnium
1095 2883 1202 2939 illomm
1218 2882 1264 2955 qui
1271 2883 1301 2938 in
1310 2882 1444 2955 religione
1455 2881 1520 2938 tidei
1530 2879 1766 2938 eonversabantur

113 2971 290 3046 exspectatio
301 2970 407 3042 judicii
418 2968 500 3024 futuri
512 2987 519 3036 ;
531 2978 558 3026 ει
568 2969 729 3043 relinquitur
738 2968 817 3024 nobis
827 2983 915 3025 oemu·
964 2972 1115 3030 vobiscum.
1136 2973 1206 3028 Vere
1220 2971 1298 3028 socii.
1327 2973 1399 3028 Nam
1412 2975 1441 3027 et
1455 2986 1505 3027 ros
1529 2970 1667 3042 compassi
1695 2970 1765 3026 estis

113 3063 194 3128 latio,
209 3060 239 3116 ιι
252 3068 294 3116 εει
307 3058 411 3115 invidia
425 3059 511 3131 ι’ριιιι,
528 3074 588 3131 quae
611 3057 749 3116 emulatio
762 3038 948 3139 consternpsG
961 3062 1077 3131 uinctis,
1086 3059 1264 3115 ministrando
1273 3058 1347 3117 eisin
1356 3056 1675 3116 vinculisnecessariade
1685 3056 1765 3114 bonis

113 3154 182 3207 tura
196 3153 239 3206 est
253 3149 428 3206 aducrsmios
453 3146 587 3203 ιειιιιιιε.
961 3149 1068 3219 vestris,
1082 3156 1108 3204 ει
1119 3147 1268 3220 opprobria
1277 3155 1305 3204 et
1324 3147 1514 3204 tribulationes
1528 3144 1603 3218 passi
1617 3145 1695 3202 estis.
1710 3147 1766 3202 Vos

149 3238 250 3294 Probat
276 3235 408 3306 amajori
435 3235 590 3308 puniendos
617 3251 680 3292 esse
715 3245 862 3307 peccantes
884 3239 911 3294 in
962 3237 1035 3294 enim
1050 3237 1215 3309 suscepistis
1230 3253 1295 3294 cum
1304 3237 1406 3309 gaudia
1416 3236 1550 3309 rapinum
1559 3235 1697 3292 imorum
1705 3249 1765 3292 ιιι·

113 3325 262 3396 Christum,
278 3324 372 3382 dicens
390 3340 396 3379 :
414 3325 485 3381 Vere
499 3325 546 3396 qui
574 3323 726 3381 voluntarie
754 3334 858 3396 peccat,
883 3326 913 3383 in
963 3330 1083 3393 trorum,
1099 3328 1298 3396 cognoscentes
1313 3340 1360 3382 uos
1374 3323 1475 3381 babere
1489 3323 1519 3379 in
1538 3321 1617 3380 coelis
1630 3322 1765 3380 ιιιιιιιιιι-

111 3415 227 3473 reritate
241 3413 377 3486 puniatur.
388 3414 460 3470 Num
470 3414 574 3486 aliquis
584 3413 790 3485 prevaricando
801 3416 911 3486 ιειὶιιιι
963 3417 1034 3471 tiam
1042 3415 1200 3482 meliorem,
1213 3412 1274 3487 quia
1285 3411 1434 3484 spiritalem
1444 3417 1473 3469 ιι
1486 3413 1717 3486 persequentem.
1730 3411 1765 3467 lit

113 3506 230 3561 irritam
246 3504 335 3577 legem
349 3503 444 3576 Moysi
460 3519 521 3575 quae
537 3517 591 3557 non
606 3510 666 3559 erat
680 3502 734 3557 nisi
754 3503 850 3559 umbra
863 3520 914 3561 ve·
962 3502 1073 3575 quando
1093 3501 1202 3574 quidem
1220 3501 1291 3557 tales
1301 3502 1330 3556 in
1340 3500 1476 3574 principio
1485 3498 1548 3555 fidei
1558 3497 1658 3568 ιιιιειιε,
1667 3499 1764 3571 itaque

111 3593 209 3662 nitatis,
234 3592 359 3651 moritur
370 3593 432 3649 sinc
447 3592 501 3647 illa
521 3592 706 3647 miseratione
720 3591 862 3648 convietus
876 3593 912 3648 de
961 3592 1052 3648 notite
1062 3590 1257 3663 degenerando
1267 3592 1400 3648 omittere
1410 3587 1614 3660 conflantium
1627 3590 1762 3656 uestram,

112 3689 227 3754 peccato
242 3680 294 3738 sub
308 3680 415 3736 duobus
426 3679 470 3736 vel
485 3679 578 3735 tribus
588 3678 716 3736 testibus.
728 3680 763 3734 Et
772 3679 796 3735 si
806 3695 913 3751 praera·
961 3678 990 3735 id
1005 3687 1047 3735 est
1061 3679 1133 3735 bona
1147 3693 1241 3750 opera,
1253 3693 1303 3750 per
1317 3694 1379 3750 quae
1386 3677 1448 3735 licet
1456 3675 1593 3734 confidere
1605 3691 1612 3731 :
1628 3691 1691 3750 quoe
1698 3689 1765 3732 oon-

111 3769 202 3826 ricans
215 3769 243 3824 in
256 3768 320 3840 lege
332 3766 421 3838 lloysi
435 3767 564 3833 moritur,
579 3769 786 3839 quantomagis
801 3770 911 3841 putatis
961 3767 1070 3824 fidentia
1081 3767 1104 3823 si
1114 3775 1283 3838 perseveret,
1295 3783 1431 3839 magnam
1442 3765 1525 3823 iubet
1547 3765 1763 3822 remuneratio·

110 3872 174 3914 eum
187 3858 293 3913 mereri
313 3855 453 3913 deteriora
472 3855 623 3928 supplicia,
639 3857 688 3927 qui
702 3857 912 3914 amaricaverit
961 3852 1650 3937 nem.Dicerentilli:Difficileesttotvexationes
1665 3860 1694 3908 ει
1707 3859 1763 3907 tan·

20 3964 22 3972 ·
109 3945 216 4002 lilium
239 3942 304 4004 Dei?
324 3943 372 3999 llle
400 3942 616 3999 conculcabilem
625 3951 652 3998 et
665 3942 747 3999 nimis
775 3943 856 3999 vilem
870 3944 912 4000 in·
961 3944 1008 4000 diu
1021 3944 1087 4016 pati.
1097 3943 1140 4000 ιι
1151 3945 1203 4000 boc
1223 3941 1434 3999 PauluszNolite
1455 3941 1612 4014 patientiam
1624 3941 1761 4001 amittere.

109 4032 209 4107 telligit
223 4031 319 4089 Filium
333 4030 393 4100 Dei,
412 4031 459 4104 qui
478 4030 513 4086 ad
534 4030 699 4087 remittenda
720 4038 834 4103 peccata
848 4048 911 4089 eum
961 4033 1011 4088 sed
1031 4039 1117 4089 estote
1139 4032 1312 4104 longanimes
1325 4030 1354 4086 in
1371 4030 1511 4103 patiendo,
1532 4030 1599 4103 quia
1617 4029 1762 4103 potientis

108 4122 287 4195 impotentem
310 4120 385 4188 dicit,
411 4120 464 4176 nisi
483 4119 651 4194 adiungatur
673 4119 865 4190 circumcisi03
880 4127 910 4180 et
960 4120 1127 4194 longanimis
1137 4125 1181 4178 est
1194 4120 1270 4178 uobis
1287 4120 1457 4189 necessaria,
1466 4123 1499 4175 ut
1508 4117 1638 4191 patiendo
1647 4119 1761 4190 [ιιιιιιι-

108 4213 158 4287 qui
166 4213 293 4279 ιιιιιιι,
301 4210 329 4276 ιι
339 4219 380 4267 εει
390 4208 553 4267 intellexerit
562 4211 732 4282 ιαιιριιὶιιιηι
743 4212 911 4268 tastamenti
961 4210 1188 4268 tesrotuntatem
1197 4209 1257 4278 liei,
1268 4209 1418 4281 reportetis
1434 4207 1664 4280 promissionem,
1675 4205 1706 4262 id
1720 4212 1762 4263 est

109 4316 172 4358 esse
187 4302 351 4374 pollutum,
366 4299 395 4355 id
410 4307 452 4356 est
465 4297 629 4372 sanguinem
642 4298 752 4365 Christi,
770 4315 825 4371 quo
841 4314 910 4357 con-
960 4297 1126 4371 promissam
1139 4297 1265 4371 gloriam.
1277 4297 1336 4352 Nec
1355 4311 1465 4367 semper
1473 4293 1611 4367 oportebit
1618 4293 1686 4365 pati,
1695 4293 1762 4367 quia

106 4387 245 4447 firmatum
255 4395 297 4445 est
307 4395 499 4445 testamentum
512 4403 624 4444 norum
637 4387 804 4461 Sanguinem
812 4388 947 4454 ChristiD
960 4387 1053 4444 adbuc
1078 4386 1219 4442 modicum
1233 4384 1344 4458 quidem
1361 4385 1491 4456 temporis
1501 4386 1530 4440 et
1544 4382 1762 4456 aliquantulum

106 4477 173 4536 dicit
186 4477 233 4535 ille
247 4477 389 4550 pollutum,
406 4476 495 4549 quiin
510 4491 543 4533 εο
565 4475 631 4531 dicit
644 4490 698 4532 uon
726 4491 808 4548 posse
830 4493 907 4534 mun·
959 4473 1105 4548 passionis,
1123 4473 1173 4530 sed
1186 4472 1247 4530 leve
1263 4480 1290 4529 et
1304 4479 1525 4529 momentaneum
1538 4477 1631 4527 restat.
1647 4471 1684 4526 lit
1698 4475 1762 4542 post

106 4567 167 4626 dari
180 4582 261 4624 omne
275 4565 415 4622 debetum.
432 4564 543 4621 sienim
562 4563 686 4620 Christus
703 4564 804 4620 munda
818 4566 908 4622 hostia
959 4564 1013 4620 boc
1026 4563 1122 4620 υιιιιιι
1135 4561 1214 4618 robis
1227 4561 1273 4617 ille
1283 4563 1331 4634 qui
1344 4564 1484 4617 venturus
1495 4561 1549 4616 ιιι.
1564 4559 1600 4614 lit
1614 4564 1760 4631 postquam

106 4656 165 4725 tuit,
182 4655 263 4713 etiam
278 4655 314 4712 ab
328 4652 402 4710 omni
417 4653 499 4723 culpa
513 4651 647 4708 mundare
670 4652 757 4724 potuit
773 4667 780 4707 :
795 4653 908 4726 quodsi
959 4651 1074 4718 venerit,
1082 4648 1202 4706 401
1215 4667 1274 4706 non
1286 4650 1421 4717 tardabit,
1433 4649 1463 4705 id
1477 4655 1583 4704 estnon
1593 4646 1672 4703 tarde
1686 4645 1761 4702 dabit

107 4745 243 4802 mundare
254 4759 311 4801 non
325 4741 421 4815 potuit,
443 4741 566 4814 sequitur
578 4747 609 4796 ut
622 4738 724 4812 polluta
739 4740 830 4799 hostia
857 4741 908 4799 ite·
958 4739 1037 4797 vobis
1051 4737 1169 4812 gloriam
1197 4754 1281 4811 quam
1303 4736 1437 4810 promisit,
1453 4735 1617 4810 martyribus
1631 4749 1689 4793 nan
1702 4742 1760 4791 tar-

106 4833 151 4903 rit,
166 4835 200 4890 in
213 4849 276 4907 qua,
297 4830 431 4905 sanguine
460 4829 658 4898 sanctificatus
679 4833 723 4886 est
752 4830 909 4904 quicunque
958 4829 1039 4884 datur
1054 4826 1155 4900 gloria,
1171 4827 1222 4882 sed
1236 4825 1326 4882 statim
1340 4825 1501 4882 exeuntibus
1511 4825 1546 4881 ιε
1556 4824 1658 4881 mundo
1668 4823 1760 4880 datur.

105 4921 269 4993 baptizatus.
294 4921 342 4978 llle
356 4920 438 4978 etiam
459 4917 596 4974 deteriora
609 4925 730 4974 meretur
744 4919 791 4991 qui
805 4920 908 4992 lecerit
958 4917 1007 4973 llis
1021 4924 1111 4973 autem
1126 4914 1173 4988 qui
1191 4915 1219 4970 in
1232 4930 1301 4986 pace
1323 4914 1458 4986 Ecclesia
1485 4913 1630 4988 quiescunt
1650 4911 1760 4970 umato

105 5011 310 5069 assumtum
322 5009 446 5083 Spiritui
459 5010 568 5065 sancta.
578 5004 631 5076 Qui
641 5006 751 5063 aliunde
762 5023 844 5080 quam
856 5024 907 5081 per
957 5004 1246 5076 videtur‚propteres
1265 5004 1379 5077 quiade
1401 5002 1566 5076 quibusdam
1590 5016 1652 5074 qua
1665 4999 1760 5058 illicite

106 5097 235 5170 spiritum
261 5097 327 5164 dicit
349 5105 461 5168 peecata
484 5093 592 5162 remitti,
608 5094 636 5150 in
663 5095 793 5167 Spiritum
808 5104 906 5154 contu·
957 5100 1159 5161 contraxerunt,
1175 5107 1291 5150 necesse
1303 5100 1347 5148 est
1370 5091 1446 5164 prius
1461 5089 1650 5163 poenitentiam
1664 5104 1758 5160 agere.

104 5185 220 5244 meliore
236 5184 302 5256 agit.
317 5185 439 5257 Spiritui
449 5184 511 5241 dico
521 5185 631 5255 gratia,
644 5184 691 5257 qui
705 5185 792 5258 gratis
814 5186 905 5252 datur,
957 5181 1010 5253 Qui
1024 5190 1154 5238 venturus
1169 5189 1210 5237 est
1224 5180 1315 5238 veniet
1328 5187 1355 5237 et
1373 5195 1428 5237 non
1456 5178 1585 5251 tardabit,
1601 5185 1629 5235 et
1648 5176 1759 5234 interim

104 5273 232 5349 etgratis
250 5280 364 5346 peccata
391 5272 512 5328 remittit.
534 5271 645 5328 Diceret
663 5272 710 5328 ille
732 5273 830 5330 :Licet
861 5272 907 5329 lex
957 5271 1023 5326 dum
1047 5269 1132 5338 venit,
1166 5285 1216 5326 vos
1242 5270 1310 5339 iusti
1332 5285 1365 5326 ex
1389 5268 1444 5326 lide
1468 5267 1576 5336 rivulis,
1601 5266 1667 5339 quia
1695 5265 1762 5322 dixit

102 5363 191 5437 lloysi
205 5378 267 5437 quae
281 5361 342 5418 sine
356 5359 543 5417 misericordia
557 5368 626 5428 erat,
644 5360 784 5418 damnaret
802 5377 907 5435 praera·
956 5360 1031 5415 Deus
1058 5374 1110 5430 per
1137 5358 1297 5430 prophetam
1313 5375 1321 5413 ι
1337 5360 1435 5416 iustus
1465 5372 1545 5413 naeus
1566 5371 1603 5414 es
1618 5353 1674 5426 fide
1687 5355 1758 5412 uiuit

102 5451 237 5510 ιιειιοιιι
250 5466 326 5520 suos,
351 5447 476 5508 cbristus
489 5455 580 5508 umen
596 5448 869 5522 quimisericordism
879 5457 906 5508 ει
957 5445 1070 5519 (tlalac.
1087 5461 1117 5518 n,
1134 5445 1173 5520 l).
1189 5447 1219 5506 st
1233 5463 1296 5506 cera
1307 5445 1400 5519 iustus
1412 5445 1591 5504 ιιιιιιιιιιιι
1603 5456 1664 5502 ιιι
1691 5440 1757 5510 ιιι,
