3750 5984
124 238 176 290 985
805 232 897 289 VITA.
918 260 953 273 -
972 232 1034 287 LlB.
1056 234 1101 289 lll.
1723 231 1776 287 986

124 357 268 412 mandatur
289 372 306 413 a
328 359 418 414 multis
443 363 501 428 eius
533 364 677 428 sanctitas,
702 362 760 429 eius
784 357 924 422 discretio,
941 357 1081 418 Anesciat
1095 374 1156 415 esse
1173 360 1292 415 votivum
1308 366 1336 414 ut
1351 358 1378 412 in
1403 363 1529 428 suscepto
1544 371 1617 413 cura
1632 355 1777 427 pastoralis
1810 395 1817 410 .

125 445 271 501 affabilitas
285 447 352 514 eius,
370 448 429 516 ejus
445 456 470 503 et
484 450 582 522 religio
600 451 627 505 in
647 451 811 505 immensum
826 445 927 502 attolli·
978 445 1065 504 officio
1080 448 1252 516 coadjntores
1268 446 1389 518 accipiat,
1407 453 1433 501 et
1451 444 1650 501 comministros
1664 444 1777 515 regula-

126 543 181 589 tur.
195 533 290 590 Omnis
305 535 422 608 denique
436 552 541 594 morum
556 539 703 611 elegantia,
728 538 817 594 omnis
840 535 927 591 virtu·
977 535 1014 589 ris
1038 535 1188 607 discipliuae
1211 535 1378 608 experientia
1402 534 1572 590 instructos?
1593 534 1694 589 verum
1717 533 1777 589 haec

127 629 185 677 tum
214 623 376 694 quadratura
407 625 435 679 in
459 625 517 682 solo
547 627 657 682 homine
690 628 742 682 isto
767 623 928 681 convenisse
976 625 1089 680 istorum
1104 632 1167 680 vota
1182 626 1224 681 vel
1243 624 1332 680 studia
1346 623 1424 679 robis
1448 622 1624 694 prejudicare
1649 636 1704 676 non
1725 635 1775 676 va·

126 711 299 782 praedicatur.
315 712 413 768 Nullus
432 729 475 781 eo,
499 731 605 771 summo
630 716 740 789 dignior
763 712 925 776 sacerdotio,
976 711 1041 767 lent.
1060 715 1186 769 Vestrum
1202 721 1244 768 est
1257 720 1394 769 rectorem
1413 710 1499 767 libera
1522 709 1634 782 eligere,
1649 708 1727 778 cujus
1742 708 1777 764 de

126 813 249 855 consona
262 800 409 857 multorum
424 817 491 859 roca
505 804 677 860 acclamatur.
701 804 743 858 Ad
765 804 823 857 baec
837 801 927 873 primo
976 809 1073 857 caetero
1098 802 1284 858 moderamina
1306 807 1429 871 oporteat
1452 799 1608 855 necessario
1630 811 1776 867 moresque

125 886 199 942 velut
222 888 334 944 horrore
357 891 474 962 quodam
502 892 628 962 pertundi
651 907 780 948 cerneres
802 890 926 946 homines
975 888 1102 945 tolerare.
1119 890 1243 961 Denique
1257 904 1313 944 non
1326 888 1353 943 in
1373 887 1458 961 regali
1480 886 1590 958 palatio,
1616 885 1666 941 sed
1687 899 1776 956 neque

125 974 263 1046 praesatos,
279 977 404 1034 homines
415 979 553 1048 nimirum,
576 997 635 1053 quae
657 981 748 1037 earnis
769 985 841 1043 sunt,
864 993 926 1032 sen·
975 979 1003 1033 in
1018 977 1165 1049 pontificali
1180 977 1305 1044 consilio,
1329 976 1477 1033 dummodo
1500 973 1654 1031 schismatis
1673 972 1718 1029 rel
1732 971 1774 1026 al·

124 1062 233 1128 tientes,
251 1065 385 1135 homines,
401 1068 524 1140 inquam,
546 1069 627 1125 etiam
652 1070 679 1124 in
694 1083 776 1125 causa
790 1066 849 1134 Dei,
865 1081 926 1138 quae
975 1067 1060 1122 terius
1074 1081 1128 1122 non
1152 1066 1315 1122 interveniat
1342 1080 1414 1121 noxa
1441 1062 1573 1131 criminis,
1597 1061 1661 1134 quin
1684 1060 1775 1132 potius

125 1152 267 1207 hominurn
289 1154 379 1224 potius
411 1173 492 1228 quarn
516 1173 577 1229 quae
600 1157 650 1213 Dei
673 1164 735 1212 sunt
761 1161 923 1227 quaerentes.
973 1156 1002 1210 in
1017 1171 1066 1211 suo
1081 1155 1266 1226 cujuscunque
1280 1154 1404 1211 ecclesie
1419 1151 1538 1224 capitulo
1560 1149 1676 1207 rectoris
1692 1148 1777 1206 cocla-

126 1241 250 1312 Denique
274 1242 375 1298 cultum
398 1245 520 1316 regionis
541 1246 622 1312 illius,
647 1246 715 1301 ritus
738 1253 765 1302 et
786 1243 925 1316 loquelam
974 1243 1130 1300 siasticiest
1144 1243 1308 1298 celebranda
1324 1241 1429 1298 electio.
1456 1242 1559 1312 ltaque,
1574 1246 1603 1294 ut
1616 1236 1776 1295 mcaerobis

124 1327 220 1398 ipsius,
238 1329 290 1384 sibi
304 1346 418 1401 prorsus
429 1341 474 1387 aut
484 1334 621 1389 contraria
632 1342 677 1388 aut
687 1334 781 1406 ignota
794 1331 925 1403 praelerre
974 1332 1113 1404 parvitatis
1138 1332 1279 1386 sentcntiae
1302 1331 1451 1395 intimetur,
1476 1327 1607 1385 noveritis
1628 1342 1671 1383 me
1692 1325 1774 1398 quid·

123 1431 179 1471 non
208 1417 267 1472 sine
290 1418 435 1475 derisionis
466 1421 598 1478 cachinno
612 1421 793 1493 proterebant.
823 1422 924 1476 Verum
974 1422 1039 1493 quid
1053 1421 1088 1475 de
1102 1420 1235 1475 electione
1250 1427 1339 1475 actum
1355 1425 1404 1483 est,
1421 1417 1527 1472 irritum
1540 1416 1643 1472 babere
1657 1422 1684 1471 et
1697 1428 1776 1485 pror·

123 1503 182 1560 bac
209 1504 316 1560 illorum
337 1508 438 1564 derisio
462 1525 478 1564 a
501 1525 597 1564 sanum
621 1510 797 1581 sapientibus,
823 1524 924 1582 magno
974 1525 1021 1565 sus
1035 1509 1122 1563 inana.
1140 1510 1195 1564 Vos
1210 1522 1319 1579 quoque
1333 1521 1382 1578 pro
1404 1503 1505 1561 inlecto
1524 1503 1658 1559 habentes
1683 1500 1773 1572 quod-

124 1606 219 1647 eorum
235 1596 389 1660 commodo,
406 1595 550 1653 salubriter
564 1597 656 1654 derisa
677 1606 728 1654 est.
745 1598 799 1669 lpsi
814 1613 924 1669 quoque
974 1613 1080 1669 cunque
1094 1594 1445 1667 superbocparsquaedarn
1458 1601 1545 1649 coetus
1559 1590 1643 1646 rertri
1653 1589 1773 1645 noscitur

124 1679 159 1733 ad
173 1679 346 1747 immensum,
360 1698 415 1739 non
430 1686 511 1740 modo
526 1702 591 1750 suae,
609 1686 663 1741 imo
680 1693 705 1741 et
727 1686 809 1741 totius
824 1685 921 1741 Eccle·
937 1692 1131 1769 Battentasse,
1148 1684 1181 1738 ad
1195 1683 1336 1755 propriam
1358 1699 1419 1738 cum
1443 1681 1492 1737 Dei
1514 1677 1705 1734 benedictione
1729 1690 1775 1732 ec·

122 1767 171 1823 sira
200 1778 301 1825 sanctae
333 1771 436 1836 decus,
461 1789 542 1845 quem
566 1774 706 1844 pueriliter
733 1774 922 1844 despexerant,
973 1774 1083 1829 alesiam
1098 1778 1227 1828 remeate.
1245 1771 1283 1826 lbi
1305 1771 1408 1842 Spiritu
1429 1769 1516 1825 sancti
1539 1764 1655 1824 consilio
1674 1763 1775 1837 pariter

122 1864 226 1912 mutato
241 1867 353 1928 repente
368 1860 491 1925 oonsilio,
512 1862 676 1918 unanimiter
699 1863 808 1918 demum
829 1863 924 1935 alege·
973 1869 999 1918 et
1013 1861 1146 1931 adjutorio
1162 1860 1233 1926 freti,
1246 1859 1402 1915 canonicam
1427 1857 1543 1929 pastoris
1566 1855 1648 1912 vestri
1663 1847 1773 1910 electio·

124 1946 416 2017 runr.1m,quemab
440 1956 542 2004 aterno
566 1949 594 2004 in
616 1950 670 2005 hoc
692 1951 780 2021 ipsum
803 1949 925 2022 elegerat
973 1967 1035 2006 nem
1059 1949 1218 2005 solemniter
1239 1947 1384 2004 celebrate.
1407 1945 1485 2015 Quod
1500 1952 1529 1999 ut
1543 1944 1627 2016 digne
1640 1940 1772 2006 efficiatis,

121 2037 263 2103 Dominus,
289 2044 413 2108 tempore
442 2037 571 2094 divinitus
599 2038 732 2110 praetinito
755 2039 865 2112 eligitur
888 2040 924 2094 ab
972 2053 1027 2094 non
1042 2038 1127 2111 regis,
1144 2053 1198 2093 non
1212 2036 1347 2108 praesulis,
1372 2051 1426 2091 non
1449 2033 1566 2105 deniqne
1588 2031 1774 2101 cujuscunque

119 2124 751 2197 hominibus.Gratulanturquinoveranteum,
765 2127 924 2199 etquinoti·
971 2127 1099 2193 hominis,
1123 2126 1173 2182 sed
1195 2125 1281 2181 solius
1304 2124 1354 2181 Dei
1383 2122 1576 2195 omnipotentis
1595 2119 1772 2183 voluntatem,

120 2213 165 2268 tiae
179 2213 237 2282 ejus
252 2220 377 2285 expertes
392 2220 479 2279 erant,
496 2213 688 2281 mirantur;in
702 2230 844 2272 commune
858 2229 922 2271 vero
972 2215 1089 2288 gratiam
1112 2223 1140 2270 et
1163 2213 1283 2270 savorem
1316 2228 1374 2284 prae
1394 2211 1479 2268 oculis
1502 2208 1636 2266 habeatis.
1660 2204 1772 2262 hliuds

120 2302 155 2355 ab
168 2301 295 2357 omnibus
318 2301 450 2358 Dominus
473 2302 548 2359 Deus
569 2319 638 2360 voce
662 2303 792 2359 altissima
816 2303 922 2360 collau·
971 2303 1177 2375 meaparvitata
1191 2301 1302 2358 minime
1324 2298 1517 2373 reprobabitis.
1543 2296 1622 2353 Abite
1636 2293 1729 2368 igitur,
1744 2300 1771 2349 ct

120 2389 205 2445 datur.
971 2392 1086 2465 angelus
1099 2389 1209 2447 Domini
1223 2390 1312 2446 bonus
1326 2388 1471 2447 comitetur
1484 2388 1635 2444 vobiscum.
1655 2407 1666 2433 a

421 2514 533 2572 CAPUT
555 2515 588 2571 H·
1004 2481 1045 2536 Eo
1059 2482 1148 2552 itaque
1163 2479 1191 2535 in
1206 2478 1339 2535 sententia
1357 2476 1530 2549 persistente,
1546 2489 1609 2531 cnm
1624 2471 1772 2544 nullapos-

972 2575 1013 2624 set
1027 2569 1131 2624 ratione
1145 2566 1237 2623 induci
1251 2575 1281 2621 ut
1292 2566 1351 2639 regi
1366 2582 1415 2622 seu
1425 2561 1613 2635 archipresuli
1628 2576 1706 2617 suam
1719 2573 1770 2632 pro

124 2639 338 2710 Quamssffluw
349 2640 516 2696 mmmm
530 2642 621 2712 Pl'l'm0
636 2641 707 2696 ‘1⁶⁸⁶
721 2642 830 2711 imam
841 2656 921 2712 '01³⁰'
972 2656 1018 2711 tali
1032 2657 1143 2729 negotio
1158 2655 1333 2727 praeentiam
1346 2653 1496 2722 exhiberet,
1506 2651 1544 2706 illi
1555 2650 1591 2707 ad
1604 2665 1662 2719 eos,
1678 2647 1725 2720 qui
1740 2663 1770 2704 sa

156 2715 220 2793 ΨΜ
234 2711 349 2766 irritam
358 2714 386 2766 δι
396 2713 522 2779 immem'
534 2712 570 2766 “d
580 2712 794 2794 ‘mmmmm
803 2727 921 2783 ''mm‘'
969 2744 1108 2812 irriserant,
1126 2743 1287 2818 quantocius
1300 2743 1447 2807 redierunt,
1459 2740 1528 2796 miro
1541 2738 1623 2796 modo
1638 2738 1666 2792 in
1680 2736 1771 2793 omni·

154 2781 659 2865 ertatadcntbedrolem'ecclesiam
679 2785 848 2848 remeantes,
864 2782 920 2838 ele·
970 2833 988 2889 b
1139 2834 1157 2888 b
1257 2814 1282 2888 ἆ,
1536 2828 1542 2838 .
1709 2823 1736 2880 ,ἀ
1754 2853 1769 2867 .

154 2856 277 2909 ottonem
292 2852 395 2908 ebidem
410 2868 577 2909 eoaonrcnm
587 2852 774 2910 celebrarent.
989 2850 1031 2901 ¹1⁸2
1048 2849 1107 2905 (1¹1ae
1122 2848 1138 2888 ὓ
1171 2847 1206 2890 0⁰
1220 2848 1255 2888 Ν
1275 2838 1371 2897 ῑθΐθῦῑι
1389 2838 1416 2887 el
1439 2845 1498 2902 quae
1518 2842 1593 2884 ΟΜ
1612 2841 1675 2884 ⁰⁰¹¹¹
1690 2841 1717 2883 Vl
1737 2839 1753 2881 θ

970 2900 1190 2990 rantJadificati.
1205 2921 1264 2977 Nec
1283 2920 1371 2976 solum
1395 2917 1457 2990 ipsi,
1487 2916 1537 2972 sed
1551 2923 1579 2972 et
1602 2929 1698 2970 omnes
1722 2911 1769 2985 qui

969 3011 1113 3066 audierunt
1126 3010 1217 3067 mirati
1232 3017 1295 3064 sunt
1309 3017 1336 3064 et
1354 3008 1529 3064 vehementer
1547 3002 1698 3073 jucundati,
1715 2999 1769 3057 col·

968 3099 1141 3156 laudantibus
1155 3099 1183 3154 in
1198 3113 1231 3154 eo
1246 3097 1350 3154 cunctis
1365 3111 1398 3152 ac
1418 3091 1656 3166 magnificantibus
1679 3089 1768 3145 sinca-

967 3188 1076 3244 ritatcm
1090 3187 1182 3253 animi,
1199 3187 1327 3241 virtutem
1346 3183 1451 3240 eximiae
1465 3178 1647 3245 discretionis,
1664 3176 1767 3235 vivaci-

968 3284 1048 3331 tatem
1063 3275 1168 3333 consilii
1184 3282 1209 3330 et
1224 3274 1310 3330 zelum
1325 3271 1520 3330 ecclesiastica
1537 3266 1683 3326 libertatis.

153 2955 233 3013 Claro
247 2956 328 3030 igitur
343 2964 461 3029 petente,
477 2973 542 3030 rege
565 2958 743 3031 approbante,
760 2959 919 3030 proceribus

117 3060 178 3102 cum
194 3045 330 3117 episcopis
353 3045 577 3116 acclamantibus,
593 3062 609 3102 a
633 3046 843 3119 metropolitano
859 3047 953 3126 ajuro

116 3150 180 3191 mox
194 3134 290 3191 electio
306 3134 494 3202 confirmatur,
510 3136 570 3206 ipso
585 3134 692 3191 interim
718 3136 746 3191 in
761 3152 810 3193 suo
824 3152 919 3193 cremo

115 3219 226 3286 latente,
242 3226 269 3275 et
283 3219 348 3291 quid
362 3220 398 3275 de
413 3236 443 3275 se
458 3219 557 3275 abillis
572 3220 629 3290 (86)
652 3219 734 3292 longe
749 3236 765 3275 a
780 3221 919 3292 sepositis

115 3314 244 3380 ageretur
257 3322 371 3378 prorsus
386 3307 535 3364 nesciente.
556 3311 580 3363 A
602 3308 663 3365 loco
682 3316 771 3364 autem
785 3308 855 3381 ipso,
873 3309 919 3365 ubi

116 3395 253 3452 celebrata
268 3402 308 3451 est
323 3395 420 3452 electio
436 3396 505 3468 ipsa,
529 3396 623 3452 directi
650 3405 711 3453 sunt
729 3398 763 3453 ad
778 3413 840 3453 eum
855 3398 918 3470 qui·
1286 3415 1399 3472 ggppp
1417 3416 1465 3471 111,

116 3485 176 3540 dam
188 3501 224 3584 fx
240 3484 333 3584 mimis
356 3484 531 3585 elfcwriplfs’
556 3484 608 3584 iffi?
620 3485 674 3585 jim
691 3485 724 3585 in.
740 3501 789 3557 ⁵¹³⁰
810 3486 918 3542 ⁰¹eri⁰i⁸
970 3526 1098 3593 Qualiter
1104 3539 1154 3594 pro
1165 3524 1303 3579 electione
1315 3523 1439 3578 secanda
1447 3521 1523 3593 opud
1533 3521 1713 3577 lincolniam
1722 3534 1767 3576 ce·

115 3677 176 3717 cum
197 3660 294 3717 litteris
318 3660 401 3734 regiis
425 3676 533 3734 quoque
556 3660 722 3729 deserentes,
745 3670 774 3718 ut
800 3662 916 3719 adeum
1004 3664 1160 3720 terrassia
1174 3660 1765 3739 obedientiaepiscopaleoausaonsabita-

114 3750 285 3821 perveniunt,
301 3749 326 3804 ei
348 3749 496 3806 vocationis
517 3765 573 3806 suae
597 3751 721 3807 ordinem
745 3752 780 3807 ad
801 3753 916 3823 gradum
1002 3752 1080 3791 rum·

115 3836 286 3910 superiorem
302 3847 451 3911 exponunt.
467 3837 527 3908 Quo
542 3838 587 3896 ille
601 3839 704 3906 audito,
724 3839 821 3896 litteris
836 3840 915 3896 etiam
1002 3840 1113 3896 Talibus
1126 3840 1208 3914 igitur
1230 3839 1266 3895 ad
1289 3839 1408 3896 notitiam
1437 3837 1636 3895 lincolniensis
1656 3835 1765 3908 capituli

113 3942 183 4000 quas
196 3926 340 3983 attulerant
365 3927 495 3999 inspectis
516 3928 626 4000 (quibus
648 3936 710 4001 post
734 3927 786 3984 alia
809 3929 915 3987 denun-
964 3930 1088 4002 perlatis,
1105 3929 1268 3986 universitas
1282 3927 1354 3984 illius
1368 3927 1477 4001 collegii
1493 3927 1548 3997 jam
1563 3926 1641 3999 quasi
1656 3925 1765 3981 arrham

112 4015 229 4071 tiabatur
242 4016 278 4083 ai,
294 4023 428 4088 quatenus
452 4017 503 4072 sub
526 4016 666 4073 celeritate
690 4017 750 4091 rogi
774 4025 801 4073 et
823 4017 915 4074 archi·
965 4018 1061 4075 tuturae
1075 4017 1240 4074 strenuitatis
1252 4025 1278 4074 et
1293 4015 1425 4090 quasdam
1439 4015 1571 4075 virtutum
1583 4013 1715 4087 primitias
1730 4014 1764 4072 de

112 4104 242 4176 episcopo
267 4120 327 4161 sese
351 4112 540 4176 praesentaret,
565 4106 599 4161 dc
622 4107 836 4164 consecrationis
860 4123 915 4164 sure
966 4123 1015 4163 suo
1024 4107 1110 4165 electo
1121 4124 1150 4163 se
1158 4107 1315 4178 percepisse
1325 4105 1474 4177 impensius
1484 4104 1644 4177 gratulatur.
1657 4103 1765 4177 Quique

113 4193 224 4266 negotio
238 4194 414 4264 tractaturus)
429 4194 483 4249 talo
498 4194 526 4249 in
554 4193 702 4252 continenti
727 4196 762 4251 ad
786 4195 876 4250 audita
889 4203 915 4251 et
965 4196 1040 4267 prius
1054 4212 1084 4252 so
1098 4195 1169 4251 male
1183 4194 1311 4250 inductos
1322 4209 1354 4250 ac
1363 4193 1562 4250 circumventos
1571 4191 1763 4264 querebantur,

112 4281 236 4353 inspecta
249 4281 324 4337 dedit
338 4297 509 4353 responsum.
965 4293 994 4338 ut
1007 4284 1144 4339 hominem
1158 4291 1255 4338 natura
1275 4280 1431 4347 barbarum,
1457 4280 1590 4349 moribus,
1615 4288 1645 4337 ut
1670 4279 1764 4336 tormi-

148 4393 158 4417 ι
176 4369 248 4436 Non,
263 4369 358 4442 inquit,
375 4369 480 4426 ridetur
494 4370 656 4439 mirandum,
673 4373 696 4426 si
721 4371 846 4428 dominus
861 4387 908 4429 ar·
965 4370 1076 4438 dabant,
1092 4379 1232 4444 agrestem
1254 4377 1433 4442 maspetum,
1458 4368 1510 4425 sibi
1539 4369 1566 4424 in
1590 4377 1722 4427 rectorem
1736 4384 1765 4435 st

917 4418 944 4479 D

110 4458 310 4529 chiepiscopus,
341 4466 386 4513 ant
414 4459 493 4514 etiarn
524 4460 651 4515 dominus
674 4476 740 4527 rex,
763 4475 909 4530 personam
961 4461 1101 4516 dominum
1121 4458 1279 4530 elegissent,
1304 4473 1377 4515 nunc
1401 4457 1460 4515 vice
1483 4473 1562 4514 versa
1585 4458 1713 4515 honitatis
1736 4466 1764 4516 et

110 4562 209 4613 meam,
235 4547 359 4618 quamvis
383 4546 430 4602 tali
451 4548 553 4604 honore
576 4547 727 4622 indignam,
752 4548 814 4605 licet
836 4557 912 4608 tanto
961 4549 1099 4619 sapientiae
1114 4547 1186 4603 illius
1201 4549 1299 4604 virtute
1322 4553 1470 4618 comperta,
1499 4546 1655 4604 accelerant
1671 4548 1762 4604 denuo
1862 4590 1864 4597 .

109 4635 186 4690 oneri
200 4635 283 4707 longe
296 4636 438 4708 imparem,
463 4637 497 4691 ad
520 4637 638 4710 gradum
660 4637 778 4694 libenter
801 4637 911 4694 videant
960 4637 995 4693 dc
1008 4652 1080 4693 novo
1094 4635 1196 4710 eligere
1211 4635 1297 4703 illum,
1313 4643 1349 4703 et,
1362 4644 1390 4693 ut
1404 4652 1488 4708 snper
1497 4635 1675 4708 sapastoralis
1689 4651 1761 4691 cnrae

107 4723 221 4794 provehi
237 4723 371 4780 altiorem.
387 4725 457 4780 Nam
473 4733 500 4779 et
511 4724 622 4781 domino
636 4725 697 4799 regi
712 4725 773 4798 quis
788 4725 910 4799 ambigat
959 4726 1136 4781 ministerium
1167 4725 1295 4798 dignetur
1317 4727 1466 4798 suscipere,
1492 4725 1669 4782 devotissime
1693 4740 1760 4795 sup-

108 4810 280 4883 placitumm,
295 4811 318 4866 si
333 4812 407 4868 viros
422 4827 438 4867 a
453 4828 483 4867 sc
506 4813 647 4885 religionis
671 4812 783 4869 obtentu
797 4813 831 4869 dc
845 4830 909 4886 par·
959 4814 1070 4887 plicant.

109 4898 181 4954 tibus
197 4898 296 4955 ascitos
311 4900 434 4965 remotis,
451 4901 590 4971 prosperis
605 4900 631 4955 in
653 4916 739 4973 regno
754 4917 805 4956 suo
820 4900 910 4958 rideat
995 4902 1135 4958 Mittuntur
1149 4903 1247 4959 iterum
1255 4918 1317 4960 cum
1325 4903 1419 4961 litteris
1433 4902 1552 4975 capituli,
1565 4901 1640 4974 regis
1655 4914 1762 4974 quoquc

108 4988 206 5043 llorere
221 4988 419 5044 successibus?
433 4988 608 5044 nihilominus
623 4996 649 5044 et
663 4989 773 5045 domino
788 4990 909 5046 Cantus·
959 4999 985 5047 et
1009 4990 1209 5063 archicpiscopi
1231 4992 1317 5048 nuntii
1340 4993 1431 5064 plures
1454 4991 1602 5063 prioribus.
1627 4989 1760 5047 Omnibus

107 5075 201 5142 riensi,
218 5077 265 5148 qui
278 5076 419 5150 religionis
443 5076 564 5132 habitum
585 5078 641 5146 jam
664 5094 734 5150 ponc
754 5078 828 5136 solus
852 5080 908 5150 (87)
959 5078 1051 5153 itaque
1066 5079 1282 5137 existimantibus
1297 5087 1514 5137 consummatum
1527 5079 1585 5148 ianr
1599 5094 1660 5135 esse
1674 5095 1761 5152 nego·

107 5164 178 5220 inter
191 5164 335 5237 episcopos
351 5174 430 5221 terrra
454 5165 534 5234 hujus
557 5165 686 5236 preferre
709 5166 822 5234 videtur,
849 5167 909 5239 quis
959 5167 1025 5223 tium
1040 5184 1091 5225 nec
1107 5167 1191 5224 ullum
1215 5169 1239 5226 ei
1262 5169 1297 5226 de
1322 5176 1420 5226 caetero
1441 5183 1587 5240 superesse
1609 5168 1759 5241 procrasti-

142 5343 196 5407 (ttss)
209 5345 286 5395 Erant
302 5345 336 5395 illi
349 5344 373 5394 in
386 5345 657 5406 cetrobinEyneslraim
678 5346 723 5396 sub
743 5347 907 5398 Lincolniensi
959 5350 1023 5401 hunc
1047 5351 1127 5402 adhue
1150 5350 1265 5403 vivobant
1288 5351 1410 5402 Gilbcrtus
1436 5348 1573 5400 exabbate
1596 5348 1757 5401 Glonecstrie

105 5411 214 5474 dioecesi,
227 5413 296 5473 liuga
318 5415 396 5461 autom
410 5413 434 5461 in
447 5413 577 5463 carthusia
601 5413 773 5464 ll'itbamiensi
795 5414 909 5466 diaecesis
959 5416 1203 5480 episcopusprimum
1223 5417 1418 5480 lleretordensls,
1432 5420 1458 5468 et
1477 5415 1564 5468 ultimo
1585 5415 1756 5478 Londincnsis,

107 5477 301 5529 barthoniensis.
958 5487 982 5534 et
993 5485 1098 5535 loannes
1111 5496 1141 5534 er
1154 5483 1312 5536 cisterciensi
1325 5485 1451 5549 episcopus
1463 5482 1636 5546 Norrrteansts,
1658 5482 1719 5533 loma
1731 5485 1756 5534 at

142 5542 198 5609 (87)
211 5544 342 5596 balduinus
365 5549 417 5594 crat
432 5558 462 5596 es
487 5547 571 5597 ordine
594 5546 761 5607 Cisterrienst,
775 5551 799 5598 at
817 5550 909 5611 prater
958 5549 1055 5612 quidam
1068 5550 1120 5601 alil.
