3742 5986
178 227 231 285 827
456 223 485 282 S.
505 220 681 281 BRUNONlS
699 216 1024 277 cauruuslauouutt
1042 217 1286 278 insultaturus
1305 208 1382 277 01³1>ss
1403 218 1491 276 PARS
1510 219 1544 275 ll.
1672 270 1678 281 ,
1769 221 1823 278 tto

178 352 249 407 rium
267 351 371 407 Christi
384 348 459 422 regis
474 356 500 404 et
514 348 678 404 sacerdotis.
707 345 860 402 Secundum
882 343 972 398 homi-
986 347 1011 406 Α
1024 360 1054 400 εε
1073 345 1175 401 habere
1193 346 1326 414 jactaret,
1347 344 1428 400 etsie
1443 343 1560 398 ministri
1575 342 1723 408 Ecclesiae,
1740 344 1824 399 etiam

177 456 240 496 nem
255 440 316 496 dico
331 439 377 511 qui
397 447 424 493 et
438 438 588 493 immolavit
610 437 731 507 seipsum
756 435 783 488 in
805 449 852 487 ara
871 432 969 501 crucis,
1023 434 1068 505 qui
1080 435 1146 503 justi
1163 443 1265 501 essent,
1281 433 1309 488 in
1324 440 1511 504 contemptum
1533 433 1667 489 venirent.
1685 433 1767 502 Cujus
1781 432 1823 488 rei

174 538 266 584 utnos
281 526 582 592 mundaretadelictis,
609 541 693 596 seque
709 521 903 577 immolandum
918 536 971 575 no·
1022 522 1146 578 Christus
1190 523 1306 578 formam
1335 522 1503 593 relinquens,
1550 522 1679 577 suscitato
1708 522 1820 589 Lazaro,

173 617 215 672 bis
244 617 364 690 quotidie
391 615 509 670 inaltari
537 614 622 668 dedit.
652 613 734 683 Regis
763 611 854 676 etiam,
871 609 971 680 quiaet
1022 610 1088 665 dixit
1098 610 1257 682 discipulis:
1273 610 1390 666 «Solvite
1402 627 1463 665 eum
1474 610 1587 666 etsiuite
1599 610 1674 664 abire
1683 610 1776 680 (ioan.
1789 625 1818 677 ιι,

173 705 315 772 horsadal,
331 713 357 760 et
372 704 398 758 in
414 703 494 760 bonis
508 702 587 773 regit.
606 701 711 756 Christi
725 699 786 755 dico
800 699 875 763 lesu,
892 697 971 752 idest
1021 699 1077 771 il),
1094 720 1104 749 ι
1123 699 1271 754 ostendens
1293 699 1430 754 nemiuem
1446 714 1527 770 posse
1542 698 1611 754 solvi
1635 697 1688 753 nisi
1702 713 1751 770 per
1766 698 1821 753 mi·

175 794 340 859 Satoatcris,
357 793 403 865 qui
427 791 496 847 etin
512 789 640 863 praesenti
666 787 753 843 salvat
766 803 781 840 u
796 786 886 853 malis,
903 785 971 841 etin
1021 788 1132 855 nistros,
1151 788 1249 859 quibus
1264 788 1323 843 hac
1345 787 1495 843 ministeria
1509 786 1615 842 credita
1628 794 1700 842 sunt.
1720 787 1820 844 Gratia

175 881 265 938 loturo
295 882 411 937 salutem
439 889 568 936 aeternam
596 879 708 933 daturus
724 882 765 930 est
784 875 851 930 suis.
872 871 970 929 Christi
1021 875 1113 947 utique
1128 877 1332 942 misericordia,
1348 883 1375 931 et
1388 893 1459 948 pac,
1474 875 1510 933 sit
1521 875 1572 929 tibi
1587 876 1669 932 alica
1682 874 1739 947 qui,
1756 892 1820 931 eum

172 971 238 1026 lesu
252 970 323 1035 dico,
339 969 457 1025 auctoris
472 970 530 1040 spei
548 970 662 1031 nostros,
680 965 707 1020 id
722 971 764 1020 est
777 962 970 1034 recuperande
1020 965 1094 1020 Dens
1109 965 1153 1030 sit,
1171 964 1229 1020 haec
1244 972 1270 1020 et
1284 964 1374 1020 omnia
1388 970 1487 1035 potest.
1504 965 1557 1019 Deo
1571 962 1633 1019 dico
1645 966 1741 1030 Patre,
1759 964 1817 1035 qni,

173 1057 396 1130 impassibilitatis
411 1065 438 1112 et
452 1054 670 1119 immortalitatis,
696 1069 761 1125 quas
776 1068 827 1123 per
842 1067 904 1106 eum
919 1065 970 1105 nos
1021 1068 1054 1108 ex
1067 1069 1101 1109 eo
1115 1053 1185 1125 quod
1202 1054 1280 1108 Pater
1303 1060 1354 1119 est,
1375 1052 1542 1109 uoluntatem
1557 1059 1583 1107 et
1597 1052 1670 1123 piam
1691 1050 1818 1109 affectio-

175 1154 388 1219 recuperaturos
404 1161 557 1217 speramus,
575 1142 620 1215 qui
636 1157 746 1199 carnem
760 1148 882 1196 nostram
897 1139 924 1193 in
941 1153 971 1194 se
1020 1157 1082 1196 nem
1098 1141 1170 1197 circa
1180 1148 1207 1197 te
1222 1149 1248 1197 et
1263 1157 1372 1197 omnem
1385 1139 1470 1196 lilium
1494 1140 1586 1196 habet.
1613 1140 1652 1197 Sit
1667 1141 1748 1196 etiam
1772 1141 1821 1197 tibi

173 1236 256 1293 verbo
281 1235 331 1290 Dei
355 1235 457 1290 unitam
473 1233 566 1288 extuht
581 1247 662 1302 supra
683 1246 792 1286 omnem
806 1235 967 1293 creaturam,
1020 1230 1072 1284 hoc
1099 1229 1172 1284 idem
1200 1248 1217 1285 α
1236 1229 1344 1286 Christo
1364 1231 1453 1296 lesa,
1476 1229 1521 1300 qui
1545 1244 1607 1285 cnm
1635 1229 1670 1283 sit
1697 1245 1760 1295 rex,
1791 1237 1819 1285 et

172 1325 238 1381 nihil
254 1339 338 1395 supra
367 1338 428 1378 earn
443 1322 600 1392 relinquens
621 1327 720 1390 praeter
737 1317 903 1373 divinitatem
918 1315 970 1370 sibi
1020 1318 1126 1373 salvare
1141 1319 1255 1384 venerit,
1267 1318 1433 1374 voluntatem
1453 1317 1578 1373 similiter
1590 1318 1683 1373 hahet.
1698 1319 1719 1373 t
1732 1319 1817 1374 otri-

173 1414 365 1471 cohaerentem.
396 1411 465 1481 Spes
490 1408 561 1464 enim
585 1408 693 1472 dicitur,
722 1422 777 1462 non
798 1404 970 1475 dabisque
1020 1410 1062 1462 sto
1076 1407 1138 1462 dico
1152 1408 1270 1462 Domino
1286 1411 1392 1476 nostra,
1415 1423 1507 1479 quem,
1531 1406 1596 1478 qnia
1618 1405 1750 1463 Dominus
1764 1413 1816 1474 est,

172 1502 316 1565 habemus,
328 1508 357 1553 ut
363 1497 583 1567 justificationem
596 1496 630 1552 :3
639 1494 670 1551 1
681 1493 712 1550 1
722 1493 863 1565 apeccatis
872 1494 898 1546 in
918 1492 970 1546 ha·
1019 1495 1072 1550 hoc
1087 1502 1114 1550 et
1128 1493 1220 1550 omnia
1235 1511 1317 1566 posse
1333 1504 1458 1566 apparet.

172 1590 282 1661 ptismo,
294 1586 343 1643 sed
352 1588 387 1642 de
397 1586 439 1640 his
450 1601 510 1656 quae
520 1600 570 1639 nos
580 1584 721 1639 habituros
731 1583 876 1646 credimus,
885 1580 971 1636 utim-
1055 1583 1143 1639 Finita
1154 1582 1316 1639 salutatione
1326 1583 1420 1655 incipit
1437 1581 1587 1655 Epistulam
1597 1582 1711 1639 dicens:
1727 1581 1751 1639 0
1768 1583 1815 1639 Ti·

171 1677 362 1733 mortalitatem
377 1682 403 1730 et
417 1673 660 1745 impassibilitatem
675 1688 726 1743 per
740 1671 886 1727 Christum.
901 1670 1005 1762 SpesB
1019 1673 1137 1740 mothee,
1150 1670 1187 1726 ita
1201 1671 1244 1727 iac
1253 1672 1459 1738 subaudi,sicut
1469 1673 1563 1743 rapaci
1574 1676 1610 1738 tc,
1625 1671 1672 1726 nbi
1681 1671 1813 1738 aitsicttt,

173 1766 246 1821 enim
274 1772 315 1821 est
342 1762 508 1834 exspectatio
532 1759 628 1816 laturre
644 1760 722 1816 bouae
736 1759 774 1814 rei
785 1775 845 1815 cum
861 1758 970 1814 deside-
1018 1766 1094 1815 notat
1110 1758 1295 1831 quantitatem.
1312 1758 1397 1827 Quasi
1419 1759 1522 1815 diceret
1533 1761 1609 1832 :Ego
1619 1759 1711 1814 multis
1724 1759 1816 1815 modis

172 1853 224 1909 rio.
1019 1845 1152 1919 frequenti
1167 1847 1326 1918 repetitione
1349 1847 1442 1902 monui
1466 1855 1504 1916 te,
1519 1855 1548 1901 ut
1563 1847 1686 1903 docendo
1701 1846 1814 1903 insiste-

207 1942 315 2008 Paulus,
326 1940 445 2012 inquam,
458 1937 596 2011 apostolus
607 1937 646 1993 sie
656 1944 682 1993 et
700 1935 739 1992 sic
753 1942 836 2007 optat,
848 1933 967 2000 mandat,
1018 1951 1073 2004 res,
1091 1945 1115 1991 et
1130 1937 1206 1992 sicat
1219 1935 1311 1991 monui
1336 1943 1371 2004 te,
1393 1936 1520 1991 omnibus
1534 1936 1634 2003 modis,
1650 1935 1726 1992 omni
1740 1935 1814 1990 assi-

173 2031 217 2086 uel
227 2030 330 2102 aliquid
343 2029 396 2083 tale
412 2028 550 2083 Timotheo
560 2027 620 2095 filio
631 2025 700 2079 bene
711 2023 825 2078 imitanti
836 2039 875 2086 se,
887 2038 968 2094 quem
1018 2022 1119 2079 duitate
1147 2023 1199 2079 iac.
1223 2023 1274 2079 Ubi
1304 2024 1341 2078 ait
1366 2041 1373 2078 ε
1399 2025 1509 2095 lloyani,
1532 2039 1594 2080 cum
1617 2023 1663 2096 qui
1685 2023 1815 2095 praelatus

171 2119 265 2193 genuit
278 2118 310 2173 in
319 2116 383 2186 fide,
400 2115 474 2187 quia,
484 2129 546 2170 cum
562 2112 679 2168 infidelis
688 2118 769 2178 esset,
788 2109 897 2166 fidelem
906 2126 968 2165 eum
1018 2119 1086 2178 erat,
1104 2111 1197 2167 dicere
1211 2119 1304 2182 posset
1319 2119 1347 2167 ut
1361 2111 1496 2182 discipulo
1510 2111 1639 2184 praecepi,
1658 2110 1726 2167 satis
1736 2126 1815 2169 oom-

170 2207 235 2264 iecit
262 2206 333 2261 Filia
355 2204 418 2260 dieo
440 2204 542 2259 dilecta
562 2200 694 2274 peculiari
709 2207 735 2256 et
749 2198 859 2270 speciali
874 2198 966 2264 modo,
1017 2198 1129 2254 mandat
1150 2199 1332 2265 Timotheum,
1355 2199 1497 2255 insinuans
1511 2216 1573 2255 enm
1594 2199 1676 2255 talem
1693 2199 1739 2272 qui
1760 2215 1816 2256 non

171 2295 244 2369 quia,
279 2310 340 2349 cum
376 2291 465 2347 omnis
494 2289 587 2362 utique
615 2287 703 2344 fidelis
737 2286 893 2359 diligendus
922 2285 966 2353 sit,
1018 2303 1051 2343 ex
1066 2286 1181 2358 imperio
1195 2288 1365 2343 coercendus
1377 2296 1459 2358 esset,
1474 2288 1523 2344 sed
1534 2305 1567 2344 ex
1582 2289 1700 2360 quadam
1714 2288 1815 2360 parita-

169 2383 279 2456 quidam
302 2378 433 2436 tamenin
450 2378 489 2434 eis
505 2386 567 2433 sunt
582 2377 628 2449 qui
650 2374 795 2448 privilegio
811 2373 911 2430 amoris
924 2373 966 2428 di·
1017 2375 1052 2430 tis
1066 2375 1199 2448 dignitate
1213 2375 1405 2432 cohortandus.
1421 2375 1506 2447 Sicut,
1532 2376 1652 2449 inquam,
1672 2376 1771 2450 rogaui
1786 2380 1814 2434 te

168 2471 272 2544 ligendi
298 2477 369 2524 sunt.
401 2467 508 2534 Paulus,
538 2466 661 2537 inquam,
691 2464 800 2519 mandat
824 2463 966 2518 Timotheo
1016 2467 1050 2519 at
1064 2480 1226 2520 remaneres
1240 2465 1343 2536 Ephesi
1357 2464 1583 2520 adordinandum
1597 2465 1636 2520 ihi
1650 2464 1815 2522 ecclesiasti·

168 2560 231 2626 hac,
248 2558 310 2623 sibi,
327 2557 370 2613 vel
385 2555 442 2622 tibi,
467 2555 618 2620 Timothee,
640 2553 744 2625 pratia,
760 2551 965 2618 misericordia,
1017 2568 1078 2609 cum
1093 2551 1309 2618 ordinamenta
1323 2553 1724 2625 ego,oonversisEphesianis,
1740 2555 1813 2611 irent

169 2648 197 2700 et
205 2660 277 2716 pac.
293 2642 323 2696 ln
337 2640 397 2695 eliis
411 2655 513 2711 ponere
528 2637 598 2694 salet
617 2638 711 2709 pratia
726 2642 827 2691 tantum
842 2638 871 2691 ct
893 2652 963 2707 pac,
1016 2642 1049 2695 in
1065 2638 1265 2707 Macedoniam,
1284 2648 1313 2695 ut
1336 2641 1500 2697 Macedonas
1514 2641 1601 2697 verbo
1614 2640 1816 2713 predicationis

168 2730 327 2804 significans
350 2728 388 2783 ibi
409 2726 602 2798 pergratiam,
626 2725 699 2798 quod
722 2724 767 2780 hic
788 2738 839 2795 per
859 2722 966 2779 miseri·
1016 2735 1218 2802 epnverterem,
1244 2728 1271 2782 in
1287 2745 1341 2800 quo
1356 2736 1383 2784 et
1406 2737 1434 2784 tu
1449 2729 1514 2785 mihi
1536 2729 1711 2786 necessarius
1725 2746 1812 2798 esses,

170 2819 302 2887 cordiam,
337 2815 526 2873 remissionem
556 2813 660 2870 scilicet
682 2819 877 2884 peecatorum
903 2827 964 2881 quae
1015 2823 1096 2888 teque
1110 2831 1219 2873 mecum
1232 2815 1333 2872 iturum
1347 2833 1381 2873 ex
1409 2816 1696 2887 voluntateobtnlisti3
1716 2818 1814 2876 ridens

167 2907 251 2980 gratia
279 2905 388 2972 dicitur,
417 2904 481 2976 quia
511 2902 595 2975 gratis
620 2901 678 2956 sine
693 2901 780 2973 pretio
799 2898 843 2956 vel
867 2899 965 2955 merito
1015 2911 1105 2960 tamen
1120 2904 1194 2976 qnod
1208 2905 1296 2974 major
1308 2905 1457 2962 necessitas
1472 2905 1651 2974 incumberet,
1667 2906 1760 2963 dimisi
1775 2915 1812 2977 te,

166 3003 259 3052 nostro
286 2993 466 3049 dimittuntur.
495 2989 692 3055 Misericordia,
718 2987 843 3044 remissio
857 2987 963 3055 dicitur,
1014 3000 1043 3048 ut
1068 2992 1240 3064 Ephesianos
1265 2993 1425 3050 instrueres.
1454 2995 1506 3051 llic
1533 2994 1651 3067 primum
1675 2995 1812 3067 incipitde

166 3084 230 3157 qnia
253 3098 308 3138 non
332 3077 548 3136 misericordiam
571 3077 622 3133 Dei
644 3084 754 3148 peccata
775 3076 958 3131 dimittuntur.
979 3053 1277 3152 0pseudodoctoribus
1298 3082 1473 3153 repellendis,
1494 3083 1608 3140 dicens:
1631 3083 1810 3152 Remaneres,

164 3170 354 3228 Misericordia
378 3169 477 3240 itaque,
493 3167 520 3222 id
536 3175 576 3222 est
598 3165 723 3221 remissio
746 3171 963 3236 peccatorumet
1013 3168 1132 3241 inquam,
1150 3170 1212 3226 ideo
1234 3174 1269 3226 ut
1281 3170 1476 3227 denuntiares.
1494 3171 1625 3228 Nuntiate
1639 3172 1757 3230 dicimus
1771 3173 1813 3229 in·

164 3275 228 3332 pax,
253 3259 281 3314 id
310 3265 351 3313 est
379 3254 561 3326 tranquillitas
590 3253 674 3309 animi
694 3268 777 3325 quarn
804 3253 848 3309 hic
862 3252 964 3308 habent
1013 3264 1054 3312 ter
1067 3273 1167 3329 pares;
1183 3258 1344 3315 denuntiare
1358 3267 1470 3326 autem„
1487 3267 1515 3315 nt
1528 3276 1544 3315 a
1558 3260 1673 3332 prelato
1686 3261 1810 3318 subditis.

166 3347 254 3404 sancti
268 3346 443 3418 praelibantes
458 3360 508 3416 per
522 3344 573 3399 hoc
587 3341 759 3399 dulcedinem
777 3348 887 3397 aeternae
911 3355 962 3412 pa·
1012 3346 1195 3402 Denuntiares
1224 3346 1316 3419 utique
1343 3348 1520 3420 quibasdam,
1544 3348 1572 3403 id
1597 3357 1638 3404 est
1652 3348 1811 3406 doctoribus

161 3437 210 3494 cis.
240 3437 314 3505 Hac,
336 3434 456 3506 inquam,
481 3430 669 3488 misericordia
682 3437 708 3486 et
722 3446 786 3502 pax,
802 3430 855 3485 sint
869 3444 963 3501 perse-
1012 3433 1067 3489 illis
1081 3434 1127 3506 qui
1141 3434 1309 3509 singularem
1332 3435 1486 3492 ductrinem
1507 3436 1639 3493 inducunt
1653 3452 1671 3494 a
1685 3452 1811 3494 commu·

165 3525 291 3581 verentia
317 3522 376 3578 tibi.
405 3522 468 3578 Non
494 3521 557 3575 ideo
570 3520 622 3575 hoc
637 3526 720 3591 optat,
736 3534 797 3574 cum
811 3518 882 3574 hene
896 3517 963 3573 sciat
1013 3522 1093 3578 nione
1118 3522 1250 3579 Ecclesia
1271 3522 1449 3580 declinantes.
1472 3526 1539 3593 lioc,
1565 3525 1687 3598 inquam,
1702 3525 1811 3582 denun-

164 3613 355 3670 remissionem
391 3617 567 3682 peccatorum
594 3607 692 3663 iactam
720 3622 782 3662 esse
809 3605 961 3674 Timotheo,
1012 3610 1095 3666 tiaras
1113 3610 1233 3667 312
1244 3627 1281 3667 ne
1297 3612 1429 3669 docerent
1439 3614 1545 3684 aliter,
1561 3612 1589 3669 id
1604 3621 1646 3669 est
1661 3613 1810 3687 qmdquam

164 3702 270 3774 sibique
297 3705 404 3771 partem
418 3705 573 3753 sanctorum
602 3711 672 3763 esse,
689 3693 739 3750 sed
752 3701 782 3749 ut
797 3694 825 3748 in
838 3692 881 3748 his
895 3710 962 3764 per·
1012 3699 1131 3755 alienum
1141 3715 1157 3754 a
1166 3699 1292 3756 doctrina
1301 3716 1363 3756 mea
1374 3701 1569 3772 qualiphesios
1579 3700 1670 3769 docui,
1682 3708 1750 3759 ettu
1759 3703 1810 3760 ad·

162 3794 280 3845 maneat.
308 3787 372 3843 llaec
385 3784 449 3854 duo,
465 3783 661 3840 misericordia
686 3780 963 3854 etparc,0mnis1deli
1011 3787 1166 3844 hucdoaes.
1175 3786 1246 3857 Quia
1256 3789 1280 3843 si
1288 3788 1416 3845 doctores
1427 3789 1634 3846 tedenuntiante
1644 3789 1699 3846 illis
1707 3790 1811 3848 nollent

163 3874 283 3947 Optanda
310 3881 382 3940 sunl,
412 3881 439 3928 0¹
466 3871 613 3943 Pl0V0¹¹i¹⁸⁰
636 3877 770 3941 possunt;
796 3870 848 3925 110⁰
870 3878 962 3925 autem
1012 3875 1152 3946 desistere,
1169 3875 1346 3933 denuntiares
1360 3877 1476 3933 subditis
1498 3894 1535 3935 ne
1558 3878 1743 3936 intenderent
1758 3879 1809 3935 do-

163 3961 316 4031 tertium,id
332 3969 374 4018 est
386 3961 489 4032 pratia,
507 3959 628 4030 praelatis
643 3965 745 4013 tantum
760 3958 909 4030 optandum
920 3966 963 4014 est
1011 3963 1107 4020 ctrinis
1115 3979 1218 4034 eorum,
1230 3964 1273 4022 vel
1283 3965 1410 4021 audirent
1418 3981 1475 4022 eos.
1484 3965 1566 4036 Cujus
1576 3965 1711 4023 reiiorma
1720 3967 1810 4024 adhuc

164 4060 191 4108 et
212 4049 359 4123 provenire
381 4055 480 4121 potest.
507 4046 610 4118 Accipit
627 4045 698 4102 enim
714 4045 893 4119 pergratiam
908 4047 961 4102 do·
1012 4059 1137 4108 servatur
1150 4051 1321 4109 inlicclesia.
1338 4053 1417 4109 Prius
1432 4054 1505 4110 enim
1519 4069 1664 4126 perversus
1678 4055 1809 4128 praelatus

163 4139 302 4196 nationem
329 4137 446 4209 Spiritus
475 4135 571 4203 sancti,
598 4135 644 4207 qui
671 4134 773 4206 ulique,
789 4149 845 4190 non
859 4149 876 4188 o
890 4149 961 4205 prae-
1011 4140 1047 4194 ab
1061 4140 1184 4197 Ecclesia
1198 4140 1368 4212 prohibetur.
1381 4140 1451 4210 Quia
1466 4142 1490 4197 si
1503 4141 1665 4199 inobediens
1679 4159 1735 4199 non
1746 4159 1808 4201 ces-

163 4228 236 4296 latis,
266 4226 316 4282 sed
341 4241 392 4297 per
416 4223 596 4280 ministerium
610 4238 716 4291 eorum,
733 4223 793 4279 sine
807 4220 962 4279 differentia
1011 4235 1062 4295 sat,
1081 4228 1194 4284 subditis
1209 4229 1307 4286 dehinc
1321 4229 1492 4287 interdicitur
1506 4230 1616 4288 obedire
1632 4230 1681 4287 illi.
1696 4231 1759 4290 Non
1772 4232 1811 4288 in·

163 4315 332 4384 meritorum,
362 4313 419 4369 sive
431 4312 507 4383 justi,
524 4311 581 4368 sive
595 4311 686 4380 injusti
708 4311 761 4366 sint
774 4310 879 4382 praeleti
900 4312 960 4383 (so-
1011 4316 1163 4383 tenderent,
1193 4317 1255 4374 dico
1278 4318 1387 4390 sabulis
1410 4318 1740 4392 pseudopraedicatorum,
1763 4320 1809 4394 qai

160 4403 300 4460 lumnodo
328 4418 395 4473 pura
420 4402 459 4475 sit
476 4400 647 4457 consecratio
671 4399 789 4472 eornm),
813 4400 893 4455 datur
915 4399 996 4467 his1)
1011 4405 1102 4461 dicunt
1129 4404 1366 4463 circumcisionem
1389 4415 1416 4463 et
1429 4415 1524 4464 vetera
1538 4404 1670 4464 sacrificia
1693 4408 1809 4466 tenenda

163 4509 233 4565 quos
259 4489 435 4557 sanctificent,
462 4489 486 4544 si
508 4488 599 4545 idonei
613 4488 667 4544 sint
682 4487 710 4542 in
724 4488 823 4560 quibus
838 4487 961 4544 hahitare
1012 4508 1074 4549 esse
1098 4492 1127 4549 in
1153 4507 1223 4550 nora
1245 4493 1318 4567 lege.
1338 4493 1441 4550 Tabula
1464 4493 1643 4552 diciturillud
1662 4495 1710 4552 nbi
1724 4497 1809 4554 verba

161 4582 261 4638 debeat
288 4579 422 4652 Spiritus;
441 4593 520 4634 cnon
548 4576 621 4633 enim
649 4575 783 4631 habitabit
796 4575 824 4630 in
846 4590 960 4648 corpore
1010 4588 1114 4636 tantum
1141 4588 1213 4652 sunt,
1239 4597 1284 4638 res
1308 4590 1399 4639 eutem
1414 4597 1469 4639 non
1484 4591 1544 4651 est;
1571 4583 1612 4641 sic
1635 4583 1663 4639 in
1684 4584 1809 4643 doctrina

162 4671 270 4726 subdito
285 4668 406 4742 peccatis
420 4667 430 4738 (
446 4668 511 4740 Sap·
524 4682 544 4733 ¹2
561 4667 601 4738 4)·
620 4684 631 4714 ³
649 4663 720 4733 Quia
734 4663 758 4718 si
772 4663 960 4736 quaeriturcur
1010 4684 1116 4727 eorum.
1143 4671 1233 4727 Verba
1258 4670 1369 4743 quidem
1394 4678 1471 4728 erant
1494 4672 1567 4728 nuda
1590 4688 1606 4728 a
1626 4672 1668 4730 rei
1681 4673 1826 4742 veritates

163 4759 273 4825 subditi,
303 4765 416 4830 propter
440 4761 561 4826 peccata,
587 4751 717 4824 Spiritum
741 4760 866 4809 sanetum
884 4753 959 4810 acci·
1010 4756 1075 4829 quia
1091 4757 1261 4815 circumcisio
1276 4764 1303 4815 el
1318 4757 1365 4815 illa
1378 4776 1439 4832 que
1461 4760 1607 4828 docebant,
1632 4759 1808 4820 salamanna

162 4864 229 4920 pere
245 4862 299 4902 non
313 4851 479 4911 mereantur,
495 4856 556 4898 cum
570 4857 621 4912 per
635 4839 815 4896 ministerium
831 4841 959 4912 prelato·
1008 4854 1144 4918 poterant.
1154 4847 1339 4916 Intenderent,
1348 4847 1469 4920 inquam,
1479 4848 1578 4905 fabulis
1586 4853 1616 4906 ct
1624 4852 1806 4924 aincaiapiis,

163 4952 225 4990 rum
248 4934 295 5006 qui
316 4941 474 5005 peccatores
498 4937 561 4985 sunt
583 4928 767 4999 (solummodo
779 4929 854 4999 justa
863 4930 898 4986 sit
911 4947 958 4985 sa·
1008 4933 1092 4991 idest
1107 4935 1280 4992 sermonibus
1294 4936 1329 4992 de
1343 4937 1519 5008 generatione
1544 4952 1594 4993 sua
1606 4936 1696 4995 iactis.
1708 4939 1809 4996 Dicunt

163 5023 249 5079 aratio
264 5022 370 5093 eorum)
384 5020 487 5077 daturi
500 5019 542 5074 hd
554 5019 606 5075 hoc
616 5018 834 5089 respondendum
844 5027 885 5075 est
894 5019 960 5092 quia
1009 5022 1082 5078 enim
1096 5023 1170 5095 quod
1198 5024 1260 5090 sibi,
1276 5023 1348 5079 natis
1363 5025 1397 5081 de
1411 5040 1495 5082 carne
1511 5024 1653 5082 Abraham
1667 5034 1694 5083 et
1708 5027 1806 5098 David,

162 5113 260 5179 alteo,
278 5116 305 5164 et
319 5125 374 5165 non
388 5125 404 5164 a
418 5107 542 5180 praelato,
568 5106 614 5179 qui
630 5106 702 5178 quod
716 5123 771 5163 non
784 5106 879 5163 hahuit
892 5107 958 5163 dare
1008 5110 1082 5165 salus
1103 5110 1192 5166 solum
1214 5112 1378 5183 repromissa
1398 5113 1442 5181 sit,
1468 5121 1495 5170 et
1508 5129 1564 5170 non
1578 5113 1649 5171 aliis.
1667 5113 1808 5173 Genealo-

162 5215 217 5256 non
240 5196 344 5269 potuit;
372 5197 450 5252 datur
472 5203 563 5251 umen
577 5210 628 5267 per
641 5194 823 5251 ministerium
835 5195 953 5268 praelati.
1008 5196 1072 5270 giis,
1084 5197 1159 5270 dico,
1174 5199 1383 5268 interminatis,
1397 5199 1426 5256 id
1440 5209 1482 5257 est
1496 5201 1641 5274 prohibitis
1653 5218 1689 5260 ne
1708 5202 1806 5277 aliquis

159 5289 217 5344 Nec
232 5285 292 5342 sine
308 5301 390 5342 causa
405 5285 479 5341 Deus
494 5300 544 5355 per
566 5283 747 5340 ministerium
763 5285 814 5342 huc
829 5285 895 5339 dare
910 5299 958 5340 vo·
1007 5283 1125 5342 confidat
1139 5286 1245 5343 inillis.
1260 5286 1311 5344 Vel
1324 5288 1515 5358 interminatis,
1531 5290 1560 5347 id
1575 5298 1617 5347 est
1630 5290 1737 5348 nuhum
1752 5299 1807 5349 ter-

161 5376 220 5445 lnit,
251 5391 322 5443 aum,
344 5373 368 5429 si
392 5373 451 5428 sine
473 5371 607 5427 ministris
622 5372 737 5445 Spiritus
752 5380 862 5429 sanctus
878 5372 958 5429 dare·
1007 5374 1120 5443 minum,
1136 5375 1293 5449 nullumque
1313 5375 1396 5433 linem
1415 5377 1577 5435 habentibus
1594 5379 1642 5435 uhi
1657 5380 1808 5438 subsistant

159 5471 213 5534 tur,
243 5462 440 5538 unusquisqne,
463 5460 657 5535 presumendo
679 5460 812 5534 Spiritum
834 5467 958 5518 sanctum
1007 5463 1124 5536 probata
1136 5464 1204 5522 aaut
1218 5464 1320 5523 dsunt.
1337 5466 1441 5541 Siquis
1456 5464 1528 5526 enim
1543 5468 1717 5543 condierat,
1728 5469 1805 5530 ride·
