3742 5986
100 247 154 308 2⁸3
369 245 398 302 S.
423 242 600 301 BRUNONIS
622 239 947 300 clarnostartmtttlt
966 239 1209 298 tdsrtrorottts
1228 239 1308 297 OPP.
1332 240 1421 299 PARS
1445 241 1479 297 Il.
1695 241 1749 299 att

102 370 144 426 ris
159 385 209 426 nos
224 367 288 426 olim
312 366 529 441 cognovimusin
556 374 677 437 tempore
705 364 753 421 illo
769 379 823 436 quo
851 363 936 425 ιιι-Α
952 362 1103 419 arationem
1118 370 1239 418 nostram
1263 362 1347 419 nolite
1382 378 1515 434 spernere
1530 381 1538 431 ;
1554 364 1603 420 sed
1630 363 1754 420 babeatis

102 458 157 514 huc
166 457 323 513 insistendae
344 463 423 511 eraut
438 453 533 528 ligura
556 454 692 509 Christum
721 452 904 508 ambulantem
955 466 1015 508 earn
1029 455 1228 524 tuaquomper
1241 467 1293 508 nor
1307 452 1361 508 Deo
1375 452 1546 508 eahmtarrtr
1574 467 1635 518 vos,
1650 452 1678 507 id
1702 459 1754 519 εει,

103 546 393 609 secundumcarnem,
411 543 496 599 idest
520 549 679 614 operantem
705 541 774 596 ritus
803 539 905 596 veteris
955 538 1174 594 obsecrationem
1188 538 1513 595 meamsoiatisesseDei
1527 540 1754 596 exhortationem.

104 634 176 708 legis
192 651 198 689 :
214 632 274 700 sed,
285 632 314 688 id
327 639 370 688 est
385 640 487 699 tamen,
511 647 583 686 nuno
598 638 745 702 postquam
773 629 835 684 data
864 634 907 683 est
954 627 1058 683 Bonum
1083 635 1109 682 ει
1137 627 1249 698 dignum
1277 634 1319 682 est
1346 642 1397 682 vos
1421 627 1593 684 reconciliari
1615 628 1757 700 Deo‚·qui

106 722 193 794 gratia
210 736 216 777 :
230 722 286 792 jam
311 720 376 776 olim
391 717 502 792 quidem
530 718 656 775 norimus
673 736 680 772 ι
698 717 747 773 sed
758 718 816 786 jam
843 731 905 771 am·
954 716 1028 771 Deus
1044 731 1115 783 eum,
1132 715 1160 770 id
1175 723 1226 782 εει,
1242 714 1378 771 Christum
1392 717 1440 788 qai
1453 733 1511 773 aaa
1526 721 1757 789 noveratpecca-

105 810 177 882 plius
202 825 257 866 noo
284 809 409 865 novimus
441 807 575 863 Christum
606 805 755 862 secundum
778 820 901 862 carnem.
956 809 1018 860 tam
1029 803 1103 874 (licet
1117 819 1167 875 per
1182 803 1335 870 scientiam,
1354 819 1410 860 non
1424 812 1516 860 tamen
1531 820 1581 876 per
1608 805 1758 876 experien-

104 898 139 954 Et
153 897 285 971 quiajam
303 895 439 953 neminem
462 894 587 951 novimus
606 893 757 951 secundnm
784 909 904 959 carnem,
955 892 1021 948 tiam
1037 891 1110 964 lacti)
1131 893 1215 949 illam
1241 893 1311 963 facit
1340 894 1412 949 Deos
1435 897 1583 965 peccatam
1606 908 1657 964 pro
1676 893 1759 949 nobis
1790 948 1795 964 ,

107 1001 176 1059 crgo
191 989 287 1042 vetera
301 986 494 1041 transierant.
514 982 656 1038 Praemittit
671 982 752 1038 locun
774 981 846 1036 unde
862 981 905 1034 in·
955 980 1133 1036 redimendis.
1149 981 1291 1037 Peccatum
1306 979 1394 1036 lactus
1409 989 1451 1036 est
1469 981 1590 1037 Christus
1606 982 1760 1038 secundum

108 1072 188 1140 ierat,
204 1073 300 1130 dicem
317 1089 323 1128 :
339 1073 369 1129 Si
383 1076 579 1144 qaacrcatara
589 1078 630 1126 est
645 1072 677 1126 in
693 1069 812 1137 Christo,
823 1069 851 1123 id
866 1076 907 1123 est
954 1084 1066 1140 poenam
1080 1069 1185 1141 peccati
1205 1084 1285 1141 quarn
1310 1069 1422 1140 pertulit
1439 1084 1445 1123 :
1462 1069 1531 1126 sicut
1545 1069 1664 1143 aliquem
1679 1070 1760 1126 inno-

107 1162 131 1218 si
145 1163 198 1219 hoc
212 1169 253 1216 est
268 1160 341 1233 quod
363 1149 445 1215 hdmo
468 1159 618 1215 secundum
633 1157 830 1215 recreationem
845 1156 907 1211 ani·
957 1164 1064 1214 centem
1097 1172 1260 1228 suspensum
1298 1156 1451 1212 diceremus
1478 1157 1576 1225 turem,
1606 1156 1760 1215 secundnm

107 1265 160 1306 mae
178 1248 294 1320 accipiat
308 1248 335 1303 in
346 1247 453 1303 Christo
470 1262 552 1314 nova,
581 1246 666 1302 idest
689 1246 816 1301 innovata
833 1263 840 1299 ι
856 1260 906 1300 ve·
956 1259 1067 1318 poenam
1084 1244 1148 1300 lurti
1173 1260 1256 1316 quarn
1276 1251 1424 1315 pateretur,
1441 1245 1504 1302 licet
1517 1253 1593 1302 actus
1616 1244 1680 1301 lurti
1704 1261 1760 1302 non

108 1345 207 1394 tustate
220 1337 325 1409 peccati
339 1335 472 1407 deposita,
487 1342 601 1406 apparet
615 1336 689 1406 quod
704 1341 797 1391 vetera
812 1342 907 1389 trans·
958 1340 1032 1388 εεεει
1056 1333 1084 1388 in
1108 1348 1154 1388 eo.
1183 1333 1233 1388 Vel
1258 1333 1381 1388 Christus
1408 1333 1496 1390 dictus
1528 1341 1570 1390 est
1596 1341 1755 1406 peccatum.

110 1425 210 1482 ierunt.
226 1426 261 1481 Et
283 1438 350 1481 ecce
364 1423 392 1478 in
411 1422 530 1479 evidenti
555 1429 606 1478 est.
623 1425 709 1479 Facta
723 1425 793 1478 suat
812 1423 908 1480 omnia
958 1421 1053 1476 Hostia
1068 1419 1140 1476 enim
1155 1421 1200 1475 illa
1216 1437 1277 1493 quae
1288 1436 1338 1492 pro
1353 1428 1466 1493 peccato
1486 1421 1652 1478 offerebatur
1665 1437 1763 1494 pecca·

110 1530 182 1570 noua
197 1521 321 1570 creatura
336 1511 363 1566 in
389 1511 507 1567 Christo.
524 1511 621 1568 Adhuc
641 1511 773 1582 objiceret
789 1511 857 1566 ille:
873 1510 909 1565 Et
958 1517 1014 1564 tum
1042 1509 1190 1565 vocabatur
1206 1527 1213 1562 :
1229 1509 1268 1564 sic
1306 1509 1429 1565 Christus
1471 1509 1535 1583 quia
1566 1526 1617 1581 pro
1644 1519 1760 1582 peccato

16 1623 19 1626 ⁴
111 1602 135 1656 si
149 1601 336 1657 Christnshoc
357 1607 493 1672 operetur,
520 1607 610 1655 tamen
625 1599 689 1672 quia
715 1600 807 1672 legem
821 1615 836 1654 a
851 1601 909 1654 Deo
959 1596 1200 1653 omniumoblatus
1213 1604 1267 1664 est,
1283 1606 1426 1668 peccatum
1449 1597 1561 1654 dicitur.
1588 1598 1641 1654 Pro
1669 1599 1759 1665 nobis,

111 1691 203 1745 datam
219 1696 341 1757 evacuat,
373 1703 428 1744 non
451 1695 493 1744 est
521 1688 676 1761 sequendus
689 1705 696 1741 z
708 1689 771 1761 quia
786 1703 822 1743 ειι
850 1689 908 1742 1)εο
918 1719 945 1780 Β
959 1685 1080 1759 inquam,
1096 1687 1170 1741 Dens
1185 1686 1321 1741 Christum
1339 1685 1402 1743 lecit
1419 1694 1571 1758 peccatum,
1597 1691 1631 1743 at
1655 1688 1761 1757 noret-

108 1792 164 1834 non
177 1784 314 1849 operatur,
344 1775 393 1831 sed
412 1782 507 1832 contra
523 1776 620 1831 Deum.
644 1777 679 1831 lit
704 1775 801 1830 Paulus
816 1776 910 1848 inquo
960 1775 1120 1845 ficar-omar,
1131 1790 1186 1830 non
1197 1782 1299 1829 tanturn
1310 1774 1387 1844 justi,
1397 1775 1445 1830 sed
1460 1775 1540 1830 etiam
1555 1775 1614 1847 ipsa
1623 1776 1761 1846 justitia:

110 1865 286 1922 adversarius
300 1864 409 1921 volebat
423 1863 562 1919 infirmare
572 1864 692 1920 rationes
702 1879 776 1930 suas,
793 1863 907 1930 scilicet,
960 1879 1010 1919 nec
1025 1862 1104 1930 salsa,
1120 1862 1164 1918 rel
1178 1862 1248 1933 legis
1267 1882 1274 1929 ;
1291 1863 1340 1918 sed
1355 1879 1417 1920 vera
1428 1863 1533 1934 justitia
1546 1865 1607 1932 Dei,
1623 1871 1649 1919 et
1664 1865 1717 1920 hoc
1729 1865 1761 1919 in

110 1953 173 2027 quia
188 1952 312 2009 Christus
328 1952 478 2009 secundum
503 1952 590 2008 Deum
612 1953 665 2009 hoc
679 1968 734 2008 non
757 1952 870 2019 laceret,
881 1951 910 2006 in
961 1954 1030 2025 ipro,
1046 1949 1075 2006 id
1089 1957 1130 2007 est
1145 1967 1196 2023 ρει
1210 1951 1359 2007 Christum.

110 2042 208 2099 eodem
222 2041 357 2113 approbat
371 2041 466 2097 dicens
476 2041 564 2096 Deum
579 2041 688 2112 operari
707 2056 759 2112 ρει
772 2039 910 2095 Christum

112 2130 317 2188 evacuationem
342 2128 442 2185 veteris
466 2128 546 2202 legis.
573 2129 603 2183 lu
632 2128 738 2184 Christo
753 2127 822 2186 sacta
850 2135 911 2183 sunt
1279 2146 1393 2204 cgpqq
1406 2147 1452 2203 qq,

111 2218 202 2276 omnia
211 2233 282 2274 nova
304 2233 311 2272 :
326 2217 385 2274 haec
400 2220 497 2273 autem
511 2217 608 2273 omnio
631 2233 692 2289 quae
707 2216 831 2274 Christus
846 2232 911 2288 ope·

104 2314 201 2377 ratur,
218 2314 281 2361 suot
290 2321 328 2362 aa
338 2306 392 2362 Deo
408 2324 417 2360 :
432 2304 479 2377 qui
491 2305 564 2361 Dens
576 2320 626 2377 ρει
636 2305 830 2361 Christumhoa
845 2321 911 2376 ope·
999 2326 1009 2352 ιι
1031 2303 1199 2371 adjuvantes
1217 2311 1307 2359 autem
1322 2305 1507 2374 exhortamur,
1536 2321 1572 2361 ne
1593 2306 1621 2360 in
1646 2320 1762 2362 vacuum

113 2403 198 2466 ratur.
216 2394 417 2453 Reconciliavit
435 2393 507 2449 enirn
521 2394 668 2449 humanum
684 2410 773 2468 genus
795 2395 847 2450 cibi
858 2410 912 2466 par
963 2415 974 2442 ι
992 2392 1107 2465 gratiam
1123 2392 1174 2447 Dei
1194 2392 1339 2464 recipiatis.
1370 2394 1415 2448 Ait
1442 2393 1690 2466 enim:Te1npora
1714 2411 1761 2451 ac·

120 2483 273 2550 Christum,
285 2482 314 2539 id
327 2490 369 2538 est
377 2498 426 2554 per
436 2482 574 2539 hominem
584 2482 725 2555 illum,qui
740 2482 790 2538 luit
803 2483 910 2539 medie·
963 2499 974 2534 ι
992 2488 1072 2552 cepto
1088 2480 1211 2537 exaudiri
1234 2489 1269 2547 te,
1286 2490 1312 2536 ει
1328 2481 1356 2536 in
1370 2481 1415 2538 die
1428 2481 1525 2537 salutis
1538 2483 1667 2551 adiuvite.
1691 2484 1762 2540 Ecce

111 2579 154 2628 tas
169 2571 197 2626 in
211 2586 266 2644 qua
281 2577 510 2628 connecterentur
519 2570 581 2626 dnae
596 2570 780 2627 extremitates
799 2571 911 2644 longea
963 2592 974 2618 ι
995 2585 1068 2624 nuuc
1083 2577 1189 2641 tempus
1203 2569 1368 2641 acceptabile
1385 2588 1391 2624 :
1409 2586 1475 2628 ecce
1488 2586 1562 2628 nunc
1580 2571 1640 2627 dies
1655 2571 1759 2628 salutis.

112 2677 143 2732 se
157 2658 315 2716 differentes
331 2676 338 2714 ι
355 2659 447 2725 ιιοιιιο,
464 2657 578 2726 εειιιεει,
590 2666 617 2714 ει
631 2660 705 2715 Deus
718 2677 725 2714 a
740 2665 768 2716 ct
779 2659 825 2732 qui
836 2661 910 2715 Deus
963 2680 974 2706 ιι
996 2656 1106 2713 Nemini
1129 2657 1226 2713 dautes
1250 2658 1335 2713 ullam
1359 2658 1548 2726 offensionem,
1571 2668 1670 2716 utnon
1689 2661 1761 2716 ritu-

113 2749 193 2807 aeota
204 2748 293 2815 nobis,
305 2747 408 2803 mihiet
423 2747 484 2803 aliis
499 2748 639 2819 apostolis,
655 2749 851 2805 ministeria-m
866 2765 910 2805 ra·
963 2768 975 2797 ι
992 2754 1103 2818 peretur
1130 2746 1311 2802 ministerium
1341 2756 1476 2804 nostrum.
1502 2748 1557 2804 Sed
1577 2749 1606 2804 in
1634 2749 1761 2805 omnibus

112 2837 329 2904 conciliationis,
355 2836 441 2892 idest
463 2844 492 2891 ut
508 2836 725 2892 ministraremus
743 2836 909 2905 hominibus,
963 2857 974 2883 ι
993 2834 1170 2890 exhibeamus
1184 2835 1380 2907 nosmetipsos,
1405 2837 1474 2893 sicut
1492 2837 1543 2892 Dei
1567 2837 1717 2904 ministros,
1734 2838 1761 2893 in

113 2926 250 2999 quomodo
274 2941 324 2996 per
352 2923 490 2980 Christum
517 2924 685 2981 reconciliati
714 2933 775 2981 sunt
804 2925 872 2994 Deo,
888 2925 911 2980 si
963 2923 1231 2994 umultapatientia,
1262 2923 1290 2979 ιιι
1315 2924 1541 2992 tribulationibus,
1559 2925 1586 2980 in
1609 2926 1762 2984 necessita-

113 3013 250 3071 voluntat
274 3013 442 3070 reconciliati
467 3012 574 3069 Christo
602 3012 812 3069 reconcilientur
841 3015 909 3069 Deo.
963 3034 974 3059 ιι
992 3011 1073 3078 tibus,
1105 3011 1133 3066 in
1161 3012 1305 3085 angustiis,
1326 3013 1354 3068 in
1375 3012 1475 3087 plagis,
1500 3014 1528 3069 iu
1555 3015 1719 3084 carceribus,
1734 3016 1761 3072 in

112 3101 184 3172 Quia
197 3102 294 3159 iterum
308 3102 381 3157 Deus
396 3107 490 3173 posset
505 3102 558 3158 hoc
572 3102 681 3173 operari
699 3117 748 3173 per
771 3069 945 3157 hominemC
963 3123 974 3148 ιι
992 3099 1180 3168 seditionibus,
1196 3101 1223 3155 in
1246 3101 1394 3169 laboribus,
1417 3102 1570 3175 invigiliis,
1589 3103 1618 3159 in
1639 3104 1760 3175 jeiuniis,

113 3191 248 3247 Christum
265 3206 271 3247 :
287 3191 325 3246 ita
335 3189 409 3263 quod
423 3206 478 3246 non
492 3197 548 3247 tota
563 3189 690 3247 divinitas
715 3191 755 3247 sic
777 3190 911 3248 habitaret
961 3189 1013 3244 sin
1032 3189 1165 3257 castitate,
1186 3189 1214 3243 in
1230 3189 1352 3256 scientia,
1367 3190 1395 3244 in
1416 3190 1635 3264 longanimitate,
1654 3193 1683 3248 in
1697 3209 1762 3249 sua-

112 3278 141 3335 in
155 3279 265 3336 homine
278 3278 338 3335 illo.
358 3277 527 3335 lietermiuat
546 3277 645 3335 Paulus
671 3280 807 3352 quomodo
837 3281 911 3336 Deus
961 3277 1082 3345 oritate,
1098 3278 1126 3333 in
1145 3277 1248 3349 Spiritu
1267 3287 1371 3348 sancto,
1398 3278 1427 3333 in
1455 3280 1586 3336 charitate
1603 3297 1658 3337 non
1687 3279 1761 3348 ficta,

112 3366 209 3424 facerit
227 3382 278 3439 ρει
298 3366 445 3434 Christum,
472 3365 588 3437 scilicet,
616 3366 784 3439 plenitudine
808 3367 910 3423 divini-
962 3387 974 3418 ι
994 3367 1023 3422 ιιι
1036 3367 1122 3423 verbo
1135 3366 1267 3436 veritatis,
1284 3368 1312 3422 iu
1326 3367 1498 3424 virtuteDei.
1519 3370 1662 3425 Peranna
1677 3369 1762 3440 justi-

110 3456 174 3513 tatis
187 3455 324 3512 habitante
340 3455 368 3511 in
381 3471 415 3512 eo
430 3455 617 3527 corporaliter.
629 3457 797 3512 Determinat
816 3456 909 3523 ctiam,
962 3479 973 3505 ιι
991 3456 1045 3523 tiae,
1061 3471 1078 3511 a
1092 3455 1193 3511 dextris
1208 3463 1265 3512 eta
1293 3456 1418 3512 sinistris.
1443 3458 1497 3512 Per
1510 3457 1624 3531 gloriam
1638 3466 1666 3514 at
1679 3458 1759 3531 iguo-

112 3545 251 3619 quomodo
262 3544 322 3617 ipse
345 3543 432 3601 tactus
463 3544 496 3600 sit
519 3543 642 3600 minister
670 3544 909 3611 reconcibationis,
963 3544 1132 3611 abilitatem,
1155 3560 1205 3616 per
1232 3544 1369 3600 infamiam
1398 3553 1425 3602 et
1453 3546 1553 3602 bonam
1582 3545 1693 3602 samam.
1727 3548 1763 3605 Ut

113 3633 229 3699 scilicet,
246 3633 330 3690 verbo
344 3640 448 3687 tantum
460 3639 490 3687 ut
510 3648 571 3688 earn
586 3632 746 3704 praedicaret
770 3632 909 3706 gentibus.
963 3655 975 3684 ι
992 3634 1151 3690 seductores
1166 3640 1192 3688 ει
1206 3649 1333 3690 veraces:
1349 3633 1418 3691 sicut
1434 3635 1479 3705 qui
1492 3634 1589 3708 ignoti,
1609 3642 1636 3692 et
1649 3636 1762 3708 cogniti.

114 3721 169 3779 Sed
183 3720 305 3776 Christus
319 3720 360 3777 sic
375 3718 423 3776 init
442 3720 566 3776 minister
589 3721 837 3790 reconciliationis,
852 3721 913 3777 vel·
965 3745 976 3771 ι
994 3721 1077 3791 Quasi
1091 3720 1249 3789 morientes,
1267 3717 1371 3780 et'ecce
1386 3722 1504 3780 vivimus
1520 3738 1525 3778 :
1540 3731 1570 3778 ut
1584 3723 1719 3796 castigati,
1736 3732 1764 3780 ει

113 3809 155 3865 nti
167 3825 217 3881 ρει
230 3825 321 3881 quem,
335 3815 362 3865 et
376 3807 404 3861 iu
414 3823 469 3879 qno
483 3823 530 3864 res
548 3808 608 3880 ipsa
631 3817 743 3880 operata
758 3809 827 3865 luit:
843 3810 913 3866 bene
965 3831 977 3862 ι
997 3827 1052 3866 non
1066 3808 1231 3868 mortificati.
1249 3809 1335 3879 Quasi
1350 3811 1453 3881 tristes,
1466 3827 1575 3883 semper
1585 3821 1677 3869 autern
1690 3828 1763 3887 gau-

115 3896 178 3953 dioo
193 3897 267 3952 Deus
281 3894 526 3952 reconciliavitnos
541 3895 593 3950 sibi
606 3912 657 3967 per
680 3897 826 3964 Christum,
848 3914 915 3971 qao·
966 3920 977 3952 ι
998 3900 1094 3955 ιιειιιεε
1113 3900 1206 3955 :sicut
1231 3906 1355 3972 egentes,
1380 3900 1480 3957 multos
1507 3908 1599 3957 autern
1639 3901 1764 3974 locuple·

114 3982 396 4057 uiamquidemllaas
411 3987 473 4041 arat
488 3983 595 4055 inipso
611 3984 730 4052 Christo,
746 3986 774 4041 id
802 3994 844 4042 est
859 3994 914 4043 tota
966 4011 977 4036 ιι
996 3995 1084 4043 ιειιιεε
1102 4003 1108 4042 :
1125 3996 1250 4060 tanquam
1274 3987 1343 4043 nihil
1358 3988 1501 4058 habentes,
1518 3997 1545 4045 et
1557 3990 1649 4046 omnia
1671 3990 1764 4063 possi-

113 4072 239 4130 divinitas
253 4072 283 4127 in
296 4071 407 4128 homine
421 4072 478 4128 illo.
495 4073 568 4128 Deos
583 4073 648 4130 dico
663 4074 854 4131 reconcilians
863 4076 915 4133 sibi
967 4100 978 4125 ιι
995 4076 1104 4132 dentes.
1124 4075 1163 4132 0s
1178 4087 1301 4132 nostrum
1317 4085 1389 4148 patet
1404 4076 1439 4132 ad
1453 4093 1513 4145 ros,
1528 4077 1698 4135 oCorinthii.
1710 4079 1765 4135 Cor

112 4161 264 4227 mandam,
276 4161 304 4216 id
319 4168 362 4216 est
376 4161 500 4217 homines
515 4161 610 4217 mundi
624 4177 676 4234 per
691 4162 839 4220 Christum.
859 4165 915 4221 Re·
968 4188 979 4213 ι
996 4171 1122 4221 nostrum
1136 4164 1280 4221 dilatatum
1294 4172 1344 4221 est.
1359 4164 1422 4221 Non
1430 4165 1623 4238 angustiamini
1637 4167 1766 4230 innobis,

114 4250 266 4308 concilians
279 4249 343 4307 dico
361 4250 406 4317 ita,
432 4249 546 4319 scilicet,
575 4254 633 4307 aori
651 4256 797 4326 reputans,
819 4253 846 4308 id
874 4261 917 4309 est
968 4253 1189 4327 «angustiamini
1207 4262 1297 4310 autern
1320 4253 1347 4308 in
1371 4254 1524 4311 visceribus
1546 4254 1655 4311 restris.
1684 4256 1768 4312 Earn·

113 4353 170 4395 non
184 4339 307 4412 exigens,
323 4339 373 4394 sed
391 4338 538 4413 indulgens
553 4341 622 4408 tttb,
643 4340 725 4397 idest
738 4342 851 4409 mundo,
869 4341 916 4398 da·
968 4342 1167 4398 «remantem
1191 4342 1324 4398 habentes
1353 4342 1608 4414 remunerationem,
1637 4351 1766 4416 tanquam

115 4427 185 4484 tiata
196 4428 335 4500 ipsoram.
356 4429 391 4483 Et
403 4427 483 4497 hujus
498 4427 538 4484 rei
552 4428 732 4485 ministerium
739 4429 776 4485 ita
783 4430 856 4486 dedit
866 4430 952 4491 no-I)
970 4454 980 4479 ι
1003 4429 1066 4485 tiliis
1081 4429 1153 4497 dico,
1170 4430 1317 4486 dilatamini
1333 4439 1360 4487 et
1374 4447 1433 4488 ros.
1450 4431 1540 4488 Nolite
1552 4433 1648 4505 Jugum
1664 4432 1767 4490 ducere

114 4514 166 4584 bis,
179 4515 252 4588 quod
267 4516 358 4588 posuit
382 4515 510 4572 innubis
537 4517 650 4573 uerbum
676 4518 913 4587 reconciliationis,
966 4534 1058 4575 rcum
1082 4517 1251 4575 infidelibus.
1271 4518 1338 4588 Quae
1363 4520 1436 4575 enim
1458 4519 1632 4592 participatio
1653 4521 1766 4591 justitia

115 4603 144 4660 id
174 4611 216 4660 εει
243 4612 273 4660 ut
297 4604 507 4675 praedicaremus
538 4604 787 4662 reconciliationem
816 4608 914 4663 luctam
967 4622 1057 4664 «cum
1072 4600 1234 4680 iniquitate?
1249 4609 1302 4662 Ant
1322 4623 1382 4680 quse
1405 4609 1522 4665 societas
1539 4607 1594 4666 laci
1621 4609 1657 4665 ad
1687 4617 1767 4666 tene·

114 4709 166 4766 per
181 4693 328 4761 Christum,
348 4700 378 4748 ut
400 4693 526 4749 homines
555 4694 762 4750 reconciliantes
789 4710 819 4750 se
834 4695 915 4750 Chri·
967 4697 1060 4752 ubres
1074 4696 1088 4751 ι
1103 4695 1170 4764 Qua
1198 4704 1288 4752 autem
1314 4697 1458 4754 conventio
1482 4698 1582 4753 Christi
1596 4698 1629 4753 ad
1651 4698 1764 4755 licliali

116 4789 168 4852 sto,
182 4781 426 4839 reconciliarentur
440 4781 509 4837 Deo.
539 4782 574 4837 Et
591 4781 653 4855 quia
676 4782 751 4839 Deus
773 4784 864 4855 posuit
887 4784 915 4839 iu
967 4805 980 4836 ι
997 4788 1050 4840 Aut
1065 4801 1126 4857 quae
1139 4801 1204 4856 pars
1214 4783 1288 4841 fideli
1298 4802 1359 4841 cum
1369 4784 1471 4842 infideli
1487 4787 1501 4842 ‘t
1517 4785 1585 4855 Quis
1595 4795 1686 4843 autem
1696 4803 1766 4844 con-

115 4870 320 4928 nobisrerbum
338 4870 586 4941 reconciliatiomis,
611 4887 679 4945 ergo
695 4887 745 4928 nos
766 4875 916 4945 [capimur
967 4897 978 4922 ιι
996 4890 1093 4930 sensus
1114 4874 1216 4946 templo
1241 4874 1292 4930 Dei
1308 4889 1369 4930 cum
1398 4874 1507 4930 idolis?
1523 4876 1577 4930 vos
1605 4874 1679 4931 enim
1700 4875 1767 4932 estis

117 4959 257 5030 logatione
267 4959 328 5015 Dei.
338 4961 397 5016 Nec
407 4959 653 5031 vilipendatishanc
663 4968 786 5018 nostram
796 4962 915 5035 legatio·
967 4962 1127 5033 «templum
1142 4962 1191 5018 Dei
1206 4962 1269 5030 viri,
1292 4963 1362 5019 sicut
1377 4962 1442 5020 dicit
1464 4964 1547 5032 Deus,
1580 4964 1707 5036 quoniam
1722 4965 1767 5020 in·

116 5062 191 5115 nem,
207 5047 270 5118 quia
284 5047 423 5119 fungimur
436 5064 469 5104 ea
479 5064 529 5121 pro
542 5047 660 5114 Christo,
671 5049 699 5105 id
709 5051 915 5107 estauatoritate
969 5074 979 5099 ι
1001 5050 1130 5107 habitabo
1144 5051 1170 5105 in
1185 5051 1239 5106 illis
1257 5067 1262 5105 :
1280 5060 1306 5106 ει
1327 5052 1503 5108 inambulabo
1518 5052 1590 5108 inter
1607 5068 1665 5120 eoa,
1677 5061 1704 5109 et
1720 5069 1768 5110 ero

116 5133 217 5191 Christi
233 5152 240 5188 :
256 5134 374 5190 scientes
401 5144 585 5208 contemptum
601 5152 705 5205 mcum,
731 5147 916 5211 contemptum
968 5160 980 5189 ι
997 5138 1103 5194 ιιιοιιιιιι
1119 5140 1201 5208 Deus,
1218 5149 1244 5196 ει
1251 5139 1303 5211 ιρει
1312 5149 1391 5196 ειειιι
1401 5141 1467 5196 mihi
1477 5140 1593 5212 populus
1603 5140 1764 5211 (Laumxrr,

121 5222 227 5280 155
245 5237 306 5278 esse
317 5222 426 5279 Christi.
444 5225 479 5279 Et
492 5225 556 5298 quia
565 5226 617 5282 hac
630 5225 766 5298 legatione
777 5227 916 5300 fungimur
968 5250 979 5276 ιι
1003 5228 1057 5298 lh).
1074 5228 1185 5299 Propter
1200 5229 1273 5301 quod
1289 5229 1359 5284 exite
1373 5229 1408 5285 de
1422 5229 1513 5286 medio
1526 5245 1631 5295 eorum,
1648 5237 1676 5285 et
1686 5245 1764 5302 sepa·

116 5327 166 5384 pro
177 5311 295 5379 Christo,
308 5309 485 5369 obsecramur
496 5329 555 5381 vos,
566 5312 675 5381 tratres,
687 5317 916 5374 reconciliamini
968 5339 979 5364 ιι
1002 5315 1108 5383 ramini,
1125 5317 1190 5372 dicit
1204 5317 1335 5373 hominus
1351 5318 1418 5388 (lau.
1445 5333 1492 5383 ιιι,
1510 5318 1555 5389 ll)
1573 5326 1620 5373 :et
1644 5317 1765 5374 immun·

117 5401 182 5467 Deo,
194 5399 365 5456 declinantes
383 5400 495 5470 amalo,
520 5399 650 5458 iacientes
665 5402 777 5459 bonurn.
806 5405 916 5460 llecou-
969 5426 980 5455 ιι
998 5405 1062 5460 dum
1077 5421 1126 5472 ne,
1140 5405 1298 5478 tetigeritis,
1314 5414 1341 5461 et
1355 5422 1408 5480 ego
1432 5406 1560 5477 recipiam
1588 5421 1638 5462 ros
1656 5423 1663 5461 :
1679 5415 1706 5463 et
1720 5423 1768 5480 ero

117 5487 248 5545 ciliamini
262 5488 334 5556 dico,
359 5496 387 5545 ει
401 5489 453 5546 hoc
467 5504 519 5561 ριο
546 5490 664 5560 Christo,
694 5492 788 5561 idest,
822 5508 916 5551 ειιιοιε
968 5517 979 5542 ιι
997 5494 1076 5550 robis
1090 5493 1118 5548 in
1132 5501 1237 5565 patrem
1255 5513 1261 5549 :
1277 5502 1305 5551 ει
1333 5510 1383 5552 vos
1411 5495 1488 5551 eritis
1511 5494 1577 5550 mihi
1597 5495 1626 5550 in
1652 5493 1724 5551 idios
1741 5505 1768 5553 ει

118 5575 229 5646 Christi,
245 5576 292 5649 qui
311 5584 387 5635 tanta
414 5577 545 5639 charitate
574 5595 622 5641 tos
650 5579 753 5640 dilexit.
769 5581 804 5639 Et
831 5583 915 5642 obse·
969 5580 1075 5652 «libas,
1092 5581 1157 5638 dicit
1175 5582 1309 5640 Dominus
1328 5582 1501 5657 omnipotens
1515 5583 1586 5652 (tar.
1601 5598 1686 5657 uxr,
1701 5584 1766 5658 9).»
