3742 5986
173 176 226 230 stt
452 175 481 231 S.
501 125 679 231 BRUNONlS
697 167 1021 229 ctumusmttottntt
1037 166 1280 226 tttst‘tttttottts
1299 166 1375 225 OPP.
1396 169 1485 227 Plus
1503 171 1537 226 ll.
1768 175 1821 229 ili

175 298 210 354 sit
224 314 294 373 opus
308 315 399 365 suam,
416 302 446 354 et
460 298 638 369 rioprohatus
649 295 761 352 habebit
774 296 893 367 gloriam
907 299 968 348 tan-
983 295 1121 355 Ameam.
1140 291 1225 347 Ethis
1240 308 1301 363 qnae
1316 291 1413 365 scripsi
1422 293 1535 350 obedire
1550 294 1666 362 debetis,
1683 310 1738 353 non
1753 295 1819 352 illis.

173 386 314 442 tummodo
328 387 359 442 in
374 386 533 457 semetipso,
549 385 631 439 idest
646 384 717 455 apud
734 399 763 439 se
773 383 800 437 in
826 381 966 438 conscien·
1021 380 1669 454 Quicunqacenimcolantptaccreillisludaeis
1679 384 1819 450 incarne,

175 474 221 540 tia,
239 478 268 529 ct
281 490 339 530 non
349 476 381 529 in
395 476 496 539 attero,
512 472 592 527 idest
605 472 698 527 nonin
708 469 926 528 consideratione
945 476 971 524 et
1019 467 1047 522 id
1062 474 1103 522 εει
1117 467 1144 521 in
1159 467 1315 523 carnalibus
1324 469 1473 539 persuasis,
1486 469 1515 525 hi
1526 475 1629 543 cogunt
1638 487 1685 528 vos
1700 473 1822 529 circum·

175 568 331 633 contemptu
346 561 465 616 alterius.
481 562 512 615 ln
527 576 557 616 se
580 560 661 615 debet
676 558 788 632 gloriari
810 573 864 613 nou
887 557 916 610 in
929 555 970 609 al·
1019 555 1085 612 cidi.
1109 555 1216 627 Cogunt
1228 555 1330 627 utique,
1355 557 1418 628 quia
1439 557 1594 629 importuno
1619 575 1747 616 sermone
1770 574 1820 617 ros

175 656 246 704 tero.
272 650 342 706 Nom
362 651 554 722 unusquisque
576 664 624 703 seu
645 648 744 717 justus,
770 662 819 702 sen
834 651 968 716 peccator,
1020 643 1187 714 compellunt
1205 643 1239 698 ad
1259 643 1287 698 id
1310 644 1383 716 qnod
1404 645 1554 701 rationibus
1575 647 1757 719 comprobare
1772 664 1820 705 ne·

173 733 299 805 portabit
312 733 340 787 in
354 732 398 788 die
412 732 459 788 illo
473 749 544 788 onas
567 748 660 796 raum,
678 731 705 785 id
733 738 774 785 est
802 727 969 799 manipulum
1020 730 1120 786 sciunt.
1140 731 1247 803 Cogunt
1256 746 1306 786 ros
1316 731 1484 798 circumcidi,
1500 734 1553 790 boc
1569 736 1768 792 tantammodo
1779 735 1820 791 in·

174 835 263 886 suum,
281 836 362 891 quem
383 836 467 891 opera
495 836 544 875 sua
567 818 696 889 colligere
718 818 803 890 digna
831 823 902 883 sunt,
922 830 970 869 seu
1020 818 1172 886 tendentes,
1181 823 1214 874 at
1223 836 1282 876 non
1290 821 1579 892 patiantnraludaeis
1587 825 1819 896 persecutionem

172 907 284 977 bonum,
307 924 355 962 seu
379 908 491 963 malum.
521 907 570 963 Vel
598 907 634 961 ita
655 906 689 961 de
708 912 851 976 peccatore
866 896 985 957 tantum¹
1020 907 1112 962 crucis
1128 905 1241 973 Christi,
1259 908 1509 979 quampraedicant.
1524 909 1610 982 ludaei
1622 910 1818 967 enimcrncem

173 1010 264 1050 sermo
280 995 323 1051 sit.
339 997 388 1062 Tu,
405 1003 434 1049 ut
451 997 533 1065 juste,
550 1011 584 1050 ne
608 993 733 1066 glorieris
760 993 788 1046 in
815 999 970 1061 contemptu
1020 992 1120 1048 Christi
1128 1009 1190 1049 cum
1204 994 1410 1051 circumcisione
1424 996 1494 1052 bene
1513 996 1699 1053 concedebant
1712 997 1819 1069 praedi-

172 1085 333 1153 peccatoris.
380 1084 450 1138 Nam
475 1083 661 1154 unusquisque
689 1087 816 1151 peccator
852 1077 970 1150 portabit
1019 1081 1087 1136 cari.
1102 1083 1173 1137 Vere
1189 1081 1364 1138 ideotantum
1379 1099 1413 1138 ne
1427 1084 1572 1154 patiantur,
1589 1085 1652 1156 quia
1671 1100 1768 1142 amore
1781 1086 1820 1142 le·

173 1185 240 1227 onus
256 1187 343 1235 suum,
360 1171 388 1226 id
403 1179 445 1226 est
458 1172 565 1241 pondus
580 1169 683 1241 peccati
700 1168 752 1223 sui.
1020 1168 1063 1240 gis
1073 1168 1138 1222 nihil
1149 1167 1263 1225 iaciunt.
1279 1168 1358 1237 Quod
1368 1170 1408 1226 sic
1422 1171 1458 1225 ait
1470 1187 1476 1226 :
1488 1171 1522 1226 lii
1531 1172 1637 1243 pseudo
1645 1174 1820 1245 quietrcum·

208 1257 360 1314 Admonitis
379 1259 506 1329 praelatis,
533 1257 627 1329 quales
646 1273 676 1311 se
699 1255 817 1311 debeant
841 1254 969 1314 exhibere
1019 1255 1819 1330 eidanturnoncustodiuntlcpcm,acdproeosolooolaat

171 1345 300 1412 subditis,
331 1346 458 1402 admonet
472 1345 594 1400 subditos
609 1352 638 1398 ut
652 1351 810 1399 reverenter
840 1343 970 1398 obediant
1019 1360 1066 1399 vos
1076 1344 1251 1410 circumcidi,
1263 1348 1296 1399 at
1305 1346 1546 1417 glorienturapud
1555 1346 1624 1402 alios
1636 1349 1765 1404 incarne
1774 1365 1819 1405 vc·

171 1432 301 1503 praelatis,
316 1433 411 1489 dicens
428 1432 575 1488 :Praeletus
585 1448 647 1489 cum
658 1430 890 1486 lenitateinstruat
900 1431 968 1485 sub·
1019 1435 1082 1487 stra
1096 1431 1266 1488 circumcisa.
1283 1432 1365 1487 Aiunt
1388 1432 1461 1487 enim
1478 1433 1532 1488 illis
1550 1449 1556 1489 :
1576 1435 1674 1491 Videte
1687 1443 1819 1507 quantum

173 1520 271 1575 ditum.
294 1522 319 1576 lc
333 1525 429 1577 anam
453 1522 501 1594 qai
515 1520 741 1584 cathechizatur,
763 1518 792 1574 id
806 1526 848 1574 εει
868 1518 913 1590 qui
923 1517 968 1572 in·
1019 1519 1216 1575 incrementum
1232 1534 1281 1590 per
1295 1535 1345 1575 nos
1354 1519 1398 1575 lex
1412 1530 1505 1577 vestra
1518 1522 1627 1588 habeat,
1643 1522 1683 1577 illi
1697 1522 1820 1596 glorian·

172 1608 295 1675 struitur,
311 1608 373 1664 licet
388 1625 442 1664 non
457 1608 580 1679 exemplo
596 1609 659 1664 boni
669 1607 759 1678 operis
775 1625 782 1662 ε
799 1607 848 1661 sed
871 1607 969 1661 saltem
1020 1606 1105 1662 turin
1120 1622 1211 1663 carne.
1229 1607 1281 1664 Sed
1292 1607 1365 1663 mihi
1378 1608 1452 1663 absit
1470 1610 1598 1681 clariori,
1611 1611 1670 1667 nisi
1683 1612 1716 1666 in
1735 1627 1820 1669 mnae

172 1696 252 1751 verbo
263 1695 313 1764 ris,
330 1696 449 1769 inquam,
466 1697 655 1753 communicet
668 1704 695 1751 ει
710 1695 857 1750 obediatet
867 1695 966 1750 inom-
1020 1695 1134 1751 Domini
1146 1694 1237 1749 nostri
1257 1695 1322 1750 lesu
1345 1694 1471 1752 Christi!
1484 1696 1545 1766 Ego
1562 1697 1635 1752 enim
1645 1714 1697 1755 nec
1712 1714 1817 1772 quaero,

170 1782 254 1838 nibus
270 1782 350 1839 bonis
364 1801 425 1856 quae
438 1784 502 1840 lacit
513 1791 539 1839 ει
546 1785 677 1839 hortatur.
694 1784 727 1839 Ei
741 1782 803 1838 dico
818 1784 866 1855 qai
879 1799 908 1838 rc
922 1799 970 1839 ca·
1021 1798 1072 1837 nec
1087 1781 1341 1854 praedicogloriam,
1355 1781 1408 1837 nisi
1423 1784 1521 1839 crucis.
1530 1787 1584 1841 Per
1597 1801 1680 1858 pacm
1694 1801 1816 1842 crucem.

174 1870 305 1939 techiaat,
318 1872 345 1927 id
361 1880 403 1928 εει
417 1872 462 1945 qui
476 1872 584 1927 instruit
598 1872 685 1927 illum.
697 1871 765 1927 Dico
771 1871 969 1927 communicate
1021 1869 1093 1925 Crux
1108 1869 1181 1924 enim
1196 1869 1344 1924 secundum
1362 1869 1540 1937 Prisciauum,
1556 1872 1591 1928 de
1605 1872 1696 1928 dubiis
1706 1873 1818 1945 generi·

171 1958 215 2012 his
230 1959 335 2031 quivos
349 1960 495 2027 instruunt,
512 1968 538 2014 et
552 1961 641 2017 notite
656 1975 761 2024 errare,
779 1959 862 2014 idest
885 1958 969 2013 nolite
1020 1957 1070 2011 bus
1085 1964 1126 2012 est
1143 1976 1150 2023 ;
1166 1956 1351 2012 etsecundum
1366 1957 1536 2026 llaimonem,
1551 1958 1579 2014 in
1594 1959 1701 2029 Graeco,
1713 1976 1818 2018 mascu-

171 2061 221 2102 vos
231 2062 375 2113 excusare,
391 2048 512 2103 dicentes
525 2062 580 2103 non
595 2063 656 2103 esse
671 2047 854 2102 obediendum
869 2046 908 2101 eis
923 2045 969 2118 qui
1019 2043 1083 2110 lini,
1101 2052 1127 2099 et
1150 2044 1212 2099 ideo
1232 2044 1378 2100 translator
1401 2046 1487 2101 noluit
1513 2055 1618 2103 mutare
1645 2047 1817 2105 relationem.

172 2134 341 2190 verhobene
357 2135 464 2204 docent,
482 2144 508 2192 et
522 2151 577 2191 non
592 2135 632 2191 sic
644 2143 738 2207 agunt,
754 2134 817 2191 ideo
831 2133 914 2190 nolite
928 2134 969 2189 sic
1019 2133 1072 2187 Per
1088 2148 1169 2203 quem
1189 2147 1308 2198 crucem,
1324 2131 1368 2187 rel
1395 2150 1541 2206 perquem
1568 2135 1705 2192 Christum
1730 2124 1837 2193 cruci?

173 2237 277 2288 errare,
293 2221 357 2293 quia
379 2224 451 2278 Deus
465 2239 522 2280 non
548 2221 696 2288 irridetur,
713 2222 741 2277 id
755 2229 865 2277 estnon
893 2221 968 2277 calva
1020 2217 1114 2285 fixum,
1129 2219 1202 2291 quod
1212 2218 1376 2275 idemvalet.
1388 2221 1508 2278 litandus
1518 2222 1819 2295 ertmihicracificas,

171 2309 315 2364 occasione
329 2308 487 2381 decipietur.
505 2309 585 2378 Quod
600 2311 623 2364 si
639 2309 818 2380 deciperetur,
830 2308 968 2363 irrisibilis
1018 2306 1056 2362 ita
1070 2307 1143 2378 quod
1162 2305 1229 2361 nihil
1248 2306 1365 2377 amplius
1390 2309 1425 2364 de
1439 2309 1496 2364 suis
1510 2308 1702 2368 oblectamenti
1721 2311 1820 2368 offerat

172 2405 254 2452 esset.
271 2398 342 2453 Vere
360 2412 415 2452 non
442 2398 575 2464 irridetur,
606 2399 672 2472 quia
696 2414 757 2470 qaoe
784 2399 970 2453 seminaverit
1017 2394 1084 2449 mihi
1094 2394 1288 2468 mundus.Ego
1297 2394 1378 2449 ctiam
1389 2395 1534 2453 crucifixus
1542 2415 1602 2453 sum
1612 2399 1818 2472 mund03quod

173 2484 263 2551 homo,
281 2486 445 2558 hoecatiqae
460 2491 557 2543 metet.
574 2487 608 2541 Et
621 2501 685 2542 rere
713 2486 846 2541 seminata
873 2491 965 2554 metet,
1018 2481 1042 2536 si
1056 2482 1121 2537 mihi
1131 2482 1250 2538 mundus
1262 2481 1352 2553 aliqua
1362 2482 1450 2554 offert,
1465 2485 1503 2540 ita
1511 2500 1575 2542 cmx
1584 2486 1685 2542 Christi
1699 2503 1745 2544 me
1755 2503 1820 2544 con·

171 2574 306 2644 qnoniam
315 2574 363 2645 qui
372 2575 497 2629 seminat
506 2575 537 2628 in
552 2590 638 2630 carne
648 2591 709 2640 aaa,
725 2573 752 2628 id
763 2581 804 2629 est
818 2572 863 2645 qui
874 2587 968 2643 opera·
1018 2567 1155 2625 firmatum
1173 2570 1297 2626 astrinxit
1326 2572 1401 2642 quod
1420 2560 1474 2627 no'n
1500 2573 1603 2643 possim
1620 2574 1761 2631 declinare
1783 2575 1818 2630 nb

171 2666 216 2713 tur
229 2660 412 2732 corruptibilia
431 2661 520 2717 camis
542 2661 687 2728 desideria,
700 2661 745 2717 hic
763 2662 856 2735 utique
879 2663 968 2716 metet
1017 2657 1071 2712 illa.
1083 2658 1148 2714 ldeo
1168 2657 1196 2713 in
1216 2674 1296 2715 cruce
1311 2668 1413 2716 tantum
1436 2661 1550 2734 glorior,
1573 2663 1640 2734 quia
1649 2663 1681 2719 in
1706 2662 1817 2721 Christo

171 2746 965 2821 decarnecomaptionem,quiaseminavitcorruptionem.
1018 2747 1179 2819 ternaeque
1192 2748 1370 2805 circumcisio
1386 2749 1462 2804 votet
1479 2749 1596 2822 atiqmd,
1611 2766 1817 2824 ncpacproepm

174 2835 296 2902 Quiocro
309 2839 470 2893 seminatln
480 2838 599 2908 spirita,
619 2837 698 2892 idest
713 2836 861 2892 secundum
885 2835 967 2890 ratio·
1019 2835 1100 2898 tium,
1110 2834 1338 2894 redactummcdo
1348 2853 1420 2892 nova
1431 2839 1574 2903 creatura,
1583 2835 1611 2891 id
1621 2845 1664 2893 est
1677 2835 1747 2895 fides
1757 2856 1817 2911 ques

171 2938 245 2989 nem,
265 2923 310 2979 hic
324 2928 412 2980 metet
421 2926 454 2981 dc
468 2926 578 2997 Spiritu
591 2925 744 2997 spiritalia,
761 2925 873 2993 scilicet,
883 2923 966 2979 vitam
1015 2919 1127 2977 innovat
1141 2930 1269 2989 mentem,
1284 2931 1311 2978 et
1320 2923 1401 2979 etiam
1420 2939 1529 2979 carnem
1545 2941 1628 2996 quam
1649 2924 1739 2982 iacitn
1756 2942 1818 2998 pec·

170 3017 310 3067 aeternam.
327 3013 473 3084 Postquam
487 3012 596 3068 divisim
622 3013 760 3083 praelatos,
785 3011 884 3068 deinde
899 2983 1002 3067 sub·C
1018 3009 1086 3065 catis
1100 3008 1224 3066 liberam.
1242 3012 1303 3067 Non
1333 3011 1395 3066 ideo
1425 3011 1529 3068 addidit
1548 3003 1719 3084 praeputium,
1745 3015 1816 3088 qnod

171 3098 241 3154 ditos
260 3099 397 3167 instruxit,
426 3100 524 3155 iterum
551 3116 661 3156 omnem
688 3099 839 3156 licclesiam
865 3101 967 3156 mistim
1019 3095 1120 3168 aliquid
1135 3104 1241 3168 putaret
1256 3098 1323 3153 illud
1338 3099 1427 3155 valere
1441 3099 1476 3154 ad
1492 3098 1820 3166 iidem,sedutostende·

170 3185 308 3254 admonet,
325 3186 418 3242 dicens
435 3186 511 3242 :Vos
533 3186 639 3258 praelati
658 3187 685 3242 in
708 3187 819 3243 lenitate
843 3188 967 3243 subditos
1018 3193 1058 3241 ret
1091 3184 1327 3242 circumcisionem
1349 3202 1402 3243 non
1425 3187 1486 3258 plus
1515 3187 1640 3245 conterre
1653 3189 1682 3244 in
1708 3189 1816 3248 Christo

171 3272 304 3330 instruite.
322 3275 377 3330 Vos
392 3274 492 3330 subditi
506 3275 533 3331 in
549 3275 623 3331 omni
637 3276 710 3332 bono
731 3276 773 3330 his
788 3275 833 3349 qui
856 3292 906 3332 vos
922 3277 966 3331 ln·
1020 3288 1102 3345 quam
1117 3274 1286 3345 praeputium.
1303 3276 1363 3347 Ego
1384 3281 1486 3330 tuntum
1503 3275 1609 3347 glorior
1633 3276 1663 3332 in
1678 3293 1773 3347 cruce,
1787 3283 1815 3336 ct

172 3368 288 3431 struunt,
305 3364 511 3419 communicate.
533 3362 636 3420 Omnes
660 3373 760 3434 autem,
786 3372 841 3420 tam
863 3364 968 3435 praelati
1018 3363 1176 3435 quicunque
1188 3361 1261 3419 hanc
1273 3363 1503 3435 regulatacrucis
1520 3365 1816 3435 secatisuerint,utiu

172 3465 254 3522 qnam
269 3450 379 3518 subditi,
387 3452 574 3523 requehonnm
584 3453 723 3524 sociantes
733 3469 791 3510 non
803 3454 967 3521 deficiamus
1018 3465 1049 3505 ea
1056 3456 1157 3504 tantum
1163 3448 1323 3522 glorientur,
1329 3468 1388 3523 poa
1394 3450 1583 3523 fitaape1·illor
1590 3451 1699 3508 Galatas
1708 3454 1755 3526 qui
1764 3469 1817 3511 non

171 3539 240 3595 hene
252 3541 401 3611 operando.
415 3541 473 3596 Nec
484 3539 602 3597 deficere
621 3540 752 3596 debemus
767 3540 794 3595 in
815 3542 966 3612 operando,
1017 3544 1209 3608 peccaverunt,
1218 3539 1455 3608 etmisericordio,
1469 3538 1496 3594 id
1507 3547 1548 3595 εει
1559 3541 1679 3596 secunda
1689 3541 1815 3599 remissio

172 3626 235 3697 quie
250 3634 385 3684 metemus
398 3629 553 3684 mercedem
567 3629 657 3700 operis
671 3636 794 3698 tempore
810 3644 869 3696 suo,
885 3629 967 3684 idest
1018 3625 1061 3680 his
1077 3625 1122 3698 qui
1133 3625 1201 3696 lapsi
1219 3633 1291 3680 sunt.
1307 3626 1342 3680 Et
1356 3643 1411 3682 non
1433 3634 1535 3682 tantum
1560 3644 1643 3699 super
1664 3629 1737 3697 illos,
1767 3629 1815 3686 sed

151 3770 153 3774 ,
171 3722 331 3785 opportuno,
348 3730 407 3771 non
422 3716 584 3785 deficientes
598 3716 626 3770 in
640 3715 777 3771 metendo.
793 3717 827 3771 Ει
840 3716 901 3787 quia
914 3732 969 3772 me·
1019 3714 1100 3770 etium
1110 3729 1195 3786 anper
1217 3729 1326 3768 omnem
1350 3714 1447 3781 lsrael,
1476 3730 1531 3770 non
1545 3715 1592 3789 qui
1606 3714 1687 3772 inerit
1713 3718 1814 3787 carnis,

169 3811 258 3858 temus
272 3817 328 3857 non
348 3800 515 3870 deficientes,
533 3820 607 3875 erpo,
625 3803 693 3859 dum
705 3809 815 3876 tempus
837 3803 969 3874 operandi
1019 3803 1067 3858 sed
1082 3801 1142 3858 Dei.
1154 3803 1185 3857 In
1201 3800 1306 3858 Christo
1321 3810 1425 3857 tantum
1436 3802 1548 3875 quaerite
1562 3802 1689 3877 gloriam.
1706 3806 1746 3863 Dc
1760 3822 1814 3863 ειε-

172 3890 314 3960 hahemus,
330 3890 358 3944 id
368 3898 409 3945 εει
422 3891 450 3944 in
465 3890 518 3946 boc
527 3892 629 3946 mundo
641 3908 648 3945 :
660 3908 808 3965 operemur·
818 3891 921 3948 honum
930 3893 967 3949 ad
1020 3895 1088 3957 tero,
1096 3890 1124 3945 id
1135 3897 1175 3945 est
1186 3890 1220 3945 de
1240 3890 1446 3947 circumcisione
1471 3891 1565 3964 (quam
1593 3892 1720 3964 excludo)
1733 3910 1814 3951 nemo

172 3993 280 4043 omnes,
295 3979 424 4034 maxime
439 3981 535 4034 tamen
554 3979 591 4035 ad
605 3980 770 4036 domesticos
784 3979 862 4049 fidei.
890 3980 968 4036 Prius
1018 3979 1090 4035 mihi
1103 3979 1239 4034 molestus
1250 3979 1298 4034 sit.
1309 3977 1359 4033 Vel
1373 3978 1410 4034 ita
1424 3978 1451 4033 in
1466 3979 1604 4049 preterito
1620 3995 1665 4037 me
1679 3981 1816 4040 molestati

171 4065 244 4121 enim
259 4063 552 4122 fidelibusnecessaria
572 4067 724 4122 ministrare
748 4067 890 4135 debemus,
920 4067 969 4125 de·
1018 4066 1094 4135 estis,
1111 4062 1160 4122 sed
1174 4066 1209 4122 de
1223 4074 1331 4134 caetero,
1348 4065 1376 4121 id
1391 4075 1432 4122 εει
1447 4067 1556 4136 amodo,
1576 4067 1667 4125 videte
1690 4085 1726 4127 ne
1754 4070 1815 4143 quis

171 4153 235 4210 binc
250 4153 274 4209 si
288 4154 492 4225 superabundat
505 4154 587 4210 etiam
594 4153 757 4211 infidelibus.
1018 4154 1084 4210 mihi
1094 4154 1225 4210 molestus
1248 4153 1291 4209 sit.
1311 4154 1370 4210 Nec
1389 4154 1495 4211 debetis
1510 4171 1554 4212 mc
1572 4138 1748 4214 motesure.‘
1759 4160 1814 4232 Ego

195 4238 968 4311 AbhoclocoApostoluspropriamanupraescripsitlipis·
1018 4245 1095 4299 enim
1105 4247 1184 4314 porto
1198 4242 1230 4297 in
1244 4258 1358 4315 corpore
1374 4258 1433 4301 mco
1460 4244 1598 4316 sigmate
1615 4246 1729 4303 Domini
1749 4248 1816 4305 lesu

170 4327 304 4393 lolam,ne
313 4326 416 4382 Galatae
426 4327 598 4400 ambigerent
605 4328 677 4385 hanc
683 4328 832 4399 Epistulam
844 4327 1003 4389 2291>
1019 4331 1135 4388 Christi.
1152 4331 1257 4402 Stigmu
1271 4330 1368 4386 dicitur
1378 4330 1497 4402 signum,
1519 4332 1592 4404 quod
1606 4331 1635 4388 lit
1650 4333 1741 4390 calido
1756 4334 1814 4391 ier-

170 4430 231 4471 esse
259 4415 350 4481 Pauli,
380 4415 441 4486 quia
469 4414 627 4472 destruebat
654 4417 699 4473 hic
720 4417 964 4486 circumcisionem,
1016 4435 1056 4474 ro.
1073 4419 1122 4474 Hic
1144 4426 1235 4474 autem
1255 4418 1353 4473 Paulus
1370 4426 1482 4476 catenas
1508 4428 1535 4476 et
1557 4427 1654 4476 catera
1680 4428 1815 4480 tormenta

169 4503 204 4558 de
219 4517 272 4575 qno
287 4502 325 4558 illi
338 4503 681 4574 pseudodixerantGalatis
691 4506 765 4577 quod
775 4505 856 4560 modo
867 4505 966 4561 Paulus
1016 4506 1161 4574 sustinens,
1184 4522 1234 4577 pro
1251 4505 1358 4562 Christo
1381 4506 1521 4581 stigmata,
1537 4506 1565 4563 id
1579 4514 1621 4564 εει
1635 4508 1726 4582 signa,
1741 4512 1815 4585 quod

168 4592 279 4647 doceret
293 4591 541 4647 circumcisionem.
560 4593 638 4648 Unde
653 4593 692 4649 sic
707 4593 744 4648 ait
756 4593 804 4648 :Ut
817 4593 876 4648 usa
891 4609 966 4664 prae·
1015 4594 1095 4650 miles
1109 4594 1210 4649 Christi
1225 4601 1307 4661 esset,
1319 4592 1348 4648 in
1369 4610 1487 4666 corpore
1497 4595 1634 4666 portabat.
1651 4596 1749 4654 Gratia
1761 4601 1816 4656 lto·

170 4688 247 4751 cepta
262 4678 379 4736 credatis
388 4695 449 4735 esse
464 4695 534 4746 mea,
547 4680 774 4752 tndetequclihnr
784 4681 888 4737 titteris
897 4682 966 4737 scri·
1014 4683 1088 4739 mini
1097 4683 1189 4738 nostri
1198 4682 1264 4739 lesa
1274 4683 1380 4739 Christi
1386 4685 1425 4740 sit
1439 4699 1504 4740 cam
1514 4684 1619 4758 spiritu
1630 4688 1737 4756 oestro,
1751 4689 1814 4758 frc-

168 4770 213 4840 pri
226 4769 311 4834 vobin
323 4768 357 4823 ab
372 4768 434 4824 hinc
447 4785 510 4825 mea
525 4768 634 4839 propria
649 4785 748 4836 mana,
764 4776 793 4823 ut
808 4768 964 4840 cognitione
1016 4777 1084 4829 tres.
1102 4771 1200 4827 Amen.

169 4856 310 4927 scripturas
337 4872 406 4913 meae
431 4856 497 4913 certi
524 4856 620 4913 essetis
639 4857 710 4912 hanc
737 4856 888 4928 Epistulam
902 4872 963 4915 esse

170 5027 1831 5066 m.

536 5218 783 5276 ARGUMENTUM
801 5218 838 5274 IN
856 5216 1052 5276 epistolant
1070 5219 1173 5277 PAULI
1191 5222 1238 5276 tn
1257 5221 1439 5279 EPHESIOS.

202 5390 314 5464 Ephesii
329 5398 392 5446 sunt
406 5390 507 5448 Asiani.
524 5393 558 5447 lli
572 5401 685 5466 accepto
701 5393 785 5450 verbo
799 5393 934 5462 veritatis,
950 5396 1124 5465 perstiterunt
1147 5396 1175 5453 in
1198 5395 1261 5455 lide.
1279 5398 1335 5456 llos
1350 5399 1486 5456 collaudat
1509 5399 1669 5473 Apostolus,
1689 5402 1815 5462 scribens

168 5463 208 5523 cis
222 5462 256 5518 ab
271 5462 338 5519 urbe
352 5464 438 5527 Roma
452 5463 487 5521 dc
502 5479 629 5534 carcere,
645 5481 694 5544 per
707 5464 847 5528 Tichicum
860 5465 1016 5525 diaconum.
