3742 5986
520 148 692 225 Gu1G01tts
711 150 722 205 Ι
741 147 946 207 CARTHUSlAE
963 149 1110 209 nstoms
1128 150 1267 210 emotus
1286 153 1318 208 V.

774 276 972 335 CAPITULUM
992 275 1069 332 XIX.

724 403 761 458 De
776 401 948 473 equitaturis
963 400 1117 472 hospitam.

137 519 162 571 t.
180 515 301 587 lpsomm
325 525 415 573 autem
430 517 567 588 hospitum
593 533 723 589 personas
743 524 856 584 tantum,
868 531 922 572 non
937 514 1018 572 ctiam
1031 513 1197 587 equitaturas
1211 530 1402 586 procuramus,
1419 516 1542 589 talesque
1554 517 1641 574 lectos
1666 519 1708 576 eis
1722 528 1748 576 et

102 610 179 668 cibos
201 611 326 682 qualibus
348 612 399 684 ipsi
413 613 559 683 vescimur,
583 628 778 684 praeparamus.
795 610 876 680 Quod
899 610 1037 681 (videlicet
1051 612 1124 684 quod
1151 629 1237 685 equos
1257 629 1313 669 non
1337 614 1529 685 procuramus)
1548 630 1582 671 ne
1611 615 1657 671 oui
1677 614 1749 673 torte

103 706 227 762 videatur
242 716 389 777 austerum,
405 716 432 764 ct
445 726 499 766 non
514 709 670 765 discretioni
688 707 787 764 sobriae
810 708 859 763 sed
886 707 992 765 duritlae
1015 713 1105 784 potius
1119 719 1146 769 et
1169 714 1287 770 avaritiae
1306 714 1420 785 imputet
1433 711 1556 778 vitiosae3
1573 699 1746 781 consideret,

103 821 268 876 quaesumus,
294 823 375 879 qnam
389 815 472 876 arcta,
495 822 576 879 quam
591 807 668 875 duro,
684 820 765 878 quam
779 820 850 875 pene
870 804 954 861 sterili
974 822 1130 863 maneamus
1146 809 1174 864 iu
1192 826 1295 878 eremo,
1312 818 1338 867 et
1352 810 1424 883 quod
1439 809 1515 876 nihil,
1531 810 1583 866 hoc
1606 819 1648 866 cst
1659 812 1749 868 nullas

103 903 292 975 possessiones
307 905 448 978 nullosque
471 890 577 960 reditus
588 911 663 960 extra
682 902 883 975 possideamus.
909 903 1043 961 Praeterea
1056 905 1233 980 frequentiam
1262 909 1383 964 attendat
1410 905 1557 977 hospitum,
1573 907 1675 979 quibus
1699 924 1750 966 ue-

104 1017 239 1075 quaquam
255 1012 382 1076 pasturae,
398 1005 500 1060 nedum
521 1017 636 1058 annones
662 1008 775 1073 possent
789 1007 889 1056 nostrae
903 998 1040 1072 sulficere,
1052 1004 1152 1077 qnippe
1167 1022 1227 1078 quae
1241 1021 1293 1061 nec
1307 1003 1407 1062 nostris
1422 1001 1558 1060 sufficiunt
1571 1005 1749 1076 animalibus,

104 1115 167 1155 nam
182 1107 209 1156 et
223 1101 373 1172 sagmarios
388 1108 495 1157 nostros
519 1107 545 1157 et
557 1115 624 1157 oves
645 1106 720 1154 extra
738 1098 869 1153 mittimus
887 1099 1053 1173 hyematum.

139 1201 165 1254 2.
181 1198 385 1255 Acceditetiam
399 1199 434 1254 ad
460 1199 512 1255 hoc
527 1198 599 1271 quod
623 1196 741 1271 vagandi
761 1204 787 1253 et
813 1196 972 1270 quaesitandi
996 1200 1141 1255 horremus
1168 1201 1292 1268 omuino,
1317 1209 1447 1274 tanquam
1476 1200 1749 1275 periculosissimam,

783 1347 1068 1408 COMMENTARIUS.

107 1460 168 1515 tatis
186 1474 366 1532 personarum
382 1459 544 1523 reverentia,
566 1457 715 1514 desiderari
732 1473 738 1512 :
755 1472 810 1513 non
837 1459 934 1520 tan-A
951 1459 1045 1515 Patres
1059 1461 1154 1530 nostri,
1171 1462 1219 1516 sed
1234 1478 1288 1518 uon
1300 1463 1373 1532 justo
1387 1462 1525 1519 desiderio
1537 1463 1658 1519 habendi
1682 1464 1753 1520 intra

107 1555 166 1603 tum
194 1563 363 1604 mereremur
390 1547 425 1602 de
452 1546 619 1602 relaxatione
634 1547 720 1620 argui,
748 1546 797 1603 sed
821 1547 904 1601 etiam
953 1549 1146 1605 terminossibi
1161 1550 1316 1624 assignatos
1329 1551 1401 1606 undo
1429 1549 1543 1623 pacifice
1557 1558 1673 1623 possent
1688 1554 1754 1608 sub-

107 1635 225 1692 irridcri.
245 1637 280 1691 Et
303 1636 362 1691 haec
376 1635 494 1693 videndo
508 1634 656 1706 prudentes
667 1635 789 1706 hospites
800 1635 863 1705 jure
878 1642 905 1691 et
954 1636 1059 1703 sistere,
1075 1646 1102 1694 et
1112 1638 1319 1695 necessatibus
1333 1640 1390 1694 suis
1404 1638 1571 1696 sullicieuter
1593 1641 1754 1710 providere,

108 1724 205 1779 merito
233 1731 345 1795 possent
375 1723 403 1778 in
430 1723 574 1779 cordesuo
588 1723 681 1780 dicero
698 1723 759 1790 :lli,
775 1723 799 1779 si
813 1730 905 1778 essent
954 1733 982 1781 et
1004 1741 1059 1781 nou
1089 1734 1191 1782 tantum
1211 1727 1266 1782 illis
1282 1727 1491 1783 necessitatibus
1521 1743 1589 1799 quas
1611 1728 1755 1785 absolutus

108 1812 166 1868 veri
195 1812 372 1880 Canthusiani,
388 1812 489 1869 scirent
502 1811 595 1883 utique
610 1828 670 1884 quae
685 1820 712 1867 et
727 1811 818 1883 qualia
845 1827 906 1866 ase
955 1829 1094 1881 vocamus,
1120 1816 1268 1872 sedetiam
1295 1816 1349 1870 illis
1378 1831 1438 1888 qnae
1466 1816 1585 1873 morales
1615 1816 1753 1888 dicuntur,

108 1900 256 1956 ministrari
270 1900 387 1958 debeant
402 1900 459 1956 suis
473 1900 634 1972 hospitibus,
650 1908 678 1956 ut
702 1900 831 1972 religiose
844 1915 905 1956 cum
957 1918 1019 1959 oum
1035 1919 1068 1959 ex
1096 1904 1224 1976 praesenti
1253 1912 1280 1961 et
1305 1904 1483 1976 sequentibus
1513 1905 1637 1977 capitulis
1666 1913 1757 1977 pateat

108 1988 150 2046 eis
181 1998 284 2060 agatur.
956 1991 1018 2047 illos
1046 1998 1109 2048 tunc
1150 1993 1279 2049 habuisse
1318 2009 1373 2048 non
1401 1998 1506 2047 tantum
1527 1993 1600 2048 uude
1628 1993 1755 2065 hospites

147 2078 187 2134 lte
201 2078 253 2134 hoc
267 2092 334 2150 ergo
349 2077 495 2149 pronuntio
509 2093 560 2134 nos
574 2077 664 2149 potius
677 2076 777 2133 mereri
805 2076 907 2132 irrisio-
957 2076 1132 2132 advenientes
1164 2077 1280 2133 honeste
1308 2076 1476 2149 exciperent,
1505 2077 1554 2133 sed
1581 2077 1666 2133 etiam
1682 2077 1756 2134 nads

111 2181 175 2222 nem
203 2180 285 2238 quam
312 2165 547 2237 approbationem,
563 2165 587 2220 si
609 2165 761 2221 notabiliter
774 2172 800 2221 et
815 2164 903 2221 scien·
957 2163 1147 2235 eleemosynas
1166 2164 1297 2222 iacerent.

110 2261 152 2310 ter
165 2254 194 2309 in
209 2255 258 2310 hoc
272 2254 533 2324 parteexcedamus.
559 2254 613 2310 Sed
624 2253 762 2309 latendum
777 2253 907 2310 estetiam
993 2252 1135 2308 Rationem
1164 2253 1287 2325 assignat
1309 2254 1371 2324 pius
1398 2253 1525 2324 scriptor,
1541 2270 1589 2310 cur
1616 2269 1674 2311 non
1689 2271 1757 2326 pro·

111 2341 141 2398 in
153 2343 206 2399 hoc
220 2358 303 2415 posse
317 2341 395 2398 lacile
409 2342 493 2398 errari
503 2350 530 2397 et
544 2350 648 2398 ternae
656 2342 773 2411 judicari
798 2341 833 2397 ab
857 2356 907 2397 ex·
958 2349 1087 2397 curarent
1097 2342 1266 2414 equitaturas
1276 2342 1423 2412 hospitum,
1435 2357 1496 2415 quas
1504 2342 1572 2398 ratio
1582 2342 1674 2399 adhuc
1688 2343 1758 2400 sub·

111 2430 225 2498 truncis,
242 2431 288 2503 qui
317 2435 470 2487 nescientes
494 2446 592 2487 causus
615 2438 642 2487 et
665 2431 795 2497 rationes,
811 2430 908 2501 quibus
958 2431 1036 2486 sistit.
1052 2431 1122 2485 Nam
1137 2431 1163 2484 in
1179 2437 1253 2486 tanta
1274 2430 1481 2501 omnigenarum
1497 2429 1634 2501 hospitum
1662 2430 1760 2487 multi-

112 2535 167 2575 non
182 2535 247 2576 raro
262 2519 341 2591 quasi
355 2519 440 2575 invite
470 2534 614 2576 movemur
634 2520 668 2574 ad
691 2533 815 2575 mensam
827 2517 909 2590 paulo
957 2519 1103 2590 plicatione
1122 2518 1158 2574 ad
1172 2518 1341 2575 invisendam
1356 2518 1468 2574 domurn
1475 2518 1624 2574 Carthasim
1635 2519 1760 2591 undiquc

112 2607 212 2664 lautius
226 2608 423 2674 instruendam,
446 2608 538 2663 statim
566 2624 617 2663 nos
642 2608 866 2675 condemnarent,
883 2616 910 2663 et
958 2607 1151 2664 confluentium
1165 2608 1290 2679 (quorum
1305 2622 1434 2663 numerus
1455 2607 1490 2663 ad
1513 2614 1618 2678 septem
1636 2615 1683 2663 aut
1696 2615 1760 2666 octo

112 2696 186 2769 quod
199 2696 355 2752 necessitati
369 2703 473 2751 tantum
488 2695 660 2752 tribuendum
677 2704 727 2763 est,
747 2704 848 2752 nostrae
873 2695 909 2750 li·
958 2696 1043 2751 millia
1057 2696 1196 2750 hominum
1210 2696 1238 2751 in
1264 2710 1337 2751 anno
1365 2710 1557 2766 nonnunquam
1584 2696 1759 2768 extenditur),

112 2784 188 2840 berar
202 2785 332 2840 voluntati
348 2784 518 2855 imputarent.
919 2800 1013 2871 Bnec
1028 2784 1129 2840 reditus
1144 2799 1195 2840 neo
1210 2783 1361 2839 oeconomia
1380 2783 1531 2839 Canthusiae
1545 2793 1657 2855 possent
1679 2784 1760 2841 sulti·

150 2870 283 2928 Omnibus
296 2873 407 2928 tandem
421 2879 590 2938 occurretur,
607 2874 631 2927 si
645 2872 773 2928 discretio
802 2873 830 2927 in
856 2887 909 2944 po·
961 2888 1041 2939 cere,
1071 2873 1094 2927 si
1115 2872 1273 2943 equitatura
1300 2872 1431 2927 nobilium
1464 2871 1601 2943 hospitum
1633 2888 1650 2928 a
1679 2873 1761 2929 nobis

114 2960 223 3016 stremis
237 2961 341 3016 statutis
370 2967 462 3016 notata
485 2958 622 3016 bonafide
649 2968 789 3026 servetur,
806 2961 853 3015 ubi
867 2976 911 3016 res
961 2969 1174 3033 procurarentur
1200 2960 1258 3016 sive
1285 2959 1428 3016 alerentur.
1456 2960 1514 3016 llac
1536 2960 1571 3016 de
1599 2976 1692 3026 causa,
1713 2978 1763 3017 nu·

114 3065 164 3121 per
175 3050 234 3106 haec
247 3050 330 3106 verba
354 3048 548 3106 concluditur:
566 3048 677 3117 Quanto
701 3051 807 3116 rarius,
830 3054 911 3105 tanto
962 3064 1037 3105 mero
1063 3048 1201 3119 hospitum
1214 3048 1243 3104 in
1255 3048 1315 3104 dies
1330 3055 1479 3115 crescente,
1495 3047 1583 3104 adacti
1597 3046 1701 3104 luimus
1715 3065 1765 3104 nn·

115 3139 228 3196 melius
962 3138 1035 3210 peris
1049 3137 1127 3192 annis
1159 3137 1194 3192 ad
1222 3137 1434 3193 construendum
1457 3136 1603 3207 hospitium
1622 3136 1763 3208 publicum

152 3228 269 3283 Domum
291 3227 316 3282 si
338 3226 485 3300 aliquando
513 3227 541 3282 in
569 3226 732 3299 quibusdam
745 3226 873 3282 domibus
886 3233 914 3283 et
963 3234 1039 3283 extra
1058 3233 1169 3297 pontem
1197 3225 1355 3292 carthusiae,
1372 3225 1399 3279 in
1427 3240 1481 3296 quo
1508 3225 1634 3296 publicus
1659 3225 1764 3298 hospes

117 3316 153 3372 ab
167 3315 304 3388 aliquibus
325 3314 484 3373 officialibus
498 3316 527 3370 in
542 3316 594 3372 hac
608 3323 686 3387 parte
701 3324 846 3381 erraretur,
862 3331 914 3372 nec
964 3315 1139 3388 equitaturas,
1155 3321 1182 3369 et
1196 3328 1333 3383 cursores,
1354 3320 1383 3368 ut
1396 3320 1502 3378 vocant,
1518 3313 1656 3385 hospitum
1684 3314 1764 3372 exci-

116 3403 205 3460 ordini
215 3419 266 3459 nec
279 3404 425 3460 conventui
440 3403 559 3475 regulari
580 3403 724 3460 domomm
738 3403 766 3459 id
780 3404 914 3475 imputan-
963 3411 1050 3476 peret.
1067 3402 1096 3458 Si
1106 3402 1152 3476 qui
1166 3418 1231 3458 vero
1253 3402 1288 3457 de
1302 3402 1353 3458 hac
1367 3417 1398 3458 re
1412 3411 1568 3459 continuos
1577 3409 1761 3472 murmurent,

117 3493 183 3548 dum
204 3499 285 3548 esset.
317 3492 474 3548 Conventus
490 3492 572 3558 enim,
598 3507 653 3564 quo
680 3508 781 3564 corpus
810 3492 914 3549 ordinis
964 3492 1129 3562 respondeat
1142 3490 1196 3546 illis
1209 3505 1260 3561 pro
1274 3489 1354 3545 nohis
1369 3488 1401 3546 R.
1417 3490 1447 3545 P.
1464 3489 1564 3563 (luigo,
1579 3489 1764 3562 quifreqnen·

118 3581 301 3653 componitur,
317 3581 370 3636 nisi
385 3596 500 3652 prorsus
523 3596 667 3638 commune
688 3581 770 3637 habet
788 3595 851 3637 cum
868 3597 915 3637 re·
965 3581 1030 3634 tiam
1045 3579 1118 3633 illam
1136 3578 1272 3650 hospitum
1282 3577 1451 3634 carthusiam
1461 3577 1634 3634 invisentium
1645 3577 1704 3647 jam
1714 3592 1766 3636 suo

117 3670 242 3741 ceptione
269 3669 416 3741 hospitum,
434 3676 461 3725 et
475 3668 549 3724 nullo
578 3669 658 3724 modo
687 3669 829 3740 participat
856 3669 916 3724 istis
966 3675 1088 3739 tempore
1115 3674 1214 3733 naam,
1231 3666 1286 3722 imo
1310 3673 1337 3722 ct
1358 3666 1437 3738 quasi
1464 3666 1585 3722 adnltm
1613 3665 1699 3723 luisse
1713 3681 1765 3725 nos

118 3757 287 3826 excessibus,
300 3773 362 3814 cum
377 3757 516 3828 pitantiam
526 3756 826 3828 aqualiteroratnatam
840 3773 915 3812 sem-
966 3757 1071 3812 edocet.

87 3854 98 3870 ⁶
119 3837 169 3918 per
183 3846 302 3901 habeant
315 3846 344 3900 in
354 3844 424 3901 cella
444 3844 546 3917 singuli
561 3845 764 3900 conventuales.
794 3845 851 3900 lmo
866 3860 916 3902 nec
1002 3844 1071 3899 lbid.
1093 3845 1224 3916 lolioque
1240 3844 1374 3900 lactescit
1396 3847 1425 3899 et
1450 3844 1533 3912 cibos,
1550 3843 1765 3902 etc.11iclocus

120 3933 208 3990 sciant
236 3931 302 4003 quid
316 3932 344 3987 in
371 3946 482 3988 mmera
509 3931 646 4002 hospitum
674 3931 852 3999 ministretur,
869 3933 916 3988 sed
966 3931 1161 4006 intelligendus
1175 3938 1217 3987 est
1237 3931 1265 3986 in
1280 3947 1363 3986 sensu
1385 3930 1567 3987 discretionis.
1582 3931 1654 3988 Nam
1667 3932 1767 3989 absur-

119 4021 154 4077 ad
190 4019 264 4076 solos
293 4020 398 4091 priores
412 4027 439 4074 et
465 4027 655 4090 procuratores
695 4019 844 4091 pertineret
866 4020 919 4076 ista
967 4021 1030 4075 dum
1046 4027 1117 4076 esset
1127 4027 1223 4091 putare
1238 4020 1310 4091 qnod
1324 4017 1421 4075 diebus
1435 4018 1604 4077 abstinentiae
1617 4019 1766 4091 deputatis,

119 4108 272 4181 personalis
288 4107 483 4179 transgressio,
499 4123 560 4178 quae
573 4108 608 4163 ad
622 4107 793 4164 visitatorum
804 4123 918 4165 examen
967 4124 1066 4180 panem
1082 4116 1185 4163 tantum
1199 4115 1226 4164 et
1253 4122 1353 4178 aquam
1373 4122 1435 4162 cum
1454 4106 1511 4162 sale
1532 4107 1589 4162 suis
1612 4108 1767 4179 hospitibus

119 4198 147 4253 in
161 4197 285 4270 sequenti
299 4197 454 4253 visitatione
468 4196 576 4266 adduci,
593 4205 620 4253 et
643 4196 779 4270 condigna
793 4197 918 4253 animad-
968 4205 1031 4253 tunc
1055 4194 1194 4262 offerrent,
1224 4195 1294 4251 sient
1308 4196 1342 4250 de
1371 4194 1512 4251 monachis
1539 4195 1694 4266 ordinatur,
1716 4196 1767 4253 sod

120 4285 246 4343 versione
266 4285 348 4357 plecti
369 4286 491 4342 deberet.
968 4284 997 4340 id
1011 4284 1219 4358 intelligendum
1233 4291 1274 4339 est
1288 4283 1316 4337 in
1337 4298 1439 4354 genere
1453 4282 1487 4338 de
1510 4283 1581 4338 escis
1595 4282 1650 4338 illis
1668 4284 1768 4356 quiam

156 4375 231 4430 Idem
261 4375 437 4443 iudicandum
459 4381 500 4430 est
528 4374 562 4430 de
585 4375 645 4430 aliis
676 4375 809 4431 similibus
847 4382 919 4430 tran·
970 4373 1006 4428 uti
1030 4373 1163 4437 solebant,
1180 4380 1261 4444 prout
1273 4379 1334 4426 sunt
1349 4372 1448 4442 pisces,
1472 4386 1534 4437 ova,
1559 4386 1657 4428 casata
1671 4372 1769 4429 etfro-

122 4461 338 4536 egressionibus,
349 4479 410 4534 quae
420 4462 582 4535 personales
593 4471 664 4529 suut,
676 4471 702 4519 et
713 4479 773 4534 qna
781 4479 919 4535 nunquam
968 4471 1038 4528 ctus,
1071 4461 1186 4517 servatis
1212 4468 1304 4516 tamen
1330 4459 1440 4515 lorsitau
1472 4461 1660 4530 temporibus,
1689 4469 1718 4516 ut
1737 4461 1766 4517 iu

121 4551 150 4607 in
178 4551 302 4606 ordinem
312 4558 439 4621 poterunt
448 4551 520 4618 juste
533 4550 651 4618 relundi,
664 4551 783 4623 quandiu
797 4567 846 4622 per
856 4563 920 4608 con·
969 4550 1094 4608 Adventu
1109 4556 1135 4604 et
1147 4549 1208 4604 aliis
1223 4549 1318 4604 diebus
1332 4564 1381 4619 pcr
1408 4555 1505 4604 statuta
1524 4548 1627 4604 ordinis
1639 4548 1769 4622 assigna·

122 4639 221 4713 dignas
242 4638 468 4709 reprehensiones
492 4646 519 4694 et
546 4639 637 4694 anima
658 4638 800 4695 versiones
826 4647 920 4696 contra
970 4638 1014 4703 tis,
1037 4653 1088 4693 nec
1106 4653 1167 4703 ova,
1186 4652 1238 4693 nec
1265 4652 1372 4703 caseus,
1398 4637 1481 4692 etiam
1506 4636 1575 4708 ipsis
1603 4637 1766 4709 hospitibus,

122 4743 169 4784 eus
196 4726 404 4790 reclamabitur,
434 4735 461 4782 et
483 4743 533 4797 pro
558 4725 680 4798 possibili
714 4726 877 4798 punientem
892 4727 921 4783 hi
971 4733 1085 4796 excepta
1099 4725 1250 4781 rationabili
1272 4740 1366 4795 causo,
1381 4725 1607 4782 ministrarentur.

123 4816 196 4873 enim
210 4823 312 4872 tantum
328 4815 374 4886 qui
389 4822 481 4870 tacent
495 4815 650 4872 consentire
664 4814 799 4871 videntur.
1007 4815 1048 4870 ta
1069 4815 1154 4871 lectos
1177 4822 1266 4870 autem
1289 4812 1465 4870 saecularibus
1492 4813 1697 4884 praeparandos,
1714 4829 1770 4870 non

157 4905 255 4960 Totum
270 4905 322 4960 hoc
345 4904 378 4959 R.
409 4903 496 4959 Patris
513 4903 646 4976 Gnigoais
668 4903 815 4975 capitulum
835 4911 921 4961 trans-
970 4902 1106 4959 habebant
1119 4901 1259 4969 metalitia,
1276 4901 1323 4957 sed
1349 4902 1462 4958 eosdem
1484 4902 1599 4958 honeste
1623 4910 1769 4973 coopertos

122 4993 237 5049 missum
252 4993 367 5048 habetur
380 5007 441 5064 cap.
458 4996 474 5047 8
489 5000 516 5047 ot
526 5007 583 5048 sec.
606 5000 682 5063 part.
698 4992 782 5064 antiq.
800 4993 866 5049 Stat.
971 4989 1134 5058 offerebant,
1151 4989 1251 5062 quibus
1265 4989 1351 5046 nostri
1379 4990 1532 5057 utebantur,
1556 5004 1654 5061 nempe
1669 4990 1698 5046 in
1712 5005 1773 5046 mo-

161 5080 228 5137 Car.
243 5081 319 5137 xlx.
335 5110 370 5122 -
383 5081 465 5136 Num.
483 5084 508 5135 t.
532 5080 658 5152 ipsoram
668 5084 765 5137 autem
779 5081 922 5154 hospitum
972 5080 1037 5135 dum
1053 5078 1131 5134 abaci
1146 5078 1322 5149 compositos,
1339 5078 1487 5135 secundum
1507 5092 1610 5133 morem
1628 5079 1676 5151 qui
1689 5078 1772 5135 etiam

123 5177 188 5237 eto,
204 5184 262 5226 noa
277 5170 364 5226 ctiam
391 5172 579 5242 equitaturas.
601 5171 641 5224 Ex
660 5172 713 5226 hoc
740 5178 767 5226 et
782 5170 922 5242 sequenti·
973 5181 1045 5223 nunc
1060 5175 1219 5237 perseverat
1229 5174 1255 5222 et
1266 5166 1295 5220 in
1309 5166 1435 5222 omnibus
1459 5164 1703 5222 Canthusianorum
1714 5166 1773 5223 cel-

122 5260 174 5316 bus
188 5257 311 5329 capitulis
339 5257 420 5313 debet
438 5258 540 5312 hauriri
555 5257 627 5313 unde
648 5266 745 5329 postea
777 5258 923 5330 capitulum
973 5254 1036 5310 lulis
1050 5254 1170 5311 videtur.
1187 5251 1241 5323 Qui
1263 5254 1361 5309 modus
1379 5253 1445 5308 satis
1473 5253 1633 5309 commodus
1647 5262 1699 5321 est,
1714 5270 1773 5310 ma·

124 5345 168 5410 tt,
184 5341 232 5397 ubi
246 5341 280 5396 de
295 5339 423 5413 fugienda
432 5341 578 5412 cupiditate
588 5342 688 5413 agitur,
699 5342 786 5412 possit
800 5350 872 5397 recte
882 5342 923 5396 in·
974 5343 1044 5398 xime
1069 5344 1096 5396 in
1121 5342 1189 5398 locis
1217 5341 1333 5413 frigidis,
1359 5348 1438 5411 prout
1474 5348 1516 5396 cst
1539 5342 1691 5409 Carthasia,
1707 5343 1772 5415 quia

123 5429 219 5503 telligi.
237 5428 413 5501 Perspicuum
426 5427 499 5484 euim
517 5438 558 5485 est
575 5430 648 5502 qnod
665 5429 804 5500 cupiditati
819 5429 924 5501 aliquid
974 5431 1019 5502 qni
1043 5430 1072 5486 in
1094 5430 1162 5501 ipsis
1188 5430 1324 5485 dormiunt
1348 5437 1410 5483 sunt
1433 5428 1510 5485 velut
1535 5428 1564 5484 in
1591 5429 1677 5485 abaco
1706 5446 1773 5487 cou-

123 5516 283 5591 possidendi
322 5523 398 5573 extra
433 5517 564 5574 terminos
605 5518 794 5574 renuntiarent
843 5513 1775 5589 primiDclnsi,etsicomajorilrigoreservantur.Siverouostria
