3750 5984
62 157 130 210 rna
555 143 559 150 ’
681 151 838 209 serrum
857 126 1023 223 annom.
1637 158 1714 216 rnr

97 280 141 332 stt.
162 275 231 346 Quia
244 291 295 347 per
308 275 358 332 Dei
380 275 497 349 gratiam
520 291 649 332 numerus
661 293 664 296 ⁴
678 289 859 346 personarum
870 278 897 336 A
910 285 949 334 tot
964 276 1121 335 sacerdotes
1140 285 1205 350 quot
1218 277 1317 334 missas
1335 278 1452 345 debitas,
1482 277 1563 336 etiem
1593 280 1616 336 si
1633 280 1706 338 ultra

62 371 253 438 augmentatur
268 373 295 418 et
310 364 668 434 domorum,consequenter
678 363 795 418 breviter
809 379 856 418 or·
909 366 983 420 illam
999 382 1052 438 qua
1063 366 1404 422 debenturhebdomadam
1415 366 1579 437 differantur,
1592 369 1707 427 reddere

62 452 198 520 dinamus,
215 451 288 523 quod
303 466 319 506 ε
333 451 451 522 capitulo
465 451 588 522 generali
603 467 689 522 usque
704 451 739 504 ad
753 451 861 505 instan-
909 469 964 509 non
980 453 1125 522 sufficiunt,
1142 469 1192 525 pro
1221 454 1339 526 qualibet
1362 455 1456 523 missa,
1478 472 1538 526 quae
1565 456 1635 512 solvi
1651 473 1706 513 non

64 548 118 594 tem
128 540 301 596 Nativitatem
315 539 425 595 Domini
439 539 513 594 omni
536 555 608 594 anno
631 539 728 595 breves
742 542 786 603 50,
803 544 830 594 el
845 554 860 593 a
910 542 1005 613 potuit,
1015 541 1113 613 psalmi
1128 545 1162 597 50
1172 541 1298 597 dicantur
1304 543 1379 611 juxta
1393 542 1591 598 ordinationem
1607 551 1633 599 et
1648 544 1707 599 dis-

63 628 208 684 Nativitate
222 643 309 700 usque
324 627 360 682 ad
374 626 520 698 capitulum
541 642 660 699 sequens
674 626 787 682 totidem
807 626 861 681 dici
910 629 1072 700 positionem
1088 629 1180 685 vicarii
1203 636 1230 685 et
1254 630 1377 696 rationis,
1408 638 1570 686 nontamen
1598 638 1708 703 propter

64 716 178 787 possint,
195 715 325 772 brevibus
340 715 400 770 aliis
414 715 459 787 qui
483 730 565 786 super
591 731 691 769 annum
719 714 861 769 mittuntur
910 717 962 772 boe
977 716 1109 772 moniales
1123 716 1248 772 omittant
1262 717 1377 772 reddere
1392 733 1442 788 pro
1457 717 1533 773 brevi
1541 734 1626 773 unum
1635 717 1708 790 psel-

63 805 91 858 in
107 806 158 859 hoc
172 819 287 860 numero
297 802 458 874 computetis
475 802 528 857 :ita
544 810 636 858 tamen
650 802 723 874 quod
738 801 861 857 duobre-
911 804 1018 873 terium,
1029 804 1097 861 sicut
1111 805 1139 860 in
1152 805 1230 861 novis
1252 806 1358 860 statutis
1373 805 1550 861 continetur.'

64 908 113 947 ves
128 893 155 946 in
169 891 342 947 hebdomada
355 890 555 961 persolvantur.
946 894 993 948 44.
1013 892 1155 949 Dominice
1180 892 1247 948 infra
1275 901 1384 949 octavas
1412 893 1583 950 eucharistia
1610 893 1709 951 dicitur

101 983 148 1034 36.
166 979 272 1034 Novam
287 977 504 1035 constitutionem
520 979 554 1034 de
576 977 718 1034 monachis
733 977 819 1034 semel
833 976 861 1031 in
911 980 1003 1036 titulus
1017 980 1111 1052 pn'mae
1124 981 1250 1037 lectionis
1263 983 1307 1038 hx
1321 981 1407 1037 dietis
1416 986 1591 1038 sanctorum.

65 1084 160 1122 mense
174 1067 408 1123 communicandis
422 1083 472 1137 per
487 1066 581 1123 sedern
596 1066 774 1138 apostolicum
796 1081 861 1136 spe·
948 1069 991 1125 42.
1008 1067 1173 1124 Ordinemus
1193 1070 1267 1140 quol
1280 1068 1378 1124 festum
1393 1070 1422 1124 D.
1452 1069 1575 1143 Hugonis
1590 1068 1712 1143 episcopi

64 1155 170 1210 cialiter
185 1154 296 1224 editum,
311 1169 393 1210 causa
407 1153 558 1210 devotionis
573 1152 682 1210 extendi
691 1154 817 1210 volumus
827 1152 863 1208 ad
911 1155 1119 1224 Lincolniensis,
1136 1156 1274 1229 quondam
1288 1156 1415 1212 monaehi
1430 1157 1578 1214 Carthusiae
1592 1164 1619 1213 et
1633 1158 1711 1229 prio·

64 1249 181 1309 nostms,
197 1257 259 1298 cum
274 1257 332 1313 prae
346 1242 452 1298 caeteris
462 1241 599 1314 religiosis
608 1241 745 1297 devotioni
760 1241 862 1297 debea·
912 1243 951 1299 ris
966 1244 1000 1299 de
1016 1244 1104 1301 Vitam
1115 1259 1178 1300 cum
1192 1244 1313 1300 candelis
1327 1251 1354 1300 et
1369 1244 1485 1316 capitulo
1500 1260 1550 1317 ρετ
1564 1251 1650 1301 totum
1662 1260 1711 1301 or·

65 1346 126 1385 mus
140 1330 299 1386 intendere:
314 1336 463 1385 statuentes
477 1337 505 1385 ut
518 1329 632 1401 quilibet
645 1329 797 1385 monachus
807 1343 863 1383 non
912 1331 1003 1387 dinem
1019 1331 1182 1388 celebretur.
1199 1332 1329 1388 Conversi
1343 1331 1516 1403 eboperibus
1525 1347 1580 1388 non
1591 1341 1710 1401 cessent,

65 1418 204 1485 sacerdos,
221 1418 345 1482 clericus,
361 1417 482 1473 redditus
492 1417 565 1488 apud
585 1432 635 1472 nos
649 1418 677 1471 in
690 1416 776 1487 prima
804 1417 862 1471 Do·
912 1434 964 1476 nec
978 1419 1097 1475 habeant
1124 1419 1280 1491 capitulum.
1303 1421 1333 1475 ln
1358 1420 1452 1492 primis
1475 1420 1598 1492 vesperis
1628 1436 1712 1493 super

65 1505 166 1562 mirice
181 1506 284 1562 mensis
311 1496 464 1574 cujuslibet,
476 1505 512 1559 ad
528 1504 618 1559 minus
639 1505 716 1574 iuxta
740 1511 863 1560 tenorem
912 1507 1034 1579 psalmos
1044 1507 1125 1564 debet
1139 1506 1347 1579 diciantiphona
1361 1506 1449 1579 prima
1463 1507 1498 1563 de
1511 1507 1712 1567 laudibusb’ccc

67 1594 204 1666 praedictae
234 1592 433 1650 constitutionis
456 1608 517 1648 cum
546 1592 638 1648 debita
665 1592 899 1685 preparationeB
912 1595 1041 1652 sacerdos
1059 1613 1189 1668 magnes,
1210 1603 1236 1652 et
1265 1596 1414 1653 secundum
1443 1597 1660 1668 responsorium,
1686 1603 1712 1654 et

67 1682 237 1738 eucharistiae
252 1681 364 1752 recipiat
383 1687 596 1737 sacramentum.
914 1683 998 1739 missa
1012 1684 1071 1739 sine
1091 1683 1225 1755 symbolo.

103 1772 150 1825 34.
169 1769 310 1824 bfonemus
324 1776 414 1824 eutem
428 1767 585 1824 sacerdotes
600 1782 665 1823 rero
681 1767 862 1835 celebrantes,
949 1773 995 1826 43.
1012 1772 1172 1828 Declaratur
1186 1771 1260 1844 quod
1274 1771 1359 1826 missa
1378 1771 1440 1828 festi
1454 1771 1535 1827 trium
1562 1771 1712 1829 lectionum

68 1858 142 1929 qnod
157 1856 191 1912 de
204 1864 304 1913 caetero
319 1872 349 1912 se
372 1863 528 1928 preparent
541 1863 567 1911 et
582 1855 738 1926 disponant.
916 1859 1046 1915 eveniens
1056 1858 1084 1914 in
1092 1859 1136 1915 die
1149 1858 1278 1915 cinerum
1289 1867 1315 1936 et
1324 1859 1464 1930 deinceps,
1476 1867 1590 1932 propter
1598 1859 1712 1916 missam

104 1949 147 1999 38,
164 1946 276 2016 Propter
294 1943 414 2000 officium
433 1943 637 2000 benefectomm
662 1943 690 1997 S.
721 1941 863 2012 Stephani,
911 1947 1008 2016 jejunii
1023 1963 1079 2002 non
1092 1947 1249 2018 impeditur,
1266 1948 1315 2003 sed
1330 1948 1363 2001 ab
1382 1947 1597 2004 hebdomadario
1612 1955 1654 2006 est
1667 1947 1712 2004 di·

68 2032 256 2089 cluniacensis
270 2039 297 2087 et
311 2031 422 2102 capituli
436 2031 584 2104 generalis,
601 2047 636 2086 ne
652 2030 734 2085 nimis
749 2029 864 2084 diflera-
915 2035 1012 2091 nenda.

67 2128 122 2187 tur,
137 2119 261 2176 concedit
275 2119 346 2191 quod
360 2119 447 2191 possit
457 2119 598 2175 transferri
623 2117 863 2175 anniversarium:
951 2123 995 2178 44.
1011 2123 1079 2177 Item
1096 2121 1251 2179 declaratur
1265 2122 1337 2195 quod
1360 2123 1470 2195 quando
1499 2122 1592 2195 plures
1614 2125 1714 2183 breves

68 2208 121 2263 elia
137 2223 191 2262 non
208 2207 395 2263 anniversaria
409 2224 469 2279 quae
493 2205 702 2272 transferuntur,
727 2205 867 2261 solventur
916 2209 1043 2265 eveniunt
1057 2209 1085 2264 in
1104 2209 1287 2278 hebdomada,
1304 2218 1331 2266 et
1348 2210 1448 2266 missas
1462 2211 1541 2266 reddi
1564 2213 1715 2269 seeundum

69 2304 96 2352 et
109 2296 256 2352 reddantur
270 2295 380 2369 quando
395 2302 422 2351 et
437 2295 506 2351 sicut
518 2295 547 2349 in
569 2293 671 2350 nostris
696 2292 865 2349 constitutio·
916 2297 1025 2369 antiqua
1035 2304 1137 2352 statuta
1160 2312 1221 2354 cum
1236 2297 1292 2353 suis
1307 2298 1426 2368 propriis
1455 2298 1633 2369 orationibus,
1659 2310 1716 2355 noa

69 2385 149 2440 nibus
163 2383 326 2440 continetur.
752 2404 755 2410 ·
917 2385 1040 2441 obstante
1051 2385 1123 2457 quod
1138 2385 1173 2442 de
1183 2385 1288 2441 duobus
1304 2385 1432 2441 brevibus
1455 2385 1578 2443 dicendis
1591 2385 1619 2442 in
1646 2387 1715 2442 heb·

31 2542 33 2548 Α
106 2475 150 2527 33.
168 2470 318 2541 Querstioni
332 2470 410 2527 lectae
431 2471 465 2526 de
492 2469 562 2525 festo
576 2470 606 2524 B.
637 2467 747 2524 Antonii
771 2467 866 2536 eteius
916 2473 1034 2530 domade
1059 2481 1100 2528 est
1122 2480 1259 2527 statutum.
1284 2473 1313 2528 Si
1328 2481 1418 2529 tamen
1432 2474 1525 2545 plures
1553 2489 1635 2545 quam
1662 2474 1716 2530 dno
1746 2478 1752 2491 “

70 2559 161 2617 officio
171 2560 362 2630 respondetur,
386 2566 413 2614 et
427 2558 496 2615 sicut
510 2556 539 2611 fit
553 2557 581 2612 in
606 2556 760 2621 cirtensis,
776 2570 866 2610 sermo
917 2563 1016 2617 breves
1029 2560 1057 2615 in
1069 2559 1239 2616 hebdomada
1253 2560 1416 2631 contigerint
1439 2561 1559 2630 evenire,
1576 2559 1643 2633 qnol
1655 2561 1716 2632 plus

71 2658 100 2712 in
115 2657 252 2713 matutinis
268 2657 355 2713 Omne
370 2656 442 2729 quod
455 2658 576 2727 aqimus,
601 2662 666 2719 etc,
692 2652 867 2724 evangelium
918 2649 1053 2717 evenient,
1070 2656 1108 2704 tot
1121 2649 1212 2704 minus
1226 2648 1350 2704 dicentur
1368 2649 1396 2703 in
1416 2649 1587 2705 hebdomada
1613 2650 1715 2707 subse·

69 2754 126 2802 tam
141 2747 177 2801 nd
190 2745 335 2801 matutinas
346 2761 425 2817 quam
435 2744 471 2799 ad
484 2743 609 2811 missam,
625 2742 724 2813 Siquis
744 2741 819 2797 venit
830 2740 867 2796 cd
919 2736 1021 2809 quenti.

69 2850 124 2900 me,
137 2841 201 2899 etc,
216 2833 361 2889 homiliall.
372 2832 501 2904 Gregorii
508 2845 596 2902 papae,
610 2829 865 2887 sicensidcremuc.
955 2826 998 2880 45.
1014 2825 1044 2879 ln
1058 2823 1128 2879 sesto
1143 2825 1178 2880 de
1188 2824 1371 2895 conceptione
1385 2825 1414 2879 D.
1432 2825 1522 2880 Medae
1535 2825 1643 2882 dicatur
1656 2823 1717 2885 loce

70 2922 196 2977 lutroitus
205 2921 297 2976 missae
312 2920 346 2976 Os
349 2922 433 2993 justi,
450 2927 477 2974 et
491 2918 607 2989 epistole
616 2916 865 2974 tostumdednstt.
920 2912 1125 2983 disceptione,
1141 2913 1395 2982 Sanctificaticnir.

106 3011 149 3064 46.
166 3010 234 3065 Cum
246 3009 396 3065 secundum
411 3014 538 3063 statutum
554 3005 658 3061 ordinis
673 3004 799 3060 monaehi
813 3018 869 3058 non
955 3000 998 3056 46.
1014 3000 1192 3056 Declaramus
1207 3000 1279 3070 quod
1300 3000 1409 3071 quando
1423 3002 1544 3057 occurrit
1556 3003 1718 3060 anniversa-

72 3097 231 3154 sacerdotes
250 3105 275 3154 et
290 3097 423 3152 moniales
437 3095 498 3151 leco
508 3091 745 3150 missaetricenerii
756 3094 790 3146 50
800 3089 869 3162 psal·
918 3087 988 3143 rium
1003 3096 1139 3158 praeseme
1150 3087 1287 3155 defuncto,
1298 3087 1358 3142 duae
1373 3087 1489 3158 agendas
1504 3090 1651 3147 eodemdle
1666 3091 1718 3149 de·

71 3200 131 3240 mos
146 3185 238 3241 dicere
252 3193 396 3240 teneantur
412 3199 419 3239 :
449 3182 573 3239 similiter
591 3180 772 3244 declaramus,
797 3178 870 3249 quod
919 3175 984 3230 bent
998 3174 1062 3241 dici,
1080 3190 1134 3230 une
1149 3175 1275 3231 videlicet
1285 3175 1464 3231 anniversarii
1479 3177 1718 3251 postvesperasia

71 3273 100 3328 in
115 3272 241 3328 domibus
254 3271 414 3330 monialium
428 3278 455 3328 et
468 3269 674 3334 monachorum,
686 3267 732 3322 ubi
741 3281 796 3321 non
807 3272 870 3320 sunt
920 3262 1046 3331 ecclesia,
1063 3270 1090 3319 et
1105 3263 1157 3318 elie
1172 3279 1249 3319 more
1263 3262 1341 3319 solito
1347 3278 1433 3335 prope
1446 3262 1536 3320 funus.

765 3390 1017 3406 ψ

867 3494 918 3566 V.

214 3650 372 3718 STATUTA
392 3645 551 3704 CAPITULI
570 3642 769 3701 GENERALIS
789 3638 934 3697 ORDINIS
952 3636 1228 3694 CARTIIUSIDNSIS
1246 3637 1354 3693 EDITA
1371 3639 1471 3696 dNNO
1498 3643 1577 3699 4264.

715 3740 768 3807 (lix
782 3754 835 3793 ms.
850 3735 968 3794 Colbert.
984 3735 1078 3805 3807.)

108 3877 134 3927 4.
151 3874 229 3926 hono
240 3867 348 3925 Domini
363 3871 441 3935 4264,
458 3873 587 3922 statutum
608 3870 649 3920 est
664 3862 737 3934 qnod
752 3860 829 3932 prior
843 3866 870 3914 et
920 3856 1018 3912 nentiae
1033 3856 1170 3926 deputatis
1186 3874 1193 3922 ;
1211 3863 1323 3927 possunt
1340 3865 1429 3913 tamen
1443 3857 1538 3914 fieriin
1553 3857 1723 3931 quibuslibet

72 3967 233 4030 procurator
244 3964 359 4028 possunt
370 3956 463 4011 dicere
487 3955 604 4010 Placebo
633 3958 660 4005 et
684 3951 778 4021 Dirige
809 3954 870 4018 post
920 3945 996 4001 festis
1020 3943 1140 4016 capituli,
1167 3944 1310 4012 cujuslibet
1324 3944 1422 4000 domus
1443 3949 1639 4005 consuetudine
1667 3965 1723 4008 non

72 4063 184 4111 nonam,
201 4045 307 4117 quenda
325 4052 386 4099 sunt
410 4051 487 4097 extra
514 4047 688 4104 conventum,
716 4046 743 4093 et
770 4033 871 4092 inlirmi
920 4033 1058 4088 obstante.
1080 4031 1324 4103 illudetiamquod
1339 4033 1522 4090 dabiturleria
1538 4050 1579 4104 nt,
1595 4037 1720 4093 velSab-

75 4134 209 4190 similiter.
921 4121 992 4189 bato,
1009 4121 1094 4190 possit
1116 4135 1167 4190 pro
1189 4120 1324 4176 beneficio
1349 4122 1531 4179 anniversarii
1558 4126 1722 4196 computari,

107 4227 137 4282 2.
152 4224 230 4287 Item,
247 4220 320 4293 quod
334 4219 432 4276 domus
443 4217 526 4274 Vallis
537 4215 636 4272 Viridis
649 4211 734 4284 possit
749 4210 871 4266 seribere
922 4208 1052 4279 quidquid
1063 4208 1098 4262 sit
1110 4208 1188 4261 illud.

75 4310 186 4367 domino
199 4325 276 4380 papae
291 4323 340 4379 pro
354 4307 407 4362 sibi
420 4304 595 4363 necessariis.
883 4291 909 4350 D
960 4298 987 4349 7.
1003 4296 1138 4350 Statutum
1152 4294 1187 4349 de
1201 4293 1327 4349 facienda
1351 4295 1469 4368 coquina
1496 4313 1546 4367 per
1572 4300 1722 4356 monachos

110 4403 137 4454 3.
154 4399 231 4462 item,
243 4403 393 4453 conventus
408 4410 462 4449 non
476 4392 620 4450 comedant
635 4386 833 4445 extrudamus.
924 4381 1010 4438 semel
1024 4382 1157 4437 inmense
1171 4390 1327 4437 revocatur.

110 4488 137 4543 4,
153 4485 266 4554 Recepti
285 4492 311 4539 el
339 4481 489 4554 recipiendi
516 4481 552 4536 de
575 4477 670 4534 ordine
699 4473 833 4528 blinorum
846 4478 873 4527 et
959 4475 984 4524 8.
1000 4469 1096 4524 Nullus
1110 4468 1229 4539 appellet
1243 4468 1296 4523 nisi
1310 4469 1345 4523 ad
1360 4469 1506 4540 capitulum
1534 4474 1664 4546 generale
1677 4476 1722 4534 rel

74 4573 285 4629 praedicatorum
300 4587 355 4627 non
369 4577 483 4641 possunt
506 4567 608 4623 habere
628 4560 796 4619 obedientias
810 4575 873 4616 cum
923 4559 958 4613 ad
968 4557 1085 4628 priorem
1102 4556 1261 4621 carthusiae,
1279 4557 1500 4628 aliterappellans
1508 4562 1632 4618 ordinem
1642 4563 1723 4620 amit·

76 4677 150 4727 cura,
162 4661 220 4715 sine
235 4658 438 4729 dispensatione
454 4656 553 4711 summi
567 4651 711 4725 pontilicis.
722 4648 776 4719 Ipsi
791 4647 873 4702 etiarn
923 4654 969 4700 tat.
986 4644 1014 4700 Si
1034 4652 1124 4699 autem
1147 4643 1248 4712 judicio
1277 4644 1388 4714 capituli
1414 4649 1616 4716 pronuntiatum
1640 4649 1723 4708 fuerit

77 4750 122 4821 qui
137 4748 254 4820 professi
268 4747 375 4803 fuerunt
389 4747 417 4800 in
431 4743 568 4816 praedictis
583 4740 722 4798 ordinibus
737 4736 780 4793 vel
789 4736 818 4791 in
826 4735 873 4791 ei·
923 4735 1009 4804 ipsam
1024 4731 1234 4803 appellationem
1247 4732 1374 4800 injustam
1394 4733 1489 4800 fuisse,
1508 4735 1532 4789 is
1547 4736 1592 4806 qui
1607 4737 1648 4793 sic
1670 4753 1721 4810 ep-

77 4836 229 4901 sterciensi,
245 4851 301 4891 non
323 4842 437 4906 possunt
459 4833 566 4903 aliquas
594 4825 763 4885 obedientias
793 4824 873 4878 etiam
923 4820 1034 4892 pellarit
1047 4821 1124 4888 juxta
1140 4819 1250 4872 modum
1264 4819 1350 4889 culpa
1361 4821 1482 4892 graviter
1496 4822 1632 4892 puniatur.

78 4925 136 4979 sine
151 4941 217 4980 cura
232 4923 335 4979 babere
348 4922 375 4976 in
390 4921 484 4977 ordine
499 4927 593 4976 nostro
604 4918 662 4972 sine
671 4911 875 4984 dispensatione
960 4920 985 4970 9.
1002 4915 1099 4970 Nullus
1108 4913 1234 4985 appellet,
1257 4922 1283 4969 et
1311 4916 1507 4971 correctionem
1532 4919 1585 4972 nisi
1611 4935 1722 4992 gravem

77 5013 186 5084 capituli
202 5011 348 5084 generalis,
925 5012 952 5058 et
966 5003 1138 5058 manifestam
1153 5002 1304 5056 contineret
1313 5002 1491 5073 iniquitatem.
1507 5006 1723 5075 Appellationem

114 5104 140 5155 6.
155 5100 265 5155 Priores
278 5115 332 5154 non
353 5099 419 5154 dent
434 5096 540 5153 vicariis
568 5089 725 5167 generalem
754 5093 875 5158 potesta·
926 5100 1017 5147 autem
1029 5105 1187 5162 quacunque
1201 5105 1234 5144 ex
1249 5104 1331 5144 eausa
1350 5089 1478 5144 emissam
1501 5107 1556 5147 non
1570 5109 1723 5168 proseque-

78 5196 143 5256 tem‚
159 5188 212 5243 nisi
226 5187 255 5242 in
282 5201 349 5244 casu
373 5184 507 5242 evidentis
539 5178 711 5238 necessitatis
734 5174 777 5231 vel
805 5172 877 5229 utili·
926 5189 969 5236 tur
982 5181 1009 5234 in
1020 5177 1131 5250 propria
1140 5192 1268 5249 persona,
1284 5177 1333 5231 sed
1347 5192 1397 5248 per
1417 5178 1540 5234 nuntium
1555 5189 1583 5237 et
1608 5182 1723 5253 litteras,

80 5277 155 5332 tatis,
927 5277 953 5324 et
967 5268 1072 5340 priores
1087 5274 1230 5322 teneantur
1244 5265 1271 5320 in
1286 5266 1339 5321 hoc
1352 5280 1417 5320 casu
1430 5265 1585 5325 ministrare
1609 5270 1724 5328 subditis

99 5368 101 5372 '
115 5368 142 5420 6.
157 5361 294 5420 Beneficia
308 5358 731 5430 anniversariorumprivatomm
744 5374 801 5414 non
814 5356 878 5413 hant
927 5355 984 5411 suis
998 5353 1123 5411 nuntium
1139 5361 1166 5409 et
1182 5368 1329 5425 expensas.

79 5453 177 5510 diebus
201 5452 354 5510 secundum
378 5450 517 5522 antiquam
545 5445 771 5504 consuetudinem
799 5445 878 5502 absti-
963 5445 1007 5500 46.
1026 5440 1156 5501 Conversi
1171 5447 1198 5498 et
1211 5440 1310 5496 redditi
1325 5445 1468 5497 teneantur
1482 5443 1627 5502 estendere
1639 5450 1726 5503 etex-
