3742 5986
770 176 1072 235 cousunvobflves.

680 299 946 358 cnvrruuuu
977 300 1169 356 XXXVII.

740 401 778 456 De
802 398 951 455 tractando
975 398 1103 454 consilio.

135 492 161 544 ι.
179 490 207 546 Si
223 490 288 563 quid
304 489 386 564 igitur
395 507 524 563 magnum
539 491 582 548 vcl
597 507 682 564 grave
696 493 866 549 tractandum
880 493 971 560 luerit,
985 493 1060 565 prior
1079 508 1174 548 omues
1188 491 1216 547 in
1231 507 1315 547 unum
1342 493 1490 548 monachos
1512 492 1632 564 praecipit
1647 507 1750 550 couve-

96 582 168 642 nire.
185 585 278 658 Ibique
292 601 354 642 curn
368 602 465 642 omues
479 586 543 658 quid
559 586 675 643 sentiant
698 586 784 644 libere
807 585 1051 660 pronuntiaverint,
1072 589 1146 661 quod
1160 588 1258 646 melius
1278 590 1433 661 rectiusque
1447 589 1595 656 existimat,
1619 590 1678 646 sine
1699 589 1754 645 ulla

96 696 276 753 personamm
291 683 459 756 acceptione,
484 683 651 757 exsequitur.

134 779 163 834 ι.
179 778 214 833 lit
226 778 280 835 hoc
293 779 406 835 omnino
420 787 548 852 tanquam
560 779 731 836 utilissimum
747 779 984 853 rectissimumque
1000 789 1136 850 servatur,
1153 789 1182 837 ut
1206 797 1287 838 nemo
1310 780 1354 838 vel
1375 781 1495 849 alterius,
1512 782 1555 838 vel
1581 798 1657 838 suaru
1685 797 1753 839 con-

99 874 217 931 tentiose
232 884 378 947 praesumat
388 875 533 933 defensare
544 876 723 944 sententiam3
738 893 772 933 ne
781 877 895 947 bonum,
911 877 983 950 quod
994 878 1066 947 absjt
1079 878 1085 934 l
1104 879 1210 935 consilii
1220 879 1247 934 in
1258 879 1425 937 discordiam
1434 879 1609 954 furoremque
1620 888 1751 938 vertatur.

134 977 161 1029 3.
176 976 207 1028 In
220 974 369 1032 levioribus
379 993 444 1034 vero
454 981 536 1034 rebus
556 986 582 1035 et
597 978 685 1052 magis
699 978 835 1035 consuetis
851 995 901 1035 suo
920 986 1024 1035 tentum
1034 984 1061 1032 et
1077 976 1254 1033 maturiorum
1269 986 1310 1033 est
1328 984 1470 1034 contentus
1485 977 1608 1035 consilio.

134 1072 161 1125 t.
179 1071 230 1140 Qui
245 1089 279 1128 ne
292 1072 361 1129 forte
376 1074 566 1145 temporalium
580 1090 644 1131 cura
655 1091 755 1142 rerum,
772 1090 805 1132 ac
819 1074 1001 1132 sollicitudine
1014 1080 1210 1146 praegravatus,
1235 1073 1419 1144 spiritualibus
1435 1073 1525 1129 minus
1553 1073 1639 1146 possit
1661 1074 1752 1133 inteu-

96 1167 174 1236 nere,
191 1168 260 1226 tales
268 1169 383 1242 singulis
397 1171 560 1229 obedientiis
570 1171 666 1229 fratres
675 1172 776 1246 satagit
790 1171 932 1245 deputare,
948 1186 1063 1245 quorum
1073 1185 1121 1226 eas
1136 1167 1201 1225 srdei
1220 1184 1316 1226 secure
1340 1170 1428 1227 valeat
1453 1170 1575 1228 credere.

676 1309 944 1368 CAPITULUII
968 1309 1182 1366 XXXVIII.

764 1410 803 1465 De
817 1424 888 1466 caro
911 1407 1101 1478 infirmorum.

134 1523 161 1576 ι.
178 1520 230 1590 Qui
245 1537 306 1579 cum
321 1536 505 1595 ergaomnes,
523 1522 661 1594 praecipue
683 1539 748 1597 erga
771 1523 893 1581 infirmos
908 1538 942 1580 ac
959 1521 1064 1579 debiles
1078 1529 1159 1594 atque
1186 1521 1214 1576 iu
1236 1522 1430 1579 tentationibus
1457 1524 1570 1595 positos,
1597 1528 1750 1597 sollicitum,

97 1619 247 1691 benignum
263 1618 558 1691 etquemisericordem
570 1619 672 1676 debere
687 1635 718 1676 se
731 1620 838 1677 noverit
851 1619 969 1676 existere
985 1634 992 1674 :
1007 1618 1069 1675 Non
1084 1620 1171 1686 enim,
1184 1619 1334 1675 secuudum
1352 1620 1515 1676 senteutiam
1539 1622 1657 1694 Domini,
1671 1626 1752 1683 sonis

97 1719 142 1774 est
155 1715 505 1789 opusnaedicos,sedmole
520 1716 804 1789 liabentiboefflottb.
821 1730 861 1784 rx,
875 1719 920 1788 ta)
936 1715 1001 1788 :qui
1015 1723 1106 1772 tamen
1119 1724 1147 1772 et
1160 1716 1213 1788 Ipsi
1228 1717 1377 1773 secundum
1396 1719 1426 1773 B.
1451 1720 1590 1778 Benedicti
1610 1723 1692 1792 dicta,
1716 1740 1751 1780 ne

97 1810 236 1883 superflue
249 1809 294 1867 vel
308 1809 487 1882 impossibilia
501 1811 628 1882 petendo,
641 1810 684 1868 vel
693 1811 763 1868 sorte
776 1811 973 1868 murmurando
997 1811 1147 1868 servientes
1166 1811 1218 1868 sibi
1233 1813 1401 1881 contristent,
1417 1814 1574 1887 diligentius
1597 1818 1751 1874 admoneu-

97 1904 301 1974 tnrattendere,
313 1914 339 1963 et
352 1914 381 1962 ut
394 1921 532 1963 memores
547 1905 651 1979 arrepti
663 1906 804 1979 propositi,
820 1915 849 1963 ut
864 1923 945 1964 sanos
954 1923 971 1964 a
980 1907 1065 1976 sanis,
1080 1908 1119 1964 ita
1134 1916 1254 1981 egrotos
1270 1909 1304 1964 ab
1317 1909 1429 1982 aegrotis
1447 1911 1625 1969 saecularibus
1648 1914 1751 1972 debere

98 2004 219 2078 cogitent
232 2005 399 2076 discrepare,
416 2020 467 2061 uec
476 2004 522 2060 illa
532 2004 560 2060 iu
575 2004 685 2074 eremis,
701 2021 762 2078 quas
776 2005 821 2062 vix
834 2007 863 2060 in
878 2005 990 2063 urbibus
1002 2005 1183 2074 inveniantur,
1207 2021 1365 2078 exposcere.

135 2105 162 2159 2.
178 2101 226 2156 Ιιιὶ
239 2100 322 2174 igitur
336 2100 436 2157 Christi
449 2100 601 2173 passiones,
612 2100 652 2156 illi
670 2101 819 2158 suadentur
846 2102 988 2159 attendere
1009 2100 1208 2157 miserationes.
1225 2100 1294 2157 Ilinc
1312 2101 1355 2157 isti
1378 2101 1463 2160 sortes
1475 2104 1509 2159 ad
1533 2103 1684 2173 ferendum,
1711 2105 1751 2162 illi

97 2197 219 2271 prompti
232 2195 268 2252 ad
280 2195 495 2253 subveniendum
510 2214 517 2262 ;
535 2195 655 2268 dumque
674 2205 786 2269 propter
801 2197 938 2254 Christum
959 2206 986 2255 ιι
994 2197 1040 2254 isti
1054 2196 1105 2253 sibi
1132 2196 1237 2267 serviri,
1255 2206 1282 2254 ιι
1295 2198 1336 2254 illi
1364 2198 1469 2257 servire
1489 2200 1672 2271 considerant,
1700 2217 1753 2259 nee

98 2292 324 2366 istisuperbiuut,
340 2293 444 2350 necilli
458 2291 597 2360 deficiunt,
612 2293 647 2350 ab
657 2293 753 2350 eodem
763 2294 870 2367 utrique
884 2294 1002 2352 Domino
1020 2294 1177 2351 mercedem
1196 2294 1239 2351 sui
1253 2294 1441 2366 prestolantes
1455 2294 1546 2366 officii,
1562 2297 1606 2354 isti
1619 2298 1751 2371 patiendi,

98 2388 309 2448 illimiserendi.
578 2375 582 2383 ’

798 2461 1085 2521 COMMENTARIUS.

136 2575 204 2633 cer.
221 2575 364 2632 XXXVII.
382 2603 418 2617 -
434 2575 493 2632 Hoc
520 2575 666 2647 capitulum
680 2582 767 2631 totum
789 2574 941 2640 reierturll
952 2578 1005 2635 liic
1014 2585 1126 2649 apparet
1142 2575 1232 2646 iorrna
1243 2579 1428 2648 humanitatis,
1456 2580 1628 2638 discretionis
1642 2589 1669 2638 ιι
1682 2583 1751 2640 ehe-

99 2664 129 2722 iu
143 2664 261 2736 antIquis
284 2663 390 2720 statutis
419 2678 439 2719 ιι
466 2670 550 2735 part,
572 2677 634 2735 cap.
648 2666 675 2731 ι,
690 2680 718 2719 n.
732 2668 757 2730 ι,
774 2671 801 2720 ιι
814 2665 904 2721 adhue
953 2665 1047 2733 ritatis,
1064 2681 1126 2739 quae
1149 2668 1228 2736 iuxta
1254 2681 1366 2723 casuum
1388 2667 1566 2741 indIgentiam
1588 2669 1753 2740 aptioribus

100 2752 268 2811 enucleatius
286 2751 446 2823 exprimitur
460 2752 489 2807 iu
503 2751 645 2808 modernis
673 2751 792 2808 statutis.
952 2754 1025 2825 apud
1041 2768 1092 2810 nos
1104 2770 1213 2826 semper
1222 2754 1303 2811 debet
1317 2755 1430 2820 servari,
1445 2756 1563 2813 maxime
1576 2772 1646 2830 erga
1660 2773 1751 2828 egro-

135 2841 177 2896 Ex
192 2840 245 2896 hoc
266 2846 357 2895 autem
380 2839 497 2911 capitulo
521 2847 634 2910 apparet
656 2840 730 2912 quod
755 2839 903 2913 antiquitus
952 2848 1005 2910 tos,
1021 2850 1048 2897 et
1070 2842 1099 2897 id
1123 2842 1219 2898 suadet
1240 2842 1400 2898 retiacum
1426 2842 1499 2898 enim
1522 2844 1661 2900 solitarius
1683 2860 1753 2916 opus

99 2928 175 3001 apud
189 2943 250 2995 nos,
266 2927 342 2983 nulle
355 2926 448 2983 habita
460 2926 732 2984 remmdistinetioue
743 2943 794 2984 nec
804 2926 903 2984 suffra·
951 2929 1051 2986 babeat
1065 2930 1243 3001 occupatione
1258 2937 1314 2984 tum
1328 2930 1463 3000 spIrituali
1485 2937 1543 2987 tum
1564 2931 1703 3003 corporali
1717 2933 1752 2988 ad

100 3016 210 3091 giorum
224 3015 384 3088 quantitate,
396 3028 562 3072 cumomues
575 3014 663 3072 libere
681 3015 903 3086 pronuntiassent
951 3023 1058 3087 tempus
1072 3017 1173 3072 utiliter
1192 3015 1220 3071 in
1241 3016 1387 3072 solitudiue
1414 3018 1632 3090 transigendum,
1649 3026 1676 3075 et
1689 3018 1752 3075 ideo

102 3103 169 3177 qaid
184 3104 323 3170 sentirent,
340 3102 415 3175 prior
429 3103 504 3176 quod
518 3103 618 3159 melius
637 3103 791 3175 rectiusque
808 3103 903 3159 existi-
951 3103 1054 3176 seipso,
1069 3111 1098 3159 ut
1108 3104 1145 3159 ita
1157 3103 1265 3175 loquar,
1277 3102 1433 3170 utidebeat,
1456 3104 1538 3177 idque
1548 3113 1679 3177 prestare
1695 3120 1750 3162 non

101 3192 205 3258 mabet,
222 3192 282 3249 sine
303 3206 485 3264 personemm
499 3190 669 3263 acceptione,
688 3191 901 3262 exsequebatur.
951 3190 1032 3261 plene
1046 3190 1136 3246 valeat
1145 3191 1209 3245 dum
1223 3198 1338 3263 aegrotat
1353 3207 1360 3245 ε
1376 3198 1443 3248 tuuc
1456 3207 1524 3265 ergo
1543 3208 1594 3263 per
1607 3192 1754 3264 providen-

100 3281 246 3339 Rationem
261 3280 353 3337 subdit
366 3280 399 3336 R.
416 3280 446 3336 P.
463 3279 552 3351 Guigo
567 3295 617 3336 cur
631 3278 722 3336 resita
735 3279 770 3333 ab
786 3279 826 3334 eis
850 3278 902 3335 ob·
951 3278 1014 3334 tiam
1030 3277 1196 3349 pastoralem
1211 3277 1312 3348 prioris
1334 3277 1362 3332 id
1376 3277 1458 3334 debet
1479 3279 1608 3351 suppleri,
1632 3288 1686 3336 tam
1701 3296 1752 3352 per

99 3377 265 3428 servaretur.
285 3368 340 3426 Sed
354 3367 419 3441 quia
429 3367 474 3437 ius
488 3366 702 3424 ecclesiasticum
717 3365 902 3438 pluradeinde
952 3380 983 3422 se
996 3381 1077 3437 quam
1091 3364 1224 3436 peralios.
1236 3364 1289 3434 Qui
1299 3365 1323 3419 si
1337 3364 1364 3419 in
1386 3365 1446 3421 albe
1461 3367 1544 3422 debet
1557 3384 1640 3441 agere
1655 3375 1683 3423 ut
1698 3383 1752 3439 pa-

100 3457 216 3515 iustituit
230 3457 302 3514 cirea
315 3455 479 3513 novitiorum
493 3455 676 3527 receptionem
691 3454 777 3511 stalla
791 3453 900 3520 similia,
951 3460 1002 3523 ter,
1017 3452 1046 3507 in
1060 3453 1168 3508 casibus
1179 3453 1226 3509 bic
1248 3452 1385 3523 expressis
1399 3469 1429 3508 se
1444 3469 1541 3526 gerere
1556 3454 1637 3510 debet
1651 3463 1680 3509 ut
1693 3469 1752 3511 rna·

103 3562 166 3619 quae
184 3544 413 3602 observareordo
435 3543 539 3613 debuit,
564 3544 628 3599 inde
643 3542 742 3599 iactum
757 3549 798 3598 est
821 3550 851 3597 ut
874 3542 902 3596 in
951 3548 1002 3609 ter,
1015 3547 1041 3596 et
1054 3538 1132 3596 lactis
1146 3539 1265 3612 probare
1279 3540 1370 3611 quod,
1400 3539 1424 3594 si
1452 3539 1514 3596 coeli
1537 3541 1632 3596 stellas
1658 3548 1752 3612 posset

101 3635 212 3693 statutis
225 3633 317 3706 aliqua
330 3632 422 3689 addita
442 3631 550 3696 fuerint,
582 3647 643 3703 quae
662 3631 690 3686 in
713 3630 795 3687 certis
820 3629 902 3686 rebus
950 3627 1088 3684 advehere
1102 3627 1138 3682 ad
1152 3627 1281 3682 auxilium
1296 3627 1481 3697 praestandum
1490 3625 1588 3683 afflicto
1603 3635 1708 3700 aeqroto
1722 3627 1751 3683 in

100 3722 223 3796 priorem
237 3721 272 3778 ad
295 3719 453 3793 accipienda
475 3737 509 3777 ex
527 3719 689 3777 necessitate
711 3726 739 3775 et
761 3717 903 3790 sequenda
950 3715 1022 3772 lecto
1033 3714 1146 3784 iacenti,
1161 3713 1189 3769 id
1202 3713 1381 3770 libentissime
1391 3712 1502 3771 lecerat.
1513 3714 1585 3770 Ecce
1604 3714 1751 3786 qualisde·

101 3809 235 3884 suffragia
246 3810 443 3867 monachorum
457 3807 579 3881 adigunt.
951 3803 996 3859 bet
1011 3819 1073 3859 esse
1092 3801 1207 3859 affectus
1228 3801 1368 3857 charitatis
1381 3801 1409 3856 iu
1427 3800 1528 3873 priore,
1545 3809 1572 3858 et
1589 3801 1655 3875 quid
1669 3802 1704 3857 ab
1717 3816 1751 3859 eo

136 3895 645 3969 Num.I.Qcioesortetemporoliam
652 3897 936 3982 curararumetess
951 3890 1066 3962 requirit
1081 3890 1104 3946 R
1120 3891 1149 3945 P.
1166 3889 1267 3962 Guigo,
1284 3888 1332 3961 qui
1347 3887 1404 3944 scre
1427 3888 1552 3946 oblivisci
1579 3889 1687 3946 videtur
1699 3905 1750 3946 au·

100 3988 169 4047 Inde
182 3986 295 4044 evidens
311 3994 353 4042 est
367 3985 440 4058 quod
455 3999 521 4040 cure
537 3983 724 4055 temporalium
741 3990 806 4040 tunc
825 3988 898 4038 tem·
950 3978 1079 4035 steritatis
1088 3978 1284 4047 carthusianae,
1295 3976 1361 4032 dum
1375 3976 1410 4032 de
1419 3974 1588 4033 infirmorum
1602 3993 1670 4034 cura
1684 3976 1748 4050 agi-

84 4075 178 4150 -poris
191 4074 344 4147 pertinebat
356 4074 391 4129 ad
413 4073 542 4144 priorem,
559 4071 606 4144 qui
625 4071 687 4127 ideo
700 4078 826 4128 monetur
839 4069 898 4125 siu·
948 4074 1004 4122 tur.
1025 4065 1150 4122 sedtum
1172 4065 1232 4136 ipse
1245 4064 1320 4135 prior
1333 4071 1389 4119 tum
1411 4073 1531 4136 egrotus
1551 4064 1674 4120 subditus
1696 4063 1749 4122 de·

99 4163 175 4239 gulis
188 4161 360 4231 obedientiis,
376 4161 404 4216 id
418 4168 461 4216 est
474 4159 608 4232 coquina,
620 4166 705 4230 porte
714 4159 813 4230 pontis,
826 4157 899 4231 agri-
949 4154 1015 4210 beut
1034 4169 1143 4225 semper
1153 4153 1281 4223 arreptis
1302 4151 1382 4221 nobis
1397 4151 1528 4223 propositi
1547 4151 1680 4207 rationem
1694 4151 1748 4206 he-

100 4251 226 4319 oulturoe,
243 4258 308 4317 etc„
339 4258 369 4305 nt
391 4264 424 4305 ex
452 4247 522 4304 iulra
549 4247 672 4305 dicendis
698 4245 809 4319 patebit,
832 4245 899 4301 tales
949 4242 1016 4299 bere
1031 4250 1080 4298 eta
1094 4240 1201 4296 virtutis
1221 4239 1320 4296 Christi
1333 4238 1413 4310 praxi
1426 4253 1564 4310 nunquam
1577 4237 1745 4308 discedere3
1774 4264 1781 4273 ·

102 4339 204 4398 iratres
213 4353 382 4411 praeponere,
398 4353 431 4394 ex
442 4335 709 4409 quorumsedulitete
724 4343 750 4390 et
763 4333 900 4390 industria
949 4330 1023 4402 quod
1032 4329 1133 4400 optime
1153 4327 1243 4383 statim
1261 4325 1389 4397 eprIcat
1605 4392 1611 4399 ¹

101 4435 198 4503 posset
211 4426 284 4483 illius
293 4425 448 4483 sollicitudo
462 4424 547 4480 minui
559 4431 586 4480 et
603 4422 760 4495 temperari.
777 4423 817 4479 Ex
831 4421 900 4477 anti·
984 4416 1054 4472 lbid.
1072 4417 1125 4486 Qui
1139 4418 1235 4471 meten
1260 4415 1368 4487 stipsi,
1383 4420 1437 4471 eto.
1462 4412 1512 4469 llic
1525 4412 1626 4471 blande
1645 4412 1748 4471 inducit

102 4516 167 4590 quis
175 4515 279 4571 statutis
289 4514 317 4570 id
330 4513 459 4586 liquidius
472 4513 616 4583 constabit,
633 4518 661 4569 et
673 4511 746 4585 quod
760 4518 897 4581 computa,
948 4512 1068 4579 aegrotos
1082 4503 1118 4559 ad
1133 4502 1257 4576 quaedam
1270 4501 1391 4568 vitanda,
1408 4516 1506 4574 nempe
1519 4511 1548 4558 ut
1575 4502 1711 4574 superflua
1721 4509 1750 4558 et

100 4604 182 4662 idest
194 4603 315 4659 rationes
328 4608 498 4673 receptorum
516 4616 707 4674 expensorum,
736 4599 796 4671 ipse
823 4597 900 4670 prior
949 4591 1128 4664 impossibilia
1154 4607 1209 4647 uon
1235 4597 1338 4663 petant,
1362 4605 1413 4646 uec
1446 4591 1642 4646 murmurando
1685 4606 1747 4646 ser-

101 4693 236 4751 scriberet
250 4700 277 4748 ιι
296 4690 437 4747 ιιιιιιιιιι.
950 4680 1055 4737 vientes
1078 4679 1131 4735 sibi
1152 4679 1365 4745 contristabant
1393 4678 1438 4733 illa
1462 4677 1572 4735 demum
1594 4679 1623 4734 in
1646 4677 1745 4735 eremis

139 4782 180 4839 Ex
194 4782 247 4836 boe
260 4786 348 4836 autem
364 4779 425 4835 loco
439 4778 482 4833 via
505 4777 625 4848 aperitur
638 4775 674 4833 ad
696 4782 771 4832 recte
799 4773 901 4830 iutelli—
950 4783 1005 4825 non
1019 4775 1178 4840 exposcant,
1190 4783 1251 4840 quae
1265 4766 1309 4823 vix
1323 4765 1351 4820 in
1377 4766 1491 4822 urbibus
1506 4765 1676 4837 reperiuntur
1690 4783 1698 4832 ;
1710 4765 1746 4820 ed

102 4869 225 4945 gendum
237 4867 303 4939 quid
319 4866 372 4922 sibi
381 4865 463 4923 velint
483 4873 583 4921 statuta
602 4864 713 4936 antiqua
735 4870 761 4919 et
786 4861 902 4933 capitula
952 4872 1032 4929 quem
1047 4855 1128 4912 linem
1143 4855 1197 4910 illis
1211 4855 1294 4911 utitur
1304 4853 1394 4910 verbis
1405 4871 1414 4921 ;
1425 4859 1459 4910 ot
1478 4853 1748 4922 concessamque

101 4956 252 5031 generalia,
269 4954 376 5027 quando
391 4953 554 5010 officialibus
573 4967 736 5009 succensere
763 4949 900 5005 videntur.
952 4949 1069 5015 secretos
1080 4944 1114 5000 ab
1123 4943 1236 5016 oeqrott’s
1259 4943 1442 4999 saecularibus
1464 4941 1625 5012 discrepare
1648 4941 1747 4997 debere

102 5046 166 5103 Non
176 5046 211 5101 de
224 5042 331 5100 clericis
349 5042 407 5099 sive
421 5041 561 5098 monachis
575 5041 675 5114 agitur,
691 5056 707 5095 ι
722 5053 837 5111 quorum
850 5053 903 5092 uu·
952 5033 1087 5104 repitent.
1102 5031 1169 5087 Inde
1182 5031 1295 5087 evidens
1312 5037 1354 5085 est
1368 5037 1499 5101 quantum
1509 5027 1593 5083 distet
1617 5043 1696 5085 mens
1714 5028 1748 5085 ll.

105 5149 184 5191 mero
198 5131 390 5188 assumebatur
403 5137 507 5185 tantum
522 5146 592 5184 unus
605 5136 776 5199 procurator,
788 5124 905 5198 quinun-
954 5119 1039 5176 Patris
1053 5118 1187 5192 Guigonis
1199 5135 1215 5174 a
1225 5134 1307 5174 sensu
1317 5117 1426 5173 illorum
1442 5115 1488 5188 qui
1509 5115 1609 5172 vellent
1623 5117 1683 5186 ejus
1697 5131 1749 5172 eu-

102 5237 188 5297 qnam
203 5218 335 5276 terminos
349 5217 550 5290 egrediebatur,
567 5216 663 5273 sedda
677 5213 826 5279 conversis,
857 5211 904 5284 qui
954 5207 1077 5264 ctoritate
1086 5207 1166 5262 ubad
1179 5205 1352 5277 probandum
1365 5203 1463 5259 durum
1486 5210 1513 5259 et
1527 5203 1605 5275 quasi
1640 5203 1749 5260 inflexi-

103 5309 261 5383 aprimaevo
275 5306 406 5374 instituto,
425 5305 490 5361 utIn
513 5305 572 5360 istis
591 5302 832 5361 consuetudinibus
858 5271 937 5357 vi·c
951 5296 1035 5353 bilem
1044 5293 1274 5367 modumagendi,
1289 5293 1368 5349 etiam
1381 5291 1452 5348 circa
1462 5292 1610 5349 monachos
1620 5298 1748 5364 egrotos,

103 5398 223 5466 debitur,
239 5394 313 5451 foras
327 5410 360 5450 ex
369 5393 531 5449 necessitate
539 5391 759 5466 egrediebantur.
951 5400 1013 5443 esse
1041 5383 1214 5440 servandum.
1231 5382 1289 5437 lloc
1317 5379 1390 5437 euim
1419 5394 1556 5451 sempera
1570 5377 1751 5434 carthusiano

139 5485 209 5542 Gne.
220 5481 417 5539 munt-
434 5481 517 5538 Num.
531 5484 558 5538 ι.
571 5480 699 5550 Quicum
713 5493 780 5551 erqo
792 5491 900 5535 omnes.
951 5472 1048 5547 spiritu
1062 5480 1089 5529 et
1105 5487 1158 5529 usn
1172 5467 1292 5526 ebenum
1318 5467 1378 5526 luit.
1408 5468 1493 5525 Porro
1507 5465 1574 5524 nibil
1597 5464 1753 5538 religiosius

212 5580 333 5635 Parnon.
353 5577 444 5633 CLIII.
1611 5563 1647 5617 2³
