3742 5986
62 136 67 145 '
168 152 216 206 aar
600 142 1367 209 s.nucomslcllsc.blNdOlN.01tb.clltTll.
1763 146 1816 205 cas

170 274 229 346 gui,
245 271 451 346 immanitatem)
466 273 560 347 flagitii
576 274 681 331 cunctis
695 271 867 331 audientibus
880 271 995 332 deno-A
1008 270 1200 326 summanebat
1207 269 1404 345 unusquisque,
1414 287 1449 328 ne
1462 270 1632 344 experiretur
1638 271 1817 344 impedimen·

171 360 236 430 tari,
252 369 280 417 ct
292 362 457 418 tradendum
480 378 543 418 curn
566 362 673 418 Satanae
701 361 837 418 interitum
866 359 965 426 carnis,
1016 365 1073 413 tum
1088 359 1124 413 ab
1138 356 1211 425 nlio;
1228 361 1408 416 communiter
1426 361 1554 434 degebat,
1565 377 1600 417 ne
1614 361 1734 417 fraterno
1762 363 1818 433 pri·

170 448 194 503 si
207 464 263 505 non
277 449 356 506 citius
371 450 522 521 resipiscat,
545 450 701 506 terribiliter
725 447 891 505 denuntiari.
919 447 967 502 llis
1018 453 1128 501 caretur
1142 445 1248 503 solatlo.
1265 448 1330 505 flue
1339 456 1366 504 et
1379 448 1423 504 his
1438 449 1536 505 similia
1549 456 1640 505 notata
1654 447 1769 516 ibidem,
1785 464 1817 506 ac

83 544 86 549 '
172 535 256 593 illeat
271 538 379 593 territus
406 539 593 607 vehementer,
610 545 637 593 et
650 536 779 594 conlusus
793 538 821 592 in
847 535 967 591 medium
1017 533 1099 588 etiam
1109 534 1271 591 obedientias
1284 551 1382 593 secura
1394 538 1508 594 munitio
1537 539 1609 610 (quae
1621 537 1723 594 multos
1744 553 1816 608 saepe

171 623 315 695 prosilivit,
331 634 358 681 et
371 633 483 697 peccato
498 643 548 682 suo
563 642 618 682 non
633 626 692 681 sine
706 626 808 699 gemitu
833 631 859 680 et
881 623 968 679 imbre
1018 620 1153 679 solitarios
1168 622 1288 679 destituit
1309 639 1343 681 ac
1371 632 1498 682 extremas
1520 625 1651 698 perniciei
1681 625 1817 697 exposuit)

170 711 352 784 lacrymarum
379 714 536 769 renuntians
564 713 751 785 poenitentiam
787 714 853 787 egit,
886 719 967 784 atque
1017 709 1127 782 Hugoni
1141 711 1293 782 placebant,
1319 713 1463 785 Hugonem
1491 714 1643 785 rapiebant,
1674 714 1818 786 ipsumque

172 809 310 857 correctus
321 810 348 858 et
357 802 547 859 reconciliatus
557 803 664 858 veniam
675 802 806 874 accepit.»
1019 805 1149 870 tanquam
1168 808 1245 855 extra
1263 815 1293 856 ae
1321 799 1447 857 effectum
1471 801 1524 857 sibi
1548 801 1669 858 funditus
1690 801 1819 858 vendica·

207 889 271 946 llaec
285 890 328 946 vir
343 898 451 946 sanctus
465 891 500 946 de
518 891 573 946 his.
607 890 674 959 Qum
696 889 825 962 praesenti
848 889 968 946 historia
1018 885 1092 941 hant.

172 976 274 1034 idcirco
284 977 431 1034 inserenda
441 979 609 1051 putavimus,
626 986 761 1051 quatenus
775 994 808 1034 ex
822 978 865 1033 bis
879 977 968 1033 mani·
1055 976 1121 1030 Erat
1133 975 1161 1030 in
1175 975 1222 1032 illo
1232 984 1304 1033 coetu
1319 986 1476 1035 sanctorum
1490 978 1582 1036 senior
1611 979 1669 1049 (15)
1695 978 1816 1052 quidam,

172 1064 268 1121 iastius
294 1073 385 1136 pateat
409 1067 516 1135 lectori,
546 1068 610 1140 quid
638 1067 827 1124 sollicitudinis
856 1074 883 1123 et
905 1065 967 1136 zeli,
1019 1063 1112 1135 magni
1128 1064 1264 1135 quondam
1279 1065 1308 1120 in
1322 1065 1424 1124 saeculo
1433 1067 1561 1137 nominis,
1576 1075 1641 1124 tunc
1654 1084 1766 1140 quoque
1790 1068 1818 1122 in

171 1153 237 1226 quid
250 1153 424 1210 discretionis
439 1164 466 1212 et
483 1156 565 1212 studii
588 1157 661 1212 circa
685 1157 798 1212 salutem
818 1155 968 1211 animamm
1019 1158 1113 1207 sancto
1123 1153 1264 1224 proposito
1278 1153 1465 1210 celeberrima
1481 1155 1626 1226 opinionis.
1653 1156 1723 1212 Huic
1739 1157 1817 1229 llngo

173 1241 215 1297 vir
224 1241 282 1298 Deo
294 1242 391 1314 plenus
406 1245 441 1299 ab
465 1244 575 1300 ineunte
604 1251 684 1300 aetate
701 1244 837 1308 habuerit,
864 1250 968 1299 utnon
1019 1239 1152 1295 seoretius
1165 1240 1286 1311 pectoris
1300 1241 1342 1296 sui
1355 1242 1648 1314 aestusaperiens,nec
1668 1251 1725 1298 tam
1747 1259 1816 1300 con·

173 1329 310 1386 immerito
325 1347 409 1402 super
423 1332 506 1387 multa
519 1333 561 1387 sui
588 1331 698 1388 Domini
726 1331 797 1387 hona
812 1332 839 1385 in
862 1331 969 1387 modico
1019 1327 1120 1394 silium,
1136 1342 1172 1382 an
1185 1327 1287 1385 laceret
1302 1338 1432 1402 quantum
1446 1345 1566 1402 quonam
1580 1339 1662 1404 pacto
1672 1345 1755 1404 qnam
1776 1331 1816 1388 oi-

172 1425 296 1489 repertus
324 1417 508 1488 fidelissimus,
535 1428 657 1492 tempore
679 1420 789 1477 demum
816 1426 969 1491 opportuno
1020 1415 1083 1483 tius,
1093 1416 1165 1487 quod
1180 1417 1300 1488 optabat,
1313 1416 1464 1490 perliceret,
1485 1434 1546 1477 cnm
1571 1419 1676 1494 gemitu
1698 1427 1728 1476 et
1754 1419 1818 1476 tletu

172 1505 298 1563 videatur
307 1507 476 1564 constitutus.
1020 1504 1054 1557 ab
1065 1502 1125 1574 ipso
1137 1503 1290 1576 inquirens,
1305 1506 1388 1579 longe
1409 1506 1482 1563 aliud
1507 1523 1591 1580 quam
1614 1508 1743 1581 sperabat
1771 1524 1818 1565 rc-

983 1606 1152 1681 Bsponsum
1166 1592 1280 1664 accepit.
1296 1594 1406 1650 lntuens
1419 1610 1537 1667 namque
1550 1596 1594 1653 vir
1606 1596 1728 1668 pmdens
1755 1597 1820 1653 ado-

485 1696 597 1755 qquq
621 1697 665 1752 pq,
1020 1679 1179 1749 lescentem,
1200 1689 1229 1736 ut
1239 1691 1365 1753 aspectus
1375 1682 1559 1752 renuntiabat,
1574 1684 1705 1757 qualitate
1717 1685 1818 1742 delica-

1020 1776 1124 1826 tumet
1153 1777 1233 1827 aetate
1263 1774 1319 1843 (lb)
1346 1772 1476 1829 tenellum
1492 1792 1499 1829 :
1515 1773 1605 1831 sciens
1625 1775 1707 1831 etiam
1731 1775 1819 1847 ipsum

178 1875 304 1946 Qualiter
310 1888 375 1931 cam
381 1875 476 1948 priore
483 1889 532 1932 auo
542 1872 835 1939 Cartbaataminuisit,
848 1874 971 1929 scutram
1019 1857 1156 1914 natalibus
1170 1859 1283 1925 clamm,
1297 1874 1348 1917 ncc
1361 1862 1484 1918 moribus
1501 1864 1560 1933 ejns
1576 1864 1718 1932 credebat,
1737 1880 1818 1938 posse

505 1945 623 2002 dilexit.
1021 1948 1141 2019 rigorem
1151 1947 1225 2004 illius
1239 1947 1343 2004 ordinis
1358 1965 1522 2023 congruere,
1538 1966 1590 2008 nec
1600 1951 1705 2009 viribus
1720 1968 1821 2011 corrue·

1020 2035 1093 2091 nire.
1111 2035 1189 2093 Hunc
1204 2051 1271 2109 ergo
1296 2037 1337 2094 sic
1359 2036 1475 2095 terrifica
1499 2040 1687 2111 responsione,
1718 2042 1821 2113 quasia

1020 2122 1068 2178 tali
1081 2125 1293 2195 praesumptione
1310 2139 1498 2198 compescens,
1513 2135 1560 2183 aut
1573 2128 1662 2200 potius
1689 2137 1820 2185 conman-

1022 2211 1087 2267 tiam
1101 2211 1184 2268 animi
1199 2213 1258 2282 ejus
1273 2214 1416 2285 explorare
1424 2215 1524 2285 nitens,
1542 2217 1629 2289 inquit
1646 2234 1654 2272 ε
1672 2239 1684 2264 α
1703 2217 1819 2289 lstud,o

209 2096 319 2162 Vemm,
335 2101 365 2150 ut
375 2093 441 2150 dicit
456 2093 713 2165 Scripturasaucta:
732 2114 743 2140 ιι
763 2091 830 2147 Cum
845 2104 971 2148 consum-

173 2183 290 2241 macerit
299 2183 393 2250 homo,
407 2190 473 2238 tunc
487 2181 598 2253 incipiet
613 2181 710 2251 (lectt.
721 2195 803 2251 xviri,
827 2179 866 2251 6).
885 2199 896 2229 ι
913 2179 971 2233 Jam

174 2273 318 2345 Hugoncm
326 2270 464 2342 promodo
472 2269 765 2368 suaeprolessionisac
773 2267 972 2367 supramodum
1021 2299 1114 2367 filiole,
1131 2301 1268 2373 quomodo
1282 2302 1326 2358 vel
1341 2304 1464 2375 cogitare
1487 2305 1655 2376 pramis?
1677 2305 1818 2371 Homines,

173 2376 231 2416 aua
244 2359 341 2425 aetatis,
358 2357 477 2432 perfecte
491 2365 708 2416 consummatum
722 2374 750 2456 m
761 2362 972 2456 virtutumaprce
1022 2403 1091 2460 quos
1102 2404 1182 2461 mpes
1197 2389 1318 2447 incolere
1330 2400 1479 2463 proesemes
1493 2394 1593 2462 nemis,
1610 2394 1684 2450 mis
1694 2395 1821 2450 omnibus

173 2444 974 2520 omnibusconclamantibus,ipsenecinitrumqurdemper·
1022 2477 1148 2534 duriores
1161 2486 1233 2547 sum,
1249 2495 1302 2535 nec
1315 2480 1358 2535 sui
1376 2480 1474 2550 scium,
1503 2496 1556 2539 neo
1583 2482 1701 2538 aliorum
1729 2498 1821 2540 secum

174 2536 298 2594 s⁶⁰¹i⁰¹¹i⁸
312 2536 357 2594 vel
370 2536 462 2609 ὤμω
476 2535 693 2634 ⁰⁰⁰¹⁹r⁵³⁸i⁰⁰iff
702 2551 732 2634 δεῖ
749 2533 872 2634 ἃῑιίἕὶῗεθ
891 2540 972 2605 pum'
1021 2565 1200 2623 habitantium
1214 2568 1347 2624 misereri.
1364 2569 1452 2626 Locus
1466 2570 1518 2626 iste
1541 2570 1667 2628 horridus
1681 2571 1743 2643 ipso
1762 2573 1821 2628 visu

173 2624 230 2681 Μ’
246 2624 393 2696 c⁰mp⁰s¹³
406 2623 733 2682 vemsanmetsubhm
755 2637 883 2694 ⁰9¹¹¹¹⁰¹¹⁰
907 2621 973 2676 ω’
1022 2663 1072 2722 est,
1090 2655 1220 2712 ordousu
1246 2657 1447 2728 gravissimus;
1472 2658 1557 2731 ipsius
1581 2659 1664 2716 cilicii
1697 2661 1839 2732 asperior.

176 2712 357 2768 thusicusium
367 2713 571 2779 monachorum,
586 2710 746 2783 inexplebili
758 2710 850 2767 cordis
865 2708 973 2765 deside·
1022 2744 1235 2801 amictuscmem
1250 2751 1278 2800 et
1295 2760 1392 2802 emes
1406 2745 1525 2819 desuper
1551 2748 1660 2803 ossibus
1683 2748 1746 2806 vivo
1774 2748 1822 2804 tibi

177 2801 221 2900 ὼ,
234 2816 330 2899 emm?
343 2800 487 2898 ”Phelabat
501 2800 643 2899 ῙἾῙΟΠΜἾῙ
668 2800 802 2897 effempm·
819 2799 869 2896 Μ,
886 2796 973 2894 prim
1022 2831 1167 2890 abraderet
1188 2853 1195 2900 ;
1220 2832 1372 2905 disciplina
1400 2835 1476 2908 rigor
1495 2836 1708 2894 teneritudinem
1730 2837 1821 2904 istam,

175 2888 286 2962 quidem
301 2887 470 2944 dissimulata
485 2888 563 2957 huius
576 2887 705 2944 desidem
719 2888 889 2943 vehementia
902 2884 973 2940 obtr·
1022 2936 1102 2993 quam
1116 2922 1145 2977 in
1158 2927 1184 2977 te
1194 2922 1311 2990 intueor,
1326 2923 1434 2994 penitus
1448 2931 1597 2982 exossaret·
1616 2948 1628 2974 u

173 2992 241 3036 nere
255 2977 366 3046 studUit’
381 2983 410 3031 ”t
426 2976 505 3033 ”mul
519 2992 582 3032 ⁰⁰¹³
594 2975 686 3047 prim
700 2990 750 3031 ⁸¹¹⁰
761 2975 829 3047 (ll),
842 2974 900 3043 im
924 2989 972 3030 ω’
986 2978 1009 3038 0
1059 3010 1108 3065 llic
1118 3024 1185 3067 sero
1199 3010 1296 3067 Christi
1310 3011 1373 3080 tiro,
1386 3020 1413 3068 et
1434 3011 1542 3070 Martini
1570 3012 1722 3072 beatissimi
1744 3014 1823 3072 iami-

175 3065 268 3138 pe‘ius
304 3073 465 3166 miffwmw'
489 3065 599 3121 mm
631 3071 781 3163 ΜΨ
804 3070 919 3164 „aspen”
947 3071 974 3119 et
1023 3098 1099 3156 liaris
1115 3099 1201 3156 cultor
1215 3106 1242 3155 et
1255 3099 1369 3157 deuotus
1383 3101 1509 3169 imitator,
1522 3101 1596 3158 illato
1617 3110 1725 3161 terrore
1754 3119 1824 3162 con-

176 3154 276 3212 affectu
288 3163 379 3227 potui.
396 3154 457 3224 Quo
470 3154 552 3223 lacto,
565 3161 654 3208 tantus
667 3168 731 3209 moa
745 3168 772 3208 m
787 3168 845 3223 erus
862 3158 974 3224 pectore

176 3243 305 3318 spiritalis
318 3242 391 3299 illius
417 3241 632 3301 conversationis
648 3257 727 3298 amor
752 3255 901 3299 succensus
922 3249 973 3310 est,
1025 3277 1077 3334 cim
1092 3278 1219 3334 versabat
1233 3278 1391 3351 mmmm,
1408 3277 1454 3352 qui
1471 3280 1578 3351 prolato
1601 3286 1665 3338 me
1689 3297 1721 3337 se
1748 3282 1824 3339 omui

177 3342 208 3391 ἠ
219 3332 375 3432 ΠΠΗΨῊ
389 3331 508 3432 immin
524 3331 582 3401 ΨΒ
596 3330 733 3431 ΜΨΨ
761 3330 830 3430 inps?
853 3345 884 3386 ⁵⁶
907 3345 974 3402 ω’
1024 3373 1222 3424 tormentorum
1237 3374 1338 3441 genere
1366 3375 1471 3425 terrere
1486 3385 1550 3426 eum
1576 3369 1750 3442 cupientibus
1762 3372 1822 3428 ait:

178 3430 221 3480 set
233 3421 372 3480 cohihere.
385 3419 586 3493 Experrcbatur
599 3435 673 3477 amm
684 3434 742 3489 Jam
753 3419 975 3476 lelrcrterardens
1027 3476 1038 3506 ι
1057 3456 1111 3511 Has
1125 3470 1178 3527 ego
1192 3456 1288 3528 epulas
1302 3472 1411 3530 semper
1424 3455 1527 3529 optavi·
1545 3482 1556 3507 η
1573 3458 1688 3515 mmm
1699 3460 1824 3517 caminus

178 3509 324 3570 i¹¹f⁰¹i⁰i²⁸¹
336 3509 458 3566 ardentis
470 3525 567 3566 'emm
582 3507 720 3581 ⁰l⁰q¹¹ium
730 3507 845 3565 &⁰⁰³²ss
860 3528 869 3564 ³
1025 3542 1132 3613 injectis
1146 3545 1236 3601 exsilit
1248 3545 1335 3618 aquis,
1347 3553 1374 3602 ct
1394 3545 1567 3603 flammarum
1589 3547 1618 3603 in
1627 3547 1747 3606 sublhne
1774 3564 1823 3606 co-
1839 3616 1844 3625 ι

221 3614 373 3726 primm,
389 3652 504 3723 aequm,
521 3654 613 3708 amm
626 3651 716 3723 mm
728 3654 833 3708 manag
847 3651 932 3721 ,purg
1025 3646 1085 3687 mas
1099 3632 1204 3690 extollit
1227 3633 1267 3690 sic
1287 3641 1444 3691 sanctorum
1476 3635 1622 3707 ignescens
1643 3636 1823 3706 desiderium,

1025 3735 1088 3778 cum
1097 3721 1208 3778 obviant
1219 3722 1345 3791 adversa,
1357 3721 1453 3779 lortius
1467 3724 1644 3783 convalescit.

217 3794 372 3852 Intuebatur
384 3808 459 3862 uero,
476 3800 503 3850 et
511 3792 640 3850 intuendo
654 3791 802 3849 mirabatur
816 3792 917 3861 locum,
932 3792 976 3863 ip-

181 3899 214 3941 so
228 3898 336 3956 quoquc
351 3882 404 3939 situ
413 3881 499 3937 nubes
519 3897 591 3953 pene
604 3897 821 3953 supergressum,
847 3880 977 3953 coelisque
1319 3873 1432 3933 CAPUT
1445 3875 1505 3933 llll.

181 3970 350 4070 ⁰⁰¹¹,figuum'
366 3985 398 4026 ²⁰
411 3970 446 4026 δὴ
460 3970 534 4068 ⁰³¹⁰}
551 3969 659 4041 penit¹²⁸
674 3977 842 4068 ¹⁰rr⁰⁰⁰f¹¹f¹¹
868 3969 976 4041 hulme*
1028 4001 1156 4070 Qualiter
1170 4000 1367 4072 adpriorisrtti
1382 4001 1556 4058 instantium
1570 4002 1626 4071 fide
1652 4004 1825 4074 interposito

181 4059 275 4117 tudine
288 4064 434 4115 semotum.
453 4057 646 4114 Considerabat
665 4063 770 4113 tantum
784 4057 822 4113 rhr
845 4064 977 4129 opportu-
1060 4071 1179 4139 juravit,
1194 4071 1265 4142 quod
1279 4073 1340 4143 ipso
1354 4073 1507 4144 ,umque
1521 4073 1558 4129 ag
1567 4073 1698 4130 ordinem
1709 4073 1825 4131 gamm

180 4147 291 4205 nitatem
304 4145 421 4204 vacandi
431 4146 482 4202 soli
497 4147 556 4202 beo
573 4160 578 4199 :
594 4145 638 4201 cui
651 4144 761 4218 negotio
779 4146 830 4202 hoc
840 4144 978 4217 praecipuo
1062 4143 1201 4198 aientium
1214 4144 1383 4198 nullatcnus
1398 4146 1588 4201 transvolaret
1602 4164 1612 4211 ,·
1627 4149 1655 4202 et
1665 4146 1753 4216 fidem
1768 4162 1825 4202 noa

180 4236 323 4294 videbatur
338 4234 535 4299 adminiculati,
559 4233 693 4305 praedives
721 4234 825 4291 scilicet
848 4235 979 4290 librorum
1062 4212 1192 4277 ‘iriam’
1208 4229 1262 4296 ⁷¹⁶⁶,
1277 4217 1373 4268 mmm
1386 4213 1421 4269 ‘²⁶
1434 4213 1824 4301 fidssilmmireiii'mfm·

182 4324 355 4389 abundantia,
372 4322 483 4397 legendi
495 4321 609 4381 facultas
628 4323 748 4395 copiosa,
780 4323 876 4379 orandi
900 4322 1013 4395 quiesD
1031 4367 1033 4372 .
1063 4285 1163 4355 pulum
1179 4283 1287 4348 'mm’
1304 4284 1547 4356 “mmmmm
1561 4289 1771 4360 mmmm·

179 4414 357 4471 inconcussa.
375 4412 410 4468 Et
419 4409 530 4485 quidem
540 4411 630 4484 quoad
641 4411 694 4468 loci
704 4411 909 4483 dispositionem
920 4412 979 4468 haec
1064 4406 1162 4464 Senem
1183 4406 1274 4478 itaque
1303 4414 1489 4474 memoratum,
1520 4416 1653 4481 tanquam
1674 4409 1746 4467 rotis
1773 4411 1827 4468 suis

178 4502 215 4558 ita
230 4517 261 4558 se
276 4500 379 4556 hahere
393 4501 599 4571 dignoscuntur.
630 4501 664 4556 dt
683 4500 711 4565 in
740 4499 792 4556 loci
816 4499 977 4555 habitatori·
1028 4494 1165 4552 crudelius
1185 4495 1385 4562 adversantem,
1401 4495 1553 4567 declinans,
1577 4497 1639 4553 aliis
1663 4499 1826 4570 quibusdam

177 4590 231 4646 hus
245 4588 401 4646 attendebat
415 4587 506 4644 carnis
521 4586 768 4654 mortificationem,
784 4587 883 4642 mantis
898 4603 976 4643 sero·
1027 4599 1042 4637 e
1057 4582 1183 4638 iratribus
1193 4583 1244 4638 hos
1267 4583 1359 4639 cordis
1382 4584 1423 4639 sui
1443 4592 1525 4640 aestus
1551 4584 1697 4641 confestim
1719 4588 1823 4659 pandit.

177 4677 301 4747 nitatem,
317 4676 427 4749 spiritus
442 4677 608 4743 libertatem,
634 4675 796 4731 hilaritatem
824 4674 921 4730 srontis
950 4683 977 4731 et
1025 4673 1083 4728 Nec
1099 4679 1237 4728 morantur
1256 4670 1294 4726 illi
1319 4687 1380 4727 cum
1408 4671 1513 4744 ingenti
1540 4672 1633 4730 favore
1661 4681 1690 4731 el
1716 4676 1826 4732 instanti

176 4766 321 4839 puritatem
346 4764 490 4822 sermonis.
515 4765 641 4820 Instituta
669 4778 765 4820 eorum
790 4762 973 4830 solitudinem,
1027 4760 1212 4818 exhortatione
1226 4760 1390 4831 persistendi
1403 4760 1544 4818 insaluhri
1566 4763 1717 4834 proposito,
1748 4781 1838 4833 suum,

177 4869 234 4911 non
268 4853 484 4926 singularitatem
514 4851 761 4919 commendantium
790 4851 975 4925 segregabant
1026 4857 1053 4905 et
1062 4866 1203 4906 assensum
1214 4848 1346 4920 impertiri
1357 4848 1392 4916 ei,
1416 4857 1442 4905 et
1456 4849 1587 4905 auxilium
1601 4850 1737 4923 polliceri.
1753 4855 1826 4909 'lhnc

81 4984 84 4989 .
175 4943 341 5007 mansiones,
357 4941 407 4997 sed
422 4947 527 4996 mentes
546 4939 695 4996 sociabant.
722 4941 915 5013 Unusquisque
929 4941 976 4995 ha·
1027 4940 1117 5011 Hugo,
1133 4936 1235 5011 gaudio
1250 4937 1371 5012 gestiens
1386 4936 1501 5005 infinito,
1519 4939 1578 4995 haec
1592 4937 1680 5009 priori
1694 4955 1747 4996 suo
1770 4940 1825 5014 (lt)

177 5029 281 5086 hitabat
295 5043 398 5098 secum,
409 5043 461 5084 nec
471 5028 581 5101 agebat,
594 5035 640 5083 aut
651 5028 765 5085 habebat
775 5029 878 5101 aliquid
887 5044 975 5084 suum.
1028 5026 1141 5084 celanda
1156 5042 1329 5097 summopere
1344 5027 1518 5097 deprecatur.
1539 5027 1716 5099 Evangelicae
1746 5030 1826 5085 nimi·

179 5116 891 5189 Omnessaorsum,etcommuniterquisqucdegehat.
900 5117 979 5173 Seor—
1028 5131 1089 5172 rum
1104 5115 1281 5171 institutionis
1294 5114 1406 5170 sedulus
1421 5114 1562 5171 aemnlator
1575 5115 1719 5172 inventum
1730 5117 1827 5174 memi-

213 5295 267 5362 (ll)
281 5297 307 5347 ld
319 5299 365 5357 est,
377 5296 501 5359 superiore
512 5295 577 5347 rillaa
588 5295 733 5358 benedicte,
746 5296 787 5358 qul
799 5297 868 5347 titulo
890 5297 979 5360 prioris
1063 5296 1117 5361 (ta)
1142 5300 1266 5348 hunorum
1292 5294 1408 5347 videlicet
1429 5296 1527 5347 circiter
1549 5296 1636 5359 uiginti
1655 5296 1752 5359 trium,
1773 5310 1827 5349 cun

178 5377 264 5429 supra,
280 5364 362 5426 capa
375 5368 400 5414 ct
412 5363 438 5422 4,
453 5364 594 5413 bonoratur.
1028 5365 1134 5416 nondum
1147 5363 1184 5416 uti
1200 5363 1265 5413 intra
1276 5375 1307 5414 ex
1320 5375 1365 5426 cap
1393 5363 1420 5425 9,
1429 5367 1534 5425 constat,
1548 5367 1612 5415 esset
1622 5365 1764 5416 sacerdotio
1780 5366 1827 5416 lni-

217 5448 272 5514 (ω)
291 5446 469 5498 verosmuuer
490 5446 542 5509 ipse
560 5445 663 5497 nasum
676 5449 733 5497 tuuc
752 5447 818 5509 paor
833 5448 977 5510 carinum,
1030 5431 1112 5483 clatus.

174 5515 273 5582 eutprae
285 5513 382 5565 ceteris
395 5512 550 5565 incumbebat
562 5512 677 5575 novitios,
690 5512 804 5578 probare,
818 5517 843 5564 ct
855 5514 976 5576 recipcre.
1063 5514 1116 5582 (tl)
1129 5516 1272 5570 mmtdeutt
1290 5518 1316 5570 m
1327 5517 1385 5570 vllla
1396 5515 1539 5569 Benedicta.
