3742 5986
64 191 119 245 loe
382 192 573 252 EXPOSITIO
593 194 630 251 [Ν
647 192 837 252 bristotas
857 190 968 249 rauel.
984 223 1019 234 —
1031 191 1069 251 IN
1087 193 1196 252 EPIST.
1217 197 1230 252 l
1248 192 1296 252 ab
1315 194 1395 255 COR.
1666 197 1718 254 {70

65 324 119 382 εει,
137 324 167 371 ut
183 315 256 388 quod
276 316 354 390 prius
381 334 436 374 non
464 319 544 391 coepi,
562 320 645 376 modo
659 318 904 391 multiplicatumA
917 320 1073 375 mercedem
1088 320 1183 377 imbec.
1195 321 1269 395 Ergo
1278 321 1402 378 dicamus
1415 321 1497 378 modo
1513 337 1574 395 quoe
1588 325 1630 378 cat
1644 338 1719 378 mer·

67 405 204 477 recipiam
220 425 226 461 :
242 407 304 463 idco
319 422 370 463 nec
380 407 443 475 feci,
457 424 509 464 nec
519 409 617 464 amodo
632 408 693 465 volo
704 407 763 464 steri
778 408 805 462 in
816 424 869 474 me,
921 423 966 463 cer
980 425 1053 476 mco,
1071 409 1097 463 id
1114 417 1156 464 est
1172 411 1259 481 qualis
1274 411 1355 466 debet
1370 427 1431 466 esse
1448 410 1584 478 voluntas,
1602 426 1652 483 pro
1665 425 1719 483 qua

67 496 137 567 quia
150 497 243 569 turgia
258 497 361 553 bonum
377 501 422 553 est
437 498 507 554 mibi
521 500 594 554 mori
604 498 704 553 nedum
721 496 776 569 pati
789 512 872 568 penu·
921 495 987 550 mibi
1000 513 1108 554 merces
1123 498 1230 554 veniat:
1244 498 1304 554 talis
1320 499 1465 559 essedebet
1475 499 1608 567 voluntas,
1616 502 1649 555 ut
1665 515 1719 572 ego

68 583 149 649 matu,
162 600 247 656 quom
257 586 360 659 utquir
372 591 488 643 evacuet
498 586 729 659 gloriamrneam,
742 583 819 641 idest
829 601 872 641 re-
918 586 1081 656 predicans
1120 588 1304 657 Euonqclium
1333 588 1491 660 bonomia
1519 596 1559 644 est
1587 587 1718 644 collocem

67 673 289 729 munerationem
304 690 385 746 quam
399 683 528 746 exspecto
542 675 577 731 de
588 674 748 746 Evangelio.
761 674 789 731 si
799 673 871 729 enim
921 674 1111 746 Evangelium,
1130 683 1157 730 ει
1170 674 1373 731 tundamentum
1389 678 1448 746 ejus
1464 677 1635 740 constituam,
1655 678 1719 732 sine

67 776 132 815 cum
147 760 310 818 offendiculo
325 762 415 818 fratris
439 764 668 837 evangelizarem,
685 763 801 835 gloriam
815 763 870 817 uti·
920 762 1039 830 sumptu
1053 768 1188 831 acceptos
1200 760 1346 817 Corinthiis
1361 777 1412 833 pro
1435 776 1489 832 quo
1503 760 1717 817 offenderentur.

67 865 123 920 que
139 850 230 905 meriti
243 850 297 905 mei
321 867 491 907 evacuarem.
523 852 571 908 llcl
594 852 630 906 ita
659 869 666 906 :
696 852 801 907 Bonum
829 858 871 905 est
920 847 1317 921 tdoortnzsumptaatnon
1333 849 1718 916 abutar,idestutnonmalc
1799 902 1805 913 ,

67 938 135 993 mibi
152 939 241 1011 magis
262 939 344 1006 mori,
369 956 449 1012 quam
464 941 546 996 modo
575 941 687 996 moriar.
704 940 783 996 Nunc
797 938 870 996 enim
919 940 1128 1008 utarpotestate
1142 954 1215 1003 meo,
1232 953 1363 994 concessa
1377 938 1718 1011 milriinllvonqeliolo·

66 1026 163 1081 multis
172 1027 391 1084 tribulationibus
401 1029 515 1094 morior,
528 1030 577 1084 sed
588 1029 698 1084 mallem
709 1029 798 1084 adbuc
808 1044 869 1082 ma·
920 1032 980 1079 tens
994 1025 1068 1079 enim
1084 1042 1143 1080 sum
1160 1027 1195 1080 de
1210 1027 1363 1100 Evangelio
1376 1034 1500 1098 sumptus
1516 1026 1651 1098 accipere,
1667 1026 1717 1082 sed

54 1111 117 1180 fori
132 1119 257 1184 egestate
286 1113 376 1179 mori,
395 1129 476 1184 quam
490 1121 519 1168 ut
534 1114 595 1185 quis
623 1121 737 1169 evacuet
753 1112 869 1186 gloriam
920 1112 942 1167 si
957 1112 1070 1168 fratrem
1085 1114 1112 1168 in
1125 1115 1178 1170 lroc
1193 1113 1343 1182 offendero,
1360 1115 1431 1172 male
1441 1123 1503 1170 utor
1512 1116 1563 1172 bac
1571 1123 1716 1187 potestate.

67 1215 172 1255 meam.
193 1202 265 1257 Vere
284 1201 372 1274 gloria
400 1218 461 1257 mea
489 1219 523 1258 ne
548 1210 693 1258 evacuetur
719 1201 867 1257 timendum
918 1202 1091 1257 Credendum
1107 1210 1149 1257 est
1168 1203 1312 1274 quodsinc
1330 1208 1447 1277 sumpto
1468 1221 1573 1278 ponam
1587 1206 1716 1276 Euange-

64 1289 134 1343 mibi
148 1297 201 1345 est.
219 1291 325 1346 Nrrmsi
340 1306 393 1362 ego
403 1292 631 1364 evangelizavero
646 1292 696 1359 sic,
708 1291 736 1347 id
750 1298 793 1347 est
806 1307 868 1347 oum
919 1291 999 1356 lium,
1010 1307 1044 1346 ne
1054 1289 1207 1347 offendatur
1217 1291 1360 1347 infirmitas
1369 1293 1521 1348 auditorum
1535 1310 1620 1348 :nom
1631 1293 1716 1364 (quod

64 1376 233 1434 offendiculo
246 1377 348 1444 fratris,
363 1379 512 1450 cupiditate
535 1380 688 1451 accipiendi
712 1386 867 1451 sumplusa
918 1387 1026 1450 sumptu
1042 1380 1128 1449 majus
1150 1382 1204 1449 est)
1214 1396 1278 1436 cum
1302 1381 1372 1436 liber
1379 1398 1467 1437 essem
1482 1399 1519 1437 cc
1533 1383 1672 1449 omnibus,
1689 1389 1716 1437 ει

66 1466 155 1533 vobis,
169 1466 227 1535 jam
242 1471 356 1523 nonest
381 1470 455 1524 mibi
468 1469 569 1538 gloria,
586 1469 635 1524 sed
651 1468 720 1540 perit
736 1484 866 1524 remune-
917 1468 983 1523 nulli
1000 1484 1095 1524 eorum
1110 1468 1212 1540 aliquid
1227 1469 1368 1537 deberem,
1384 1472 1442 1541 feci
1456 1486 1501 1526 me
1519 1487 1632 1526 servum
1652 1487 1715 1527 om-

64 1555 136 1609 ratio
151 1555 217 1610 mei.
234 1556 370 1611 Verenon
380 1556 492 1612 debetur
509 1558 583 1613 milri
601 1558 693 1628 glorio
709 1573 715 1612 ε
733 1573 801 1612 nom
817 1573 867 1612 nc·
916 1558 1008 1624 nium,
1025 1561 1060 1612 ut
1075 1556 1114 1613 sic
1130 1559 1329 1629 lucrifacerem
1338 1559 1445 1631 plures.
1457 1559 1490 1613 Et
1505 1558 1552 1630 qui
1574 1574 1625 1630 pro
1639 1559 1715 1614 utili·

62 1645 191 1709 ccssitas,
203 1643 232 1698 id
242 1652 399 1716 estcgestas
413 1645 554 1700 incumbit
568 1646 639 1701 mibi
648 1662 709 1717 quae
723 1661 768 1700 me
779 1661 863 1701 evan·
879 1653 970 1737 Blate
980 1661 1074 1701 eorum
1081 1647 1178 1720 jugum
1189 1647 1325 1702 servitutis
1338 1647 1389 1701 sub
1400 1647 1613 1703 omnibushabui
1629 1664 1635 1704 :
1652 1663 1715 1705 cre·

62 1731 183 1805 gelizare
197 1732 281 1805 cogit,
296 1740 325 1787 ut
335 1733 374 1789 sic
390 1733 508 1789 habeam
523 1733 669 1805 stipendia.
687 1734 754 1789 Vere
769 1749 865 1807 neccs-
916 1733 1035 1790 dandum
1051 1743 1091 1790 est
1102 1735 1318 1807 quodasumptu
1326 1735 1490 1801 contineam,
1506 1736 1605 1791 timens
1628 1735 1715 1792 offen·

62 1824 134 1877 situs
144 1822 286 1878 incumbit
297 1841 306 1877 ε
316 1839 383 1877 nom
393 1824 419 1878 si
429 1839 487 1879 non
497 1823 732 1893 evangelizavero,
741 1827 783 1878 est
794 1823 866 1878 milri
916 1821 1020 1877 sionem
1028 1821 1131 1888 fratris,
1145 1838 1262 1905 proquo
1274 1823 1404 1879 lucrando
1416 1840 1522 1880 servum
1532 1841 1577 1879 me
1592 1823 1712 1880 exhibui.

63 1926 113 1976 ιε,
125 1910 154 1964 id
169 1917 210 1964 cst
225 1909 303 1966 dolor
312 1910 453 1983 egestatis,
464 1909 543 1966 famis
558 1910 661 1966 scilicet
678 1918 705 1965 et
717 1909 859 1965 nuditatis.
916 1911 985 1966 Vere
1002 1927 1111 1967 servum
1127 1911 1248 1966 omnium
1258 1927 1300 1967 me
1314 1911 1384 1978 leci3
1400 1927 1463 1967 nam
1478 1912 1645 1978 ludaeorum,
1658 1914 1712 1969 Sa·

63 1998 91 2052 Si
105 2014 139 2054 ex
154 1999 319 2054 necessitate
333 1999 571 2073 evangelizavero,
593 2014 647 2055 non
663 2006 705 2054 est
719 1999 785 2053 mihi
800 1999 863 2072 glo-

60 2087 147 2144 ria.Si
157 2091 256 2144 aulem
262 2086 312 2145 boc
326 2104 378 2160 ogo
392 2089 496 2155 uolens,
514 2089 594 2143 idest
608 2104 641 2143 ex
655 2088 793 2143 voluntate
801 2096 863 2143 tan-

61 2183 128 2239 tum,
137 2191 196 2231 non
209 2191 260 2247 pro
270 2176 415 2248 cupiditate
427 2184 581 2248 sumptuum
598 2184 680 2232 :tunc
696 2176 780 2233 babeo
788 2193 864 2232 mer-

61 2265 158 2320 cedem
168 2264 224 2321 mei
232 2265 383 2337 Evangelii.
409 2265 459 2321 Vel
472 2266 558 2332 aliter,
570 2266 606 2321 ad
620 2266 672 2321 boc
688 2266 762 2337 quod
784 2281 862 2337 supe-

61 2354 116 2408 rius
125 2353 196 2409 dixit
212 2353 298 2410 :llalo
311 2353 475 2426 mori‚quam
491 2354 608 2426 gloriam
623 2369 711 2409 meam
722 2353 860 2410 evacuari.

96 2442 209 2498 Diceret
223 2442 341 2514 aliquis:
358 2441 385 2497 Si
400 2442 582 2516 Evangelium
592 2450 667 2498 tuum
682 2459 727 2497 res
742 2443 803 2498 telis
813 2459 860 2498 εε-

61 2538 111 2597 εει,
126 2546 181 2602 pro
195 2545 259 2603 qua,
277 2531 301 2585 si
314 2546 367 2586 non
377 2529 464 2598 fieret,
474 2547 529 2586 non
539 2530 719 2587 deficeremus
731 2550 738 2596 ;
755 2530 797 2586 vel
808 2547 859 2603 pro

61 2635 122 2692 qna,
139 2619 165 2674 si
180 2619 225 2685 sit,
240 2619 337 2675 nonin
352 2619 450 2675 melius
464 2620 645 2690 abundemus
669 2628 699 2674 ut
713 2628 786 2675 esset
796 2620 858 2675 ido-

59 2708 165 2781 lothyta
180 2723 246 2763 sana
260 2707 314 2763 lide
328 2708 483 2777 comedere,
499 2709 576 2765 credi
590 2715 685 2780 posset
708 2708 780 2780 quod
795 2708 857 2780 glo-

60 2797 98 2852 ria
116 2805 163 2852 tua
176 2796 293 2867 periret,
309 2797 407 2852 sicum
424 2796 588 2854 offendiculo
602 2796 691 2851 fratris
715 2796 856 2867 evangeli-

59 2901 148 2941 zares.
166 2884 221 2940 Sed
235 2885 298 2958 qnin
312 2886 492 2959 Evangelium
507 2893 582 2940 tuum
597 2901 643 2942 res
668 2893 749 2941 tantae
763 2886 856 2959 digni-

59 2976 119 3030 tatis
133 2983 187 3044 est,
204 2991 254 3045 por
267 2991 348 3047 quam
364 2974 502 3031 salventur
515 2975 649 3041 homines,
666 2991 720 3031 non
738 2982 781 3031 εει
795 2992 855 3030 ειε-

913 1999 1273 2070 maritanorumgcntilinm,
1283 2007 1310 2055 ot
1322 1998 1490 2056 intirmorum
1499 2000 1621 2056 fratrum.
1632 2000 1712 2070 Quod

912 2087 949 2142 ita
965 2088 1135 2160 exsequitur:
1145 2090 1247 2145 Factus
1257 2088 1430 2145 sumludoeis
1446 2091 1710 2162 tunquumludoeur,

913 2177 1139 2233 condescendens
1152 2177 1250 2232 ritibus
1269 2193 1379 2245 eorum,
1408 2177 1571 2234 abstinendo
1586 2194 1603 2233 a
1616 2178 1711 2234 carni-

913 2265 995 2321 bnsa
1011 2265 1109 2338 quibus
1123 2266 1306 2333 abstinebant,
1319 2271 1352 2321 ut
1360 2267 1398 2322 sic
1407 2267 1535 2324 lucrarer
1543 2266 1663 2334 Judaeos,
1674 2266 1710 2320 li·

912 2353 1020 2409 bentius
1034 2354 1102 2409 mihi
1116 2354 1332 2426 acquiescentes,
1343 2354 1404 2427 quia
1415 2355 1481 2410 ritus
1492 2371 1586 2411 eorum
1598 2370 1710 2411 nonas-

910 2459 1053 2514 pernarer.
1069 2443 1118 2498 liis
1135 2444 1215 2498 etiam
1230 2445 1278 2515 qui
1295 2445 1344 2500 sub
1359 2445 1417 2515 lege
1432 2447 1510 2510 runt,
1520 2443 1598 2500 idest
1608 2445 1707 2500 Sama·

910 2531 1014 2594 ritanis‚
1032 2531 1078 2603 qui
1093 2531 1212 2604 quinque
1240 2532 1324 2587 libros
1347 2532 1435 2603 Moysi
1463 2540 1565 2599 tenent,
1580 2533 1629 2589 sed
1644 2549 1708 2605 pro·

908 2621 1003 2691 phetas
1019 2636 1073 2676 non
1088 2620 1199 2690 babent,
1211 2619 1297 2676 iactus
1308 2637 1367 2675 sum
1378 2623 1459 2694 quasi
1476 2623 1705 2694 sublcqeesscm:

908 2725 973 2766 com
990 2712 1086 2765 tumen
1096 2711 1156 2782 ipse
1169 2726 1228 2766 non
1243 2725 1332 2765 esrem
1346 2710 1398 2766 sub
1414 2711 1487 2782 lcqc;
1503 2711 1552 2766 sed
1567 2709 1630 2767 idco
1653 2710 1707 2767 ieci

906 2802 941 2853 ut
955 2798 1007 2854 hoc
1021 2798 1104 2854 modo
1120 2798 1321 2870 lucrifacerem
1335 2814 1381 2856 cos
1396 2801 1444 2871 qui
1457 2803 1542 2855 erunt
1568 2801 1619 2856 rub
1634 2801 1703 2872 leqc,

905 2886 933 2941 id
949 2894 990 2942 est
1001 2887 1194 2942 samaritanos.
1210 2885 1374 2942 Samaritani
1387 2896 1449 2942 sunt
1464 2903 1532 2959 quos
1548 2904 1595 2943 rex
1616 2890 1705 2960 Assy-

906 2974 1009 3030 riorum
1024 2975 1186 3047 ceptivitatis
1199 2974 1262 3031 filiis
1285 2976 1369 3032 lsrael
1396 2977 1486 3048 posuit
1499 2978 1534 3032 ad
1561 2977 1704 3033 incolenda

59 3064 143 3119 dibile
172 3063 245 3134 quod
272 3080 323 3135 pro
346 3063 498 3120 offensione
525 3063 625 3119 infirmi
650 3063 743 3119 iratris
763 3072 857 3135 pereat
872 3034 964 3119 Gloca
980 3063 1122 3130 Samariae‚
1139 3072 1166 3121 et
1181 3072 1242 3120 sunt
1257 3081 1289 3121 ex
1303 3065 1410 3138 origine
1425 3067 1567 3121 Persarum
1581 3067 1627 3137 (ll
1639 3068 1703 3138 lleg.

58 3149 147 3222 gloria
162 3156 208 3203 tua
222 3148 257 3204 de
267 3149 427 3220 Evangelio.
447 3148 630 3205 Evacuabitur
653 3165 704 3220 pro
719 3157 804 3218 certo,
820 3150 857 3204 ait
907 3167 975 3220 xvu,
992 3154 1057 3223 at);
1079 3153 1124 3224 qui
1137 3152 1256 3226 quinque
1266 3153 1349 3209 libros
1362 3154 1449 3224 Moysi
1458 3161 1631 3226 receperunt,
1642 3170 1704 3210 cum

59 3238 159 3293 Paulus
175 3252 183 3291 :
198 3238 269 3292 Nam
279 3237 302 3292 si
312 3236 536 3309 evangelizavero
546 3245 659 3303 tantum,
675 3245 702 3292 ct
717 3238 752 3291 ab
767 3236 856 3293 offen·
905 3241 997 3296 multis
1010 3241 1230 3297 tribulationibus
1243 3250 1354 3298 vexaret
1368 3259 1416 3298 eos
1431 3244 1514 3310 Deus,
1528 3242 1590 3315 quia
1599 3252 1703 3300 terram

60 3326 152 3383 diculo
167 3324 260 3380 iratris
272 3340 328 3381 non
341 3326 532 3393 declinavero,
548 3325 667 3382 nouerit
688 3325 754 3380 mibi
769 3325 856 3398 gloria
905 3330 999 3401 populi
1013 3329 1054 3384 sui
1067 3329 1150 3386 lsrael
1165 3330 1217 3385 sibi
1231 3330 1324 3387 illicite
1343 3340 1533 3403 usurpassent.
1559 3333 1605 3389 llic
1621 3333 1703 3388 etiam

59 3431 105 3485 pro
133 3414 196 3470 solo
232 3414 431 3486 evangelizare.
467 3414 575 3471 Nullius
604 3414 677 3469 enim
709 3413 800 3470 meriti
814 3422 856 3470 εει
905 3419 953 3490 qui
968 3423 1052 3474 erunt
1065 3420 1127 3474 sine
1159 3419 1225 3491 lege,
1243 3418 1326 3474 idest
1356 3419 1514 3490 gentilibus,
1538 3420 1626 3477 lactus
1641 3437 1701 3476 sum

58 3503 95 3560 sic
108 3503 311 3577 evangelizare,
327 3511 357 3559 ut
370 3502 549 3559 offensionem
564 3502 656 3558 iratris
673 3518 728 3558 non
756 3518 855 3559 cavea·
906 3511 1042 3580 tunquam
1056 3523 1144 3563 essent
1155 3507 1216 3564 sinc
1233 3509 1299 3579 lepe,
1317 3517 1429 3564 coutens
1444 3508 1495 3563 sibi
1506 3524 1602 3564 eorum
1617 3517 1644 3565 ει
1657 3525 1702 3565 as-

59 3610 126 3648 mus.
138 3593 276 3648 Verenon
290 3600 331 3649 est
345 3593 457 3648 multum
470 3591 661 3665 evangelizare
672 3592 853 3648 solummodo.
905 3612 1001 3651 serens
1021 3596 1108 3652 Deum
1126 3595 1243 3667 elegisse
1260 3612 1318 3664 cos,
1337 3614 1403 3653 cum
1421 3601 1517 3654 tomen
1530 3614 1589 3653 non
1613 3614 1701 3654 casem

58 3681 124 3736 Nam
149 3681 300 3738 necessitas
327 3680 533 3755 evangelizandi
562 3680 693 3736 incumbit
726 3681 805 3748 mibi,
822 3697 854 3736 ex
905 3686 967 3741 sinc
982 3691 1039 3757 lege
1054 3686 1113 3750 llei,
1129 3685 1177 3741 scd
1199 3702 1288 3742 essem
1310 3687 1341 3742 in
1357 3687 1416 3758 lege
1446 3685 1568 3753 Clarirti3
1584 3686 1625 3743 sic
1638 3686 1701 3743 ideo

59 3770 179 3839 injuncto
216 3768 315 3827 officio.
356 3771 391 3824 Et
418 3786 483 3827 vere
519 3769 673 3825 necessitas·
694 3769 773 3827 officii
801 3769 856 3825 mei
905 3773 991 3829 factus
1006 3778 1111 3828 sumut
1124 3775 1322 3846 lucrifacerem
1342 3774 1459 3848 gentiles
1478 3776 1526 3848 qui
1540 3779 1624 3831 erant
1638 3776 1701 3832 sinc

57 3859 249 3931 evangelizare
263 3874 307 3914 me
321 3859 405 3931 cogit.
438 3859 506 3913 Nam
531 3874 581 3926 ιε,
598 3858 626 3912 id
650 3867 699 3924 est,
716 3859 854 3916 damnatio
906 3863 973 3933 lege.
990 3863 1093 3918 Factus
1104 3862 1260 3918 sumetiam
1274 3862 1699 3933 infirmislratribusinfirmus:

57 3949 121 4003 mibi
137 3956 181 4003 εει
200 3947 224 4003 si
237 3963 291 4003 non
306 3947 539 4021 evangelizavero.
570 3949 605 4003 Ilt
616 3948 680 4003 inde
707 3948 799 4019 palam
813 3954 855 4004 est
903 3951 1042 4007 abstinens
1058 3967 1074 4006 a
1089 3950 1169 4007 licitis
1182 3951 1261 4016 cibis.
1279 3968 1487 4024 regenerarem
1506 3950 1700 4009 offendiculum

57 4038 129 4110 quod
142 4052 201 4092 non
223 4045 266 4093 est
292 4037 359 4092 tanti
381 4036 577 4108 evangelizare,
594 4039 672 4107 cnjus
687 4037 774 4107 gloria
788 4053 854 4109 pro·
904 4056 998 4096 eorum
1013 4039 1173 4105 infirmitati,
1189 4045 1222 4096 ut
1236 4040 1276 4096 sic
1299 4042 1498 4113 lucrifacerem
1513 4043 1650 4111 infirmos.
1666 4042 1701 4097 Ει

55 4133 113 4196 pter
122 4123 321 4182 offendiculum
332 4124 424 4181 fratris
434 4141 489 4181 non
499 4133 599 4197 pereat.
611 4126 640 4181 Si
651 4142 683 4180 ex
691 4125 854 4181 necessitate
903 4129 969 4201 qnid
983 4144 1140 4184 enumerem
1156 4128 1288 4201 singula?
1305 4130 1438 4187 Omnibus
1455 4133 1550 4202 fuctus
1559 4146 1623 4186 sum
1637 4147 1699 4187 om-

59 4213 181 4272 119
198 4213 341 4270 ministerii
357 4214 531 4272 mellentum
547 4215 781 4286 evangelizavero,
798 4229 853 4270 non
903 4219 953 4273 nia
970 4234 976 4272 :
993 4216 1130 4288 perlectus
1146 4216 1289 4288 perlectis3
1306 4225 1332 4273 et
1347 4217 1387 4274 sic
1402 4218 1430 4272 in
1453 4218 1576 4291 singulis,
1589 4222 1622 4274 ut
1635 4236 1698 4274 om·

55 4312 92 4358 est
102 4303 174 4359 mibi
190 4302 294 4376 gloria:
306 4303 355 4359 sed
369 4303 454 4360 siltoc
468 4320 519 4377 opo
533 4305 700 4371 colonomon
714 4310 743 4357 ut
754 4302 854 4374 cupidi·
904 4322 955 4363 nec
968 4307 1059 4362 salros
1069 4309 1204 4377 facerem.
1216 4307 1281 4362 llaec
1292 4314 1381 4362 antem
1391 4308 1488 4364 omnio
1502 4309 1700 4380 focioproptcr

55 4399 105 4449 tate
120 4391 374 4464 sumptuslretrcm
402 4391 548 4459 offendam,
573 4400 635 4448 tunc
659 4393 743 4449 babeo
759 4391 890 4465 egodeD
905 4393 1096 4451 collocandum
1118 4395 1322 4465 Euangelium3
1338 4395 1477 4466 quodnisi
1499 4395 1539 4451 sic
1567 4395 1696 4460 iacerem.

55 4480 279 4554 Erangebomeo
289 4481 459 4538 mercedem.
474 4481 529 4538 Sed
538 4482 564 4536 sl
578 4481 630 4537 boc
644 4482 719 4553 facio
732 4481 851 4548 invitus,
903 4490 1082 4538 evacuaretur
1105 4490 1216 4553 propter
1243 4481 1408 4539 offendicula
1432 4483 1556 4539 fratrum.
1582 4486 1698 4556 Propter

54 4570 78 4626 id
86 4580 131 4628 εει
139 4571 304 4627 necessitate
313 4578 434 4636 coactns,
443 4569 645 4643 parvipendens
656 4568 796 4625 offendere
803 4569 854 4624 lra·
902 4570 1083 4644 Evangelium
1097 4570 1169 4638 ideo,
1185 4573 1220 4626 ul
1234 4572 1342 4642 efficiar
1359 4574 1502 4646 particeps
1526 4576 1598 4646 ejus,
1613 4573 1641 4629 id
1656 4581 1699 4629 εει

55 4667 135 4724 ιιειιι,
147 4659 422 4732 hocquidcmverum
443 4659 563 4731 estquod
583 4658 853 4732 dispensatiodono-
903 4660 1158 4730 utpartemoapiam
1174 4660 1408 4726 remunerationis,
1425 4676 1505 4733 quam
1516 4661 1698 4732 Evangelium

54 4765 114 4803 ram
122 4748 176 4804 Dei
183 4748 293 4805 credita
301 4753 343 4805 cst
354 4750 435 4816 mibi,
443 4749 470 4803 id
484 4756 525 4804 est
535 4748 608 4821 quod
618 4763 672 4804 non
682 4747 773 4802 minus
787 4763 852 4819 pro·
902 4755 1052 4816 attestatur,
1067 4755 1095 4803 ει
1110 4748 1236 4803 tidelibus
1250 4749 1391 4820 promittit.
1408 4749 1458 4805 llic
1473 4757 1557 4805 totum
1572 4750 1646 4821 quod
1661 4750 1696 4807 dc

52 4844 267 4910 pterpeccatum
276 4837 513 4910 meumdispenset
523 4838 596 4893 Deus
611 4836 853 4910 gmtiassuas,sed
903 4853 932 4893 se
941 4836 1046 4892 induxit
1060 4836 1206 4908 adaptavit.
1227 4835 1311 4906 Quasi
1318 4836 1422 4894 diceret
1437 4856 1443 4893 :
1460 4836 1695 4907 Quemadmodum

52 4934 146 4982 tamen
155 4926 216 4982 sine
224 4926 351 4983 mercede
359 4942 430 4982 mea.
453 4927 484 4981 ln
503 4927 555 4982 hoc
574 4926 659 4981 verbo
680 4925 753 4981 milri
768 4923 852 4980 invito
901 4926 1029 4982 omnibus
1043 4926 1139 4982 omnio
1149 4928 1245 4998 factus
1255 4942 1318 4982 sum
1329 4928 1644 4999 propterlluanpelium,
1658 4928 1698 4986 sic

52 5023 77 5070 et
91 5015 221 5087 peccanti
236 5031 286 5087 per
299 5013 494 5071 offendiculum
504 5014 598 5070 fratris
616 5014 724 5071 crcdlto
734 5018 776 5070 est
791 5015 852 5069 dir·
902 5023 928 5069 et
942 5013 1128 5085 compatimini
1145 5012 1295 5070 infirmitati
1309 5013 1423 5070 fratrum
1442 5024 1470 5071 ut
1480 5016 1628 5089 participes
1640 5017 1698 5073 sitis

52 5105 185 5176 pensabo
201 5104 353 5175 gratiarum
367 5104 428 5171 llci,
444 5104 581 5175 accipiunt
595 5102 681 5159 sancti
702 5101 852 5159 auctorita·
900 5101 1043 5173 promisse
1058 5101 1242 5157 beatitudinis.
1253 5102 1315 5157 Dixi
1332 5103 1524 5159 abstinendum
1539 5120 1600 5161 csse
1619 5106 1698 5162 vobis

52 5201 107 5249 tem
125 5211 132 5247 :
150 5192 225 5265 quod
239 5193 302 5249 licet
314 5192 438 5249 minister
451 5192 538 5247 malus
554 5192 597 5260 sit,
614 5192 686 5247 dona
698 5200 788 5246 tamen
802 5190 852 5246 Dei
902 5189 1022 5258 elicitis,
1040 5204 1122 5246 causa
1137 5188 1306 5246 infirmorum
1328 5191 1458 5257 fratrum,
1474 5192 1545 5249 sicut
1560 5209 1613 5267 ego
1627 5209 1697 5265 apo-

48 5299 100 5354 per
110 5297 176 5337 eum
193 5281 351 5353 dispensata
365 5297 421 5338 non
433 5282 600 5348 minuuntur,
620 5289 732 5353 propter
751 5295 851 5352 pecca·
901 5279 988 5335 stolus
1003 5287 1094 5334 voster
1107 5294 1124 5333 a
1139 5277 1219 5334 licitis
1233 5278 1368 5346 abstineo,
1384 5296 1418 5336 ne
1433 5281 1696 5337 demoliendiculum

51 5379 107 5425 tam
124 5369 208 5436 illins,
224 5369 293 5426 sicut
309 5386 359 5427 neo
374 5378 511 5442 augentur
525 5369 771 5442 propterjustitiam
781 5368 850 5437 ejus.
901 5367 1050 5440 Evangelio
1065 5367 1181 5435 Christi;
1197 5366 1270 5439 quod
1292 5376 1377 5425 totum
1393 5368 1455 5425 ideo
1469 5369 1540 5426 facio
1556 5386 1562 5424 ε
1579 5376 1608 5423 nt
1622 5369 1697 5425 acci-

51 5459 85 5515 Et
98 5457 232 5532 quiadixi
254 5460 282 5516 ri
307 5461 403 5517 coleras
417 5461 468 5518 boc
482 5476 543 5532 aqo,
573 5466 639 5516 tunc
652 5474 686 5515 ex
712 5457 852 5515 voluntate
901 5472 966 5528 pere
980 5471 1087 5514 mercar
1107 5456 1181 5528 quod
1200 5467 1340 5526 exspecto.
1357 5457 1484 5514 Inductus
1508 5457 1633 5530 exemplo
1648 5473 1698 5516 co-

125 5574 247 5631 Pamor..
267 5553 358 5632 cetu.
1614 5573 1630 5626 6
