3742 5986
102 140 153 196 ssa
211 185 215 189 .
509 135 681 194 cursoris
704 136 715 190 ι
738 132 943 190 canrnusrn
964 132 1111 191 umoris
1124 98 1263 191 amonis
1285 133 1319 190 ι.
1706 133 1757 190 ιιι

138 263 165 317 2.
182 256 235 327 Qui
250 258 374 331 quamvis
389 259 515 315 omnibus
530 261 615 317 verbo
629 268 656 316 et
670 260 723 316 vita
739 258 871 329 prodesse
885 255 993 323 debeat,
1010 264 1035 313 et
1049 265 1209 314 cunctorum
1235 253 1349 313 sollicite
1364 268 1460 328 gerere
1483 265 1588 319 curam,
1608 254 1758 310 monacbis

103 365 205 426 tamen,
221 373 254 412 ex
269 356 367 428 quibus
390 366 514 428 sumptus
529 367 580 426 est,
597 358 694 430 quietis
709 366 736 413 et
751 354 904 412 stabilitatis
918 361 945 410 ct
958 361 1130 421 caeterorum,
1147 370 1208 425 quae
1223 354 1257 408 ad
1271 368 1367 408 eorum
1382 349 1465 406 vitam
1487 347 1629 419 pertinent
1646 351 1756 407 exerci-

103 455 212 520 tiorum,
230 454 381 524 exemplum
397 455 513 509 maxime
528 456 649 526 praebere
664 455 753 509 debet.

141 555 166 605 3.
184 550 308 620 Quatnor
330 551 420 622 itaque
442 551 600 621 septimanis
615 551 643 604 iu
657 550 726 606 cella
749 566 808 605 curu
833 550 938 606 ceteris
961 547 1103 606 monacbis
1127 547 1239 614 exactis,
1262 545 1383 619 quintam
1405 543 1470 599 iacit
1493 557 1554 599 cum
1579 540 1672 598 laicis.
1697 540 1757 610 Quo

106 646 194 719 spatio
209 648 267 715 ejus
283 663 347 718 erga
364 647 461 702 tratres
476 647 591 703 officinm
607 647 705 719 aliquis
720 647 753 702 ab
766 663 799 703 eo
811 648 903 716 jussus
917 647 1081 718 exsequitur.

142 747 168 800 t:
186 745 247 815 lpse
263 751 352 799 tamen
377 744 461 799 eremi
484 744 616 799 terminos
631 761 686 800 non
701 744 850 824 egreditur.
866 743 952 800 Sedes
967 744 1025 812 ojus
1039 743 1161 811 ubilibet,
1177 742 1221 799 vel
1235 741 1348 798 vestitus
1371 739 1447 795 nulla
1461 737 1537 810 qnasi
1560 736 1703 810 dignitate
1717 738 1760 793 rel

107 839 276 912 pretiositate
300 839 548 908 differtacaeteris
566 842 778 914 necquidquam
803 850 891 915 gestat
912 841 985 897 nude
1008 840 1080 912 quod
1095 841 1128 894 sit
1143 840 1218 911 prior
1240 846 1378 911 appareat.
1405 836 1579 910 supplicatur
1600 836 1638 902 ei,
1657 842 1685 892 et
1709 836 1760 892 boc

108 936 225 1004 modice,
242 938 412 994 solummodo
427 938 461 993 ad
477 938 618 994 lectionem
635 938 708 994 eunti
723 947 748 995 ct
763 939 896 1005 redeunti,
912 938 957 994 vel
970 954 1031 994 cum
1054 944 1115 993 ante
1129 952 1192 993 eum
1215 936 1353 1007 transitur,
1370 941 1396 991 et
1411 951 1472 991 curn
1496 933 1529 988 ad
1552 933 1666 1007 aliquos
1688 933 1761 990 venit

110 1034 273 1108 assurgitur.

783 1132 1066 1190 COMMENTARIUS.

109 1271 164 1311 non
179 1255 327 1311 dominum.
344 1256 393 1311 llic
407 1255 472 1311 libet
486 1256 591 1311 referre
609 1257 698 1312 locum
713 1257 788 1311 illum
804 1257 943 1318 exhor-A
957 1256 1036 1312 nacbi
1058 1255 1213 1328 aliqnando,
1237 1255 1362 1326 quamvis
1384 1269 1459 1321 raro,
1484 1254 1529 1310 vel
1553 1263 1696 1326 presente
1718 1256 1760 1311 vel

110 1344 220 1400 tationis
235 1359 317 1416 quam
340 1344 373 1398 ab
388 1344 506 1416 antiquis
529 1344 604 1414 prior
618 1345 767 1400 Carthusiae
791 1345 907 1418 singulis
956 1343 1128 1414 permittente
1145 1344 1237 1414 priore
1246 1342 1325 1397 simul
1344 1341 1556 1398 deambulabant
1576 1344 1761 1400 recreationis

112 1431 191 1487 annis
206 1432 234 1486 in
248 1430 301 1486 line
324 1430 434 1502 capituli
457 1432 592 1502 generalis
607 1433 676 1487 solet
700 1433 851 1487 astantibus
866 1431 907 1486 sa·
957 1431 1054 1504 gratia,
1067 1431 1140 1487 etsie
1152 1430 1345 1501 spatiabantur.
1358 1430 1428 1487 Hinc
1440 1445 1540 1485 nomen
1555 1432 1760 1504 spatiamenti,

112 1536 185 1586 cere,
202 1520 247 1574 ubi
262 1520 302 1575 sic
316 1519 435 1592 loquitur
447 1520 582 1590 prioribus
599 1538 606 1574 :
624 1519 750 1592 Cogitant
768 1537 797 1589 se
811 1521 908 1576 domo·
958 1535 1012 1591 quo
1026 1518 1211 1574 deambulatio
1226 1518 1271 1573 illa
1284 1518 1356 1573 iutra
1381 1517 1512 1574 terminos
1527 1518 1673 1591 assignata
1687 1519 1762 1575 desi-

114 1624 178 1664 rnm
193 1624 310 1664 snorum
325 1610 474 1664 ministros
490 1624 557 1678 esre,
573 1625 631 1664 non
645 1609 782 1674 dominos,
798 1609 907 1682 quibus,
958 1614 1064 1680 gnatur,
1080 1613 1171 1663 ortum
1191 1605 1306 1679 accepit,
1322 1613 1348 1662 et
1372 1606 1513 1680 hucusque
1532 1606 1678 1664 inordina
1701 1624 1762 1664 ser-

115 1697 910 1768 trtoitlpostotus,dispenaotiocreditncat.llccequaesit
960 1702 1116 1752 vatumest.

115 1800 193 1840 mens
206 1784 311 1840 ordinis
325 1793 351 1839 et
367 1785 482 1856 qualiter
494 1785 608 1857 singulis
619 1785 697 1840 annis
711 1785 848 1856 prioribus
857 1802 909 1856 pu·
992 1783 1133 1839 Terminus
1153 1783 1215 1839 illos
1235 1783 1437 1855 possessionum
1461 1792 1526 1840 tunc
1548 1785 1687 1856 temporis
1709 1802 1762 1842 non

115 1873 185 1929 blico
201 1872 366 1943 proferatur.
389 1873 492 1928 Eadem
516 1881 604 1928 autem
618 1890 691 1929 nunc
713 1872 800 1930 torma
815 1890 910 1930 serva·
959 1879 1062 1927 tantum
1070 1871 1144 1943 prior
1154 1871 1304 1927 Carthasiae
1318 1888 1373 1928 nou
1387 1872 1684 1945 egrediebatur,prout
1694 1890 1764 1932 nnnc

116 1969 160 2016 tur
174 1961 202 2015 in
217 1961 359 2030 electione,
376 1962 473 2017 additis
489 1969 592 2017 tantum
606 1962 639 2016 iis
654 1980 714 2034 quae
728 1979 760 2018 ex
772 1963 842 2032 juris
855 1963 911 2018 dis·
960 1962 994 2016 ab
1010 1977 1044 2017 eo
1058 1968 1188 2027 servatur,
1206 1960 1255 2015 sed
1278 1960 1349 2015 idem
1373 1961 1553 2017 observabant
1577 1963 1763 2018 communiter

115 2050 250 2121 positione
276 2051 433 2106 necessario
460 2058 538 2105 eraut
563 2051 698 2116 addenda,
723 2053 830 2123 quando
854 2059 912 2106 sta·
961 2049 1007 2104 alii
1028 2049 1169 2104 domorum
1185 2049 1292 2120 priores
1307 2057 1332 2106 et
1352 2065 1402 2120 par
1417 2056 1476 2104 erat
1489 2049 1558 2105 ratio
1578 2049 1607 2104 in
1622 2051 1761 2118 omnibus,

118 2145 174 2194 tuta
189 2137 327 2193 inordina
342 2137 451 2193 luerunt
472 2139 591 2205 condita,
608 2146 634 2194 et
649 2139 810 2208 jamdudum
832 2140 913 2195 insti·
962 2137 1026 2210 quia
1040 2153 1102 2193 cum
1117 2137 1306 2208 possessiones
1320 2138 1464 2193 domorum
1478 2138 1547 2192 intra
1568 2139 1706 2194 terminos
1719 2139 1762 2193 in·

118 2233 204 2282 tntum
220 2225 411 2281 carthusiense
426 2225 498 2280 inter
512 2226 676 2282 monasticos
698 2228 808 2283 ordines
824 2228 913 2284 luerat
962 2226 1046 2282 clusae
1060 2234 1161 2291 essent,
1178 2225 1250 2280 nulla
1264 2225 1383 2281 instabat
1398 2225 1548 2282 necessitas
1563 2226 1764 2298 inspectionem

118 2314 240 2370 relatum.
963 2323 990 2369 et
1004 2330 1095 2369 curam
1118 2313 1285 2384 pastoralem
1309 2314 1465 2380 exercendi,
1481 2313 1534 2368 nisi
1548 2322 1655 2369 tanturn
1672 2315 1700 2370 in
1723 2315 1764 2371 bis

153 2403 236 2458 Num.
253 2407 278 2458 t.
294 2404 474 2475 Praecipuum
483 2404 638 2474 jejunium.
655 2404 686 2460 ld
700 2413 741 2460 est
752 2407 884 2475 jejunium
898 2421 916 2460 a
963 2402 1046 2458 rebus
1061 2403 1094 2457 ad
1109 2418 1159 2457 nos
1174 2402 1368 2472 spectantibus,
1385 2419 1445 2474 quae
1460 2403 1528 2456 iutra
1546 2403 1682 2459 terminos
1697 2418 1764 2460 con-

118 2498 175 2548 tota
189 2491 312 2547 Ecclesia
327 2492 377 2546 sub
388 2499 524 2562 praecepto
536 2493 768 2563 servarisolitum,
780 2510 834 2550 non
850 2511 915 2551 vero
963 2491 1127 2546 tinebantur.
1144 2490 1215 2557 Dixi,
1234 2493 1435 2558 ceramonitcr,
1451 2507 1513 2545 nam
1537 2499 1644 2546 certum
1658 2501 1701 2548 est
1714 2509 1766 2548 ne·

117 2580 249 2650 jejunium
268 2580 334 2635 illud
357 2581 430 2652 quod
453 2588 554 2635 tantum
578 2596 610 2636 ex
631 2581 733 2637 ordinis
756 2583 914 2655 praescripto
928 2610 954 2671 Β
966 2595 1043 2635 cesse
1057 2579 1204 2651 aliquando
1215 2578 1298 2634 luisse
1314 2587 1341 2633 ut
1349 2580 1453 2651 priores
1467 2578 1599 2635 terminos
1606 2596 1677 2648 ,suos
1688 2596 1765 2654 egre·

119 2668 270 2723 institutum
285 2678 336 2724 est.
966 2668 1100 2734 darentur,
1118 2668 1234 2738 exempli
1254 2667 1353 2739 gratia,
1370 2668 1405 2722 ad
1429 2667 1601 2724 fundationes
1619 2668 1766 2725 domorum

155 2757 236 2812 Num.
249 2761 275 2812 ³.
289 2758 414 2825 Quotuor
424 2776 487 2830 erqo
503 2760 704 2832 septimanis...
719 2761 848 2831 quintam
867 2763 915 2832 so·
965 2756 1146 2827 acceptandus
1158 2764 1183 2812 et
1194 2756 1361 2827 dirigendas,
1374 2764 1400 2812 et
1411 2755 1509 2811 similia
1521 2758 1693 2828 peragenda,
1705 2774 1767 2830 quar

121 2846 171 2901 cit.
183 2845 852 2920 Adlocumillumbeneiutelligeudum,sciendum
864 2857 914 2918 est,
965 2845 1137 2916 personalem
1152 2844 1313 2900 industriam
1328 2851 1354 2900 et
1369 2845 1541 2915 praesentiam
1556 2845 1747 2917 requirebant.

120 2939 148 2984 ut
171 2946 203 2984 ex
227 2931 404 3002 sequentibus
428 2932 538 3002 patebit,
564 2931 662 2987 fratres
683 2947 830 2988 conuersos
854 2942 917 2990 tuuc
1002 2934 1066 2989 llaec
1094 2940 1184 2988 antem
1212 2949 1279 2988 curu
1307 2933 1510 3003 possessionum
1539 2932 1635 3004 primis
1664 2935 1768 2991 ordinis

120 3019 250 3089 temporis
273 3035 327 3074 non
351 3020 479 3075 habuisse
502 3019 583 3075 lixum
607 3020 772 3076 domicilium
786 3021 813 3075 in
835 3022 916 3078 domo
965 3021 1133 3091 temporibus
1148 3021 1213 3075 solis
1226 3020 1363 3092 prioribus
1386 3021 1567 3092 competebat,
1596 3029 1623 3076 ut
1640 3038 1691 3079 suo
1707 3021 1768 3080 loco

120 3107 406 3180 monachorumque
425 3109 548 3178 superior
572 3117 693 3176 vocatur,
710 3110 773 3181 quia
796 3110 823 3165 iu
847 3111 916 3166 emi·
967 3109 1136 3180 probabitur,
1157 3124 1236 3180 quam
1252 3117 1344 3164 tamen
1367 3125 1415 3180 per
1434 3116 1641 3180 procuratorem
1667 3118 1694 3166 et
1715 3111 1769 3166 lra-

121 3196 238 3252 nentiori
253 3197 313 3252 loco
328 3196 436 3267 rupium
459 3196 608 3253 Cartbusiae
628 3198 679 3252 sita
694 3206 735 3253 est
757 3214 839 3270 quam
854 3199 915 3265 ulia,
967 3206 1023 3252 tres
1037 3213 1182 3253 conversos
1198 3196 1429 3262 administrabant,
1445 3214 1477 3252 ea
1493 3205 1598 3253 tantum
1615 3214 1669 3269 per
1683 3216 1714 3255 se
1729 3199 1769 3254 la-

122 3300 183 3356 quao
197 3284 259 3339 idco
274 3283 385 3340 inferior
399 3292 519 3351 vocatur,
535 3285 626 3341 sedin
641 3286 688 3342 illa
702 3285 822 3342 interiori
838 3302 917 3342 man·
968 3301 1031 3343 cere
1046 3293 1072 3340 ot
1086 3285 1232 3356 disponere
1248 3286 1377 3354 contenti,
1395 3302 1455 3357 quae
1476 3302 1569 3341 eorum
1591 3288 1767 3358 personalem

122 3372 201 3428 sisse.
217 3370 341 3439 Quatuor
365 3388 431 3445 ergo
455 3373 670 3429 bebdomadibus
693 3390 754 3430 cum
778 3374 917 3431 monacbis
966 3374 1139 3446 presentiam
1154 3374 1328 3447 requirebant
1351 3374 1420 3429 intra
1434 3374 1501 3429 istos
1525 3374 1657 3430 terminos
1675 3391 1681 3431 :
1698 3392 1768 3448 quos

123 3461 277 3525 transactis,
294 3460 368 3531 prior
382 3462 416 3515 ad
431 3461 586 3517 interiorem
611 3463 751 3534 pergebat,
769 3463 845 3518 stibi
868 3480 919 3534 per
968 3471 1059 3518 tamen
1085 3462 1231 3533 aliquando
1259 3479 1291 3517 ex
1313 3462 1410 3518 morali
1432 3463 1604 3532 necessitate,
1630 3464 1683 3519 sed
1705 3480 1769 3520 curu

121 3549 323 3605 hebdomadam
338 3549 471 3620 integram
494 3566 558 3606 cum
582 3551 723 3607 conversis
746 3553 914 3618 morabatur,
968 3567 1068 3624 magna
1081 3551 1195 3616 cautela,
1212 3549 1311 3606 fratres
1335 3551 1459 3607 conversi
1481 3558 1507 3607 et
1521 3568 1575 3606 non
1597 3551 1654 3621 alii,
1671 3553 1768 3624 egredi

122 3646 152 3694 nt
165 3638 331 3711 pastoralem
345 3655 438 3694 curam
461 3638 534 3695 circa
558 3654 605 3694 cos
631 3639 744 3695 vicinius
768 3648 916 3709 exerceret,
968 3647 1093 3709 poterant
1107 3654 1168 3694 cum
1192 3638 1310 3695 licentia.
1327 3640 1367 3695 De
1383 3639 1480 3712 quibus
1503 3639 1627 3695 terminis
1650 3641 1770 3713 qualiter

121 3735 147 3782 et
170 3727 210 3782 sic
232 3727 343 3782 domum
367 3726 523 3782 inferiorem
547 3728 714 3798 perlustrans
738 3728 804 3783 nibil
827 3728 864 3783 ibi
885 3727 918 3782 ab
968 3727 1106 3783 inordina
1121 3735 1185 3782 tunc
1209 3728 1426 3800 assignarentur,
1443 3727 1598 3784 necnonde
1611 3727 1674 3784 aliis
1694 3746 1768 3801 prae·

122 3815 293 3870 observantia
307 3813 424 3886 regulari
439 3815 548 3870 deviare
563 3817 739 3886 permitteret.
968 3815 1060 3870 libatis
1074 3816 1152 3886 plura
1162 3815 1218 3869 suis
1234 3815 1302 3870 locis
1316 3815 1448 3870 dicentur.
1460 3815 1540 3872 Nunc
1554 3815 1588 3870 de
1599 3831 1694 3873 eremo
1704 3817 1771 3873 Car·

158 3901 227 3957 lbid.
254 3903 360 3974 Aliquis
384 3902 417 3957 ob
442 3919 472 3958 eo
489 3905 598 3974 jussus.
614 3903 664 3959 Hic
677 3919 811 3974 apparere
825 3903 919 3975 incipit
969 3903 1076 3971 thusiae,
1101 3910 1176 3958 cxtra
1206 3919 1286 3975 quam
1319 3902 1394 3974 prior
1428 3902 1577 3959 carthusiae
1605 3905 1664 3977 (qui
1696 3921 1772 3963 auno

123 3989 241 4046 officium
256 3989 358 4055 vicarii,
376 3991 448 4061 qnod
473 4000 536 4047 tuno
551 3990 631 4046 lixum
648 4000 783 4060 nouerat,
801 4008 851 4049 nec
874 3965 954 4048 nnio
969 3992 1139 4048 reuerendus
1164 3993 1249 4048 l'oter
1276 3991 1385 4063 dicitur)
1414 4008 1468 4047 nou
1500 3992 1648 4064 egreditur,
1680 4009 1769 4065 pauca

123 4078 256 4150 singulari
280 4079 414 4134 monacho
438 4079 623 4152 assignatum
647 4080 696 4136 sed
720 4089 815 4152 postca
838 4080 920 4137 fixum
969 4079 1100 4135 dicamus.

123 4167 172 4223 suit
193 4176 219 4224 et
240 4168 345 4233 merito,
363 4167 427 4239 qnia
452 4169 487 4224 ad
508 4169 626 4239 politiam
651 4169 753 4225 ordinis
777 4170 922 4241 prudenter
1005 4167 1181 4239 amplissima
1196 4176 1236 4224 est
1252 4167 1298 4223 illa
1312 4185 1432 4235 eremus,
1444 4168 1538 4240 plures
1551 4169 1770 4226 habeusaltissi·

122 4256 320 4328 disponeudum
335 4257 375 4313 sio
389 4258 506 4312 maxime
521 4258 709 4313 conveniebat.
969 4272 1029 4311 mos
1043 4265 1149 4311 montes
1162 4265 1189 4312 et
1198 4255 1346 4326 profundas
1355 4256 1449 4322 valles,
1461 4256 1497 4332 ita
1512 4264 1541 4311 ut
1555 4257 1599 4312 vix
1609 4257 1688 4313 credi
1700 4275 1770 4330 pos·

157 4346 239 4401 Num.
250 4349 277 4401 l.
289 4348 349 4418 lpse
361 4351 456 4402 tornea
467 4349 554 4402 eremi
566 4349 710 4414 terminos,
719 4356 770 4403 etc.
780 4347 921 4402 Termino
970 4345 1005 4398 sit
1026 4353 1125 4416 quauta
1150 4345 1238 4415 spatia
1261 4344 1316 4400 illic
1339 4345 1529 4400 contineantur
1552 4360 1718 4416 pascuorum
1743 4355 1771 4402 et

124 4450 183 4488 rum
199 4434 307 4488 nomine
320 4435 392 4505 apud
407 4451 458 4489 nos
472 4434 660 4507 intelliguntur
675 4436 743 4491 certi
759 4436 859 4491 limites
873 4436 920 4491 de·
970 4449 1111 4487 nemorum
1126 4432 1197 4487 iutra
1220 4433 1328 4503 rupium
1348 4440 1483 4504 praerupta
1505 4434 1676 4488 nascentium
1692 4442 1718 4491 et
1733 4435 1770 4490 ibi

123 4521 236 4594 signari,
253 4521 322 4576 intra
342 4538 411 4593 quos
433 4530 559 4577 statutum
581 4522 630 4577 init
644 4524 677 4577 ab
700 4523 785 4589 inuio,
803 4532 831 4577 ut
853 4540 920 4594 pos·
970 4521 1152 4587 morientium,
1170 4521 1232 4592 quia
1247 4537 1300 4576 non
1316 4522 1446 4591 paletria
1461 4521 1496 4575 ad
1511 4521 1585 4594 ligna
1600 4521 1665 4576 inde
1680 4529 1769 4578 trans·

123 4609 262 4666 sessiones
277 4625 435 4680 possscmus
450 4611 634 4682 habereque
650 4610 850 4666 sufficerentad
866 4612 921 4667 sin·
970 4609 1113 4680 portanda,
1144 4619 1168 4664 et
1197 4609 1238 4663 bis
1263 4609 1418 4665 novissimis
1453 4616 1556 4664 tantum
1589 4610 1768 4682 temporibus,

124 4697 249 4769 gularum
264 4697 408 4752 domorum
418 4698 522 4752 ordinis
537 4699 769 4768 sustentationem,
781 4699 818 4754 ita
828 4708 855 4753 ut
866 4716 920 4754 non
970 4714 1031 4753 cum
1039 4697 1145 4768 magnis
1159 4698 1295 4752 laboribus
1304 4697 1374 4752 intra
1385 4698 1516 4770 quasdam
1528 4713 1610 4768 rupes
1620 4697 1663 4753 via
1673 4707 1771 4770 aperta

122 4786 309 4860 indigeremus
336 4785 429 4856 vagari
458 4793 485 4841 et
514 4802 636 4858 quaerere
660 4787 693 4841 ad
717 4788 921 4857 procurandum
971 4794 1021 4852 cst,
1045 4786 1122 4854 cujus
1145 4784 1276 4841 benolicio
1304 4786 1394 4857 aliqua
1416 4802 1479 4856 pars
1500 4786 1614 4841 istarum
1638 4787 1771 4843 silvarum

123 4874 289 4931 nobisuude
313 4883 547 4929 sustentaremur:
565 4875 629 4945 quia
651 4875 676 4929 id
701 4882 758 4930 erat
781 4876 921 4947 proposito
969 4882 1060 4945 potest
1088 4890 1149 4929 esse
1174 4874 1255 4942 utilis,
1285 4874 1468 4929 mediantibus
1497 4873 1610 4930 officinis
1635 4873 1769 4932 ferrariis.

123 4971 216 5019 nostro
240 4963 418 5028 contrarium,
435 4970 460 5016 et
475 4963 578 5032 absque
600 4962 683 5018 dnbio
697 4963 724 5018 in
749 4964 824 5019 brevi
849 4971 920 5019 tem·
970 4964 1036 5016 Tota
1052 4977 1117 5017 vero
1131 4962 1178 5016 illa
1194 4978 1303 5017 eremus
1318 4979 1373 5017 non
1396 4962 1510 5034 pertinet
1532 4963 1567 5017 ad
1589 4963 1769 5030 Caribusiam,

125 5066 191 5123 pore
219 5050 315 5106 luisset
337 5051 420 5106 nostri
448 5050 561 5104 instituti
586 5051 790 5108 destructirum.
816 5052 920 5123 Duplex
971 5051 1017 5105 sed
1035 5058 1136 5105 tantum
1157 5065 1256 5121 magna
1271 5050 1343 5106 illins
1357 5066 1431 5122 pars,
1450 5068 1510 5122 quse
1525 5051 1626 5107 sensim
1650 5052 1685 5107 ad
1700 5052 1771 5109 illius

127 5147 214 5196 tutem
238 5140 310 5210 apud
332 5155 382 5195 nos
403 5139 580 5194 terminorum
604 5139 711 5210 species
734 5140 918 5213 distinguitur,
971 5138 1174 5209 possessiouem
1198 5138 1316 5194 devenit.
1344 5137 1458 5207 Quando
1480 5141 1552 5195 enim
1573 5140 1655 5209 primi
1676 5148 1770 5212 patres

122 5243 238 5301 quorum
255 5243 308 5281 una
322 5227 538 5297 possessionum,
555 5227 605 5282 alia
625 5229 820 5285 monachorum
836 5244 920 5285 voca·
972 5228 1056 5282 nostri
1071 5227 1105 5281 ad
1120 5227 1290 5281 Cartlrnsiam
1312 5236 1454 5295 venerunt,
1472 5235 1581 5282 sanctus
1606 5228 1686 5300 llugo
1709 5229 1771 5300 epi·

117 5325 172 5373 tur.
198 5314 250 5383 Qui
279 5315 387 5369 termini
416 5317 610 5371 monachorum
639 5317 721 5389 louge
745 5317 953 5388 angustiorcsl)
969 5332 1068 5386 scopus
1092 5315 1375 5386 Gratianopolitanus,
1396 5324 1422 5371 et
1451 5315 1613 5372 venerabilis
1642 5317 1772 5390 Siguinus

119 5404 185 5461 olim
200 5411 278 5460 erant
289 5417 371 5474 quam
385 5404 589 5473 posscssionum
603 5420 609 5459 :
621 5421 682 5460 narn
692 5405 762 5459 intra
783 5420 830 5460 eos
851 5419 920 5461 con·
971 5404 1057 5459 abbas
1072 5404 1214 5460 Casae-Dei
1238 5404 1371 5459 dederunt
1386 5405 1414 5459 S.
1431 5405 1549 5460 Bruuoui
1564 5412 1590 5460 et
1614 5405 1697 5462 sociis
1712 5407 1772 5476 ejus

118 5492 282 5561 tinebantur,
299 5499 325 5548 et
340 5491 456 5567 spatium
478 5493 660 5569 designabant
671 5493 755 5567 iutra
771 5492 844 5567 quod
858 5508 920 5549 mo·
970 5492 1101 5566 quidquid
1113 5491 1182 5561 juris
1197 5492 1225 5548 ia
1239 5507 1271 5548 ea
1285 5493 1422 5549 habebant
1438 5511 1445 5548 ε
1460 5493 1510 5549 sed
1524 5500 1619 5564 postea
1641 5492 1730 5550 crerit
1743 5494 1771 5551 in
