<?xml version="1.0" encoding="UTF-8"?>
<!DOCTYPE html PUBLIC "-//W3C//DTD XHTML 1.0 Transitional//EN"
    "http://www.w3.org/TR/xhtml1/DTD/xhtml1-transitional.dtd">
<html xmlns="http://www.w3.org/1999/xhtml" xml:lang="en" lang="en">
 <head>
  <title>
</title>
<meta http-equiv="Content-Type" content="text/html;charset=utf-8" />
  <meta name='ocr-system' content='tesseract 3.04.00' />
  <meta name='ocr-capabilities' content='ocr_page ocr_carea ocr_par ocr_line ocrx_word'/>
</head>
<body>
  <div class='ocr_page' id='page_1' title='image "./patrologiaecurs20unkngoog/patrologiaecurs20unkngoog_0347.png"; bbox 0 0 3742 5986; ppageno 0'>
   <div class='ocr_carea' id='block_1_1' title="bbox 178 120 1828 223">
    <p class='ocr_par' dir='ltr' id='par_1_1' title="bbox 178 120 1828 223">
     <span class='ocr_line' id='line_1_1' title="bbox 178 120 1828 223; baseline -0.009 0"><span class='ocrx_word' id='word_1_1' title='bbox 178 170 229 223; x_wconf 82' lang='lat' dir='ltr'><strong>aaa</strong></span> <span class='ocrx_word' id='word_1_2' title='bbox 600 163 771 222; x_wconf 83' lang='lat' dir='ltr'><strong>aurcouxs</strong></span> <span class='ocrx_word' id='word_1_3' title='bbox 791 165 801 218; x_wconf 94' lang='lat'><em>1</em></span> <span class='ocrx_word' id='word_1_4' title='bbox 820 159 1023 218; x_wconf 80' lang='lat' dir='ltr'><strong>cauruusun</strong></span> <span class='ocrx_word' id='word_1_5' title='bbox 1041 157 1189 215; x_wconf 83' lang='lat' dir='ltr'><strong>xxxoaxs</strong></span> <span class='ocrx_word' id='word_1_6' title='bbox 1207 157 1346 215; x_wconf 82' lang='lat' dir='ltr'><strong>amoma</strong></span> <span class='ocrx_word' id='word_1_7' title='bbox 1368 157 1403 212; x_wconf 89' lang='lat' dir='ltr'><strong>v.</strong></span> <span class='ocrx_word' id='word_1_8' title='bbox 1687 120 1694 127; x_wconf 70' lang='grc'><strong>’</strong></span> <span class='ocrx_word' id='word_1_9' title='bbox 1777 152 1828 208; x_wconf 81' lang='lat' dir='ltr'><strong>aaa</strong></span> 
     </span>
    </p>
   </div>
   <div class='ocr_carea' id='block_1_2' title="bbox 154 273 1828 1339">
    <p class='ocr_par' dir='ltr' id='par_1_2' title="bbox 154 273 1826 850">
     <span class='ocr_line' id='line_1_2' title="bbox 213 273 1826 359; baseline -0.011 -11"><span class='ocrx_word' id='word_1_10' title='bbox 213 295 240 348; x_wconf 73' lang='lat'><strong>2.</strong></span> <span class='ocrx_word' id='word_1_11' title='bbox 259 292 299 346; x_wconf 80' lang='lat' dir='ltr'><strong>Ad</strong></span> <span class='ocrx_word' id='word_1_12' title='bbox 315 292 408 346; x_wconf 90' lang='lat' dir='ltr'><strong>datum</strong></span> <span class='ocrx_word' id='word_1_13' title='bbox 422 299 511 347; x_wconf 89' lang='lat' dir='ltr'><strong>autem</strong></span> <span class='ocrx_word' id='word_1_14' title='bbox 526 291 670 346; x_wconf 90' lang='lat' dir='ltr'><strong>terminum</strong></span> <span class='ocrx_word' id='word_1_15' title='bbox 685 290 807 358; x_wconf 89' lang='lat' dir='ltr'><strong>veniens,</strong></span> <span class='ocrx_word' id='word_1_16' title='bbox 823 296 886 359; x_wconf 91' lang='lat' dir='ltr'><strong>post</strong></span> <span class='ocrx_word' id='word_1_17' title='bbox 914 284 1065 357; x_wconf 71' lang='lat' dir='ltr'>supplicem</span> <span class='ocrx_word' id='word_1_18' title='bbox 1091 283 1118 337; x_wconf 92' lang='lat' dir='ltr'><strong>in</strong></span> <span class='ocrx_word' id='word_1_19' title='bbox 1146 291 1281 339; x_wconf 90' lang='lat' dir='ltr'><strong>conventu</strong></span> <span class='ocrx_word' id='word_1_20' title='bbox 1296 280 1518 352; x_wconf 81' lang='lat' dir='ltr'><strong>postulationem,</strong></span> <span class='ocrx_word' id='word_1_21' title='bbox 1533 279 1560 334; x_wconf 93' lang='lat' dir='ltr'><strong>in</strong></span> <span class='ocrx_word' id='word_1_22' title='bbox 1574 277 1776 334; x_wconf 77' lang='lat' dir='ltr'>examinatione</span> <span class='ocrx_word' id='word_1_23' title='bbox 1791 273 1826 330; x_wconf 90' lang='lat' dir='ltr'><strong>ad</strong></span> 
     </span>
     <span class='ocr_line' id='line_1_3' title="bbox 177 373 1824 460; baseline -0.008 -19"><span class='ocrx_word' id='word_1_24' title='bbox 177 388 267 442; x_wconf 90' lang='lat' dir='ltr'><strong>minus</strong></span> <span class='ocrx_word' id='word_1_25' title='bbox 282 404 372 443; x_wconf 88' lang='lat' dir='ltr'><strong>annua</strong></span> <span class='ocrx_word' id='word_1_26' title='bbox 388 390 505 460; x_wconf 91' lang='lat' dir='ltr'><strong>ponitur,</strong></span> <span class='ocrx_word' id='word_1_27' title='bbox 523 389 578 444; x_wconf 89' lang='lat' dir='ltr'><strong>suis</strong></span> <span class='ocrx_word' id='word_1_28' title='bbox 593 389 719 443; x_wconf 89' lang='lat' dir='ltr'><strong>omnibus</strong></span> <span class='ocrx_word' id='word_1_29' title='bbox 731 387 838 459; x_wconf 87' lang='lat' dir='ltr'><strong>integre</strong></span> <span class='ocrx_word' id='word_1_30' title='bbox 852 400 939 456; x_wconf 88' lang='lat' dir='ltr'><strong>usque</strong></span> <span class='ocrx_word' id='word_1_31' title='bbox 953 383 987 439; x_wconf 95' lang='lat' dir='ltr'><strong>ad</strong></span> <span class='ocrx_word' id='word_1_32' title='bbox 1001 383 1074 438; x_wconf 93' lang='lat' dir='ltr'><strong>diem</strong></span> <span class='ocrx_word' id='word_1_33' title='bbox 1087 380 1266 453; x_wconf 81' lang='lat' dir='ltr'>professionis</span> <span class='ocrx_word' id='word_1_34' title='bbox 1281 379 1390 436; x_wconf 91' lang='lat' dir='ltr'><strong>omnino</strong></span> <span class='ocrx_word' id='word_1_35' title='bbox 1402 378 1557 434; x_wconf 80' lang='lat' dir='ltr'><strong>reservatis.</strong></span> <span class='ocrx_word' id='word_1_36' title='bbox 1570 376 1650 445; x_wconf 88' lang='lat' dir='ltr'><strong>Quod</strong></span> <span class='ocrx_word' id='word_1_37' title='bbox 1665 376 1690 431; x_wconf 92' lang='lat' dir='ltr'><strong>ei</strong></span> <span class='ocrx_word' id='word_1_38' title='bbox 1706 373 1824 430; x_wconf 91' lang='lat' dir='ltr'><strong>nonnisi</strong></span> 
     </span>
     <span class='ocr_line' id='line_1_4' title="bbox 177 472 1825 556; baseline -0.007 -18"><span class='ocrx_word' id='word_1_39' title='bbox 177 485 228 539; x_wconf 91' lang='lat' dir='ltr'><strong>sub</strong></span> <span class='ocrx_word' id='word_1_40' title='bbox 243 485 291 540; x_wconf 88' lang='lat' dir='ltr'><strong>tali</strong></span> <span class='ocrx_word' id='word_1_41' title='bbox 304 486 451 556; x_wconf 85' lang='lat' dir='ltr'><strong>sponsione</strong></span> <span class='ocrx_word' id='word_1_42' title='bbox 465 486 634 552; x_wconf 91' lang='lat' dir='ltr'><strong>conceditur,</strong></span> <span class='ocrx_word' id='word_1_43' title='bbox 652 492 680 540; x_wconf 92' lang='lat' dir='ltr'><strong>ut</strong></span> <span class='ocrx_word' id='word_1_44' title='bbox 696 486 719 539; x_wconf 93' lang='lat' dir='ltr'><strong>si</strong></span> <span class='ocrx_word' id='word_1_45' title='bbox 734 484 803 540; x_wconf 86' lang='lat' dir='ltr'><strong>forte</strong></span> <span class='ocrx_word' id='word_1_46' title='bbox 819 492 942 539; x_wconf 89' lang='lat' dir='ltr'><strong>nostrum</strong></span> <span class='ocrx_word' id='word_1_47' title='bbox 957 479 1110 554; x_wconf 87' lang='lat' dir='ltr'><strong>nequiverit</strong></span> <span class='ocrx_word' id='word_1_48' title='bbox 1124 487 1171 535; x_wconf 90' lang='lat' dir='ltr'><strong>aut</strong></span> <span class='ocrx_word' id='word_1_49' title='bbox 1186 478 1300 533; x_wconf 90' lang='lat' dir='ltr'><strong>noluerit</strong></span> <span class='ocrx_word' id='word_1_50' title='bbox 1316 478 1431 533; x_wconf 89' lang='lat' dir='ltr'><strong>tolerare</strong></span> <span class='ocrx_word' id='word_1_51' title='bbox 1445 475 1622 547; x_wconf 88' lang='lat' dir='ltr'><strong>propositum,</strong></span> <span class='ocrx_word' id='word_1_52' title='bbox 1640 474 1675 529; x_wconf 91' lang='lat' dir='ltr'><strong>ad</strong></span> <span class='ocrx_word' id='word_1_53' title='bbox 1691 472 1825 529; x_wconf 64' lang='lat' dir='ltr'><strong>wculurn</strong></span> 
     </span>
     <span class='ocr_line' id='line_1_5' title="bbox 154 569 1826 656; baseline -0.008 -18"><span class='ocrx_word' id='word_1_54' title='bbox 154 621 156 624; x_wconf 29' lang='grc' dir='ltr'>ψ</span> <span class='ocrx_word' id='word_1_55' title='bbox 176 600 346 655; x_wconf 90' lang='lat' dir='ltr'><strong>nequaquam</strong></span> <span class='ocrx_word' id='word_1_56' title='bbox 361 585 463 651; x_wconf 88' lang='lat' dir='ltr'><strong>redeat,</strong></span> <span class='ocrx_word' id='word_1_57' title='bbox 482 584 530 639; x_wconf 90' lang='lat' dir='ltr'><strong>sed</strong></span> <span class='ocrx_word' id='word_1_58' title='bbox 545 583 655 656; x_wconf 83' lang='lat' dir='ltr'><strong>aliquod</strong></span> <span class='ocrx_word' id='word_1_59' title='bbox 670 584 759 654; x_wconf 89' lang='lat' dir='ltr'><strong>potius</strong></span> <span class='ocrx_word' id='word_1_60' title='bbox 773 582 844 636; x_wconf 90' lang='lat' dir='ltr'><strong>aliud</strong></span> <span class='ocrx_word' id='word_1_61' title='bbox 873 578 1013 652; x_wconf 82' lang='lat' dir='ltr'><strong>religionis</strong></span> <span class='ocrx_word' id='word_1_62' title='bbox 1028 593 1116 650; x_wconf 90' lang='lat' dir='ltr'><strong>genus</strong></span> <span class='ocrx_word' id='word_1_63' title='bbox 1140 576 1212 649; x_wconf 90' lang='lat' dir='ltr'><strong>quod</strong></span> <span class='ocrx_word' id='word_1_64' title='bbox 1239 575 1313 630; x_wconf 82' lang='lat' dir='ltr'><strong>serre</strong></span> <span class='ocrx_word' id='word_1_65' title='bbox 1327 575 1413 646; x_wconf 85' lang='lat' dir='ltr'><strong>possit</strong></span> <span class='ocrx_word' id='word_1_66' title='bbox 1427 573 1552 645; x_wconf 91' lang='lat' dir='ltr'><strong>accipiat.</strong></span> <span class='ocrx_word' id='word_1_67' title='bbox 1568 571 1649 641; x_wconf 87' lang='lat' dir='ltr'><strong>Quod</strong></span> <span class='ocrx_word' id='word_1_68' title='bbox 1671 571 1697 626; x_wconf 92' lang='lat' dir='ltr'><strong>si</strong></span> <span class='ocrx_word' id='word_1_69' title='bbox 1719 571 1748 626; x_wconf 88' lang='lat' dir='ltr'><strong>in</strong></span> <span class='ocrx_word' id='word_1_70' title='bbox 1766 569 1826 641; x_wconf 85' lang='lat' dir='ltr'><strong>ipsa</strong></span> 
     </span>
     <span class='ocr_line' id='line_1_6' title="bbox 177 670 1826 751; baseline -0.008 -15"><span class='ocrx_word' id='word_1_71' title='bbox 177 681 377 738; x_wconf 82' lang='lat' dir='ltr'><strong>examinatione</strong></span> <span class='ocrx_word' id='word_1_72' title='bbox 396 682 569 738; x_wconf 89' lang='lat' dir='ltr'><strong>laudabiliter</strong></span> <span class='ocrx_word' id='word_1_73' title='bbox 584 699 614 737; x_wconf 91' lang='lat' dir='ltr'><strong>se</strong></span> <span class='ocrx_word' id='word_1_74' title='bbox 628 682 734 737; x_wconf 91' lang='lat' dir='ltr'><strong>habens</strong></span> <span class='ocrx_word' id='word_1_75' title='bbox 748 688 872 736; x_wconf 88' lang='lat' dir='ltr'><strong>mortuus</strong></span> <span class='ocrx_word' id='word_1_76' title='bbox 887 678 976 747; x_wconf 83' lang='lat' dir='ltr'><strong>luerit,</strong></span> <span class='ocrx_word' id='word_1_77' title='bbox 993 676 1124 751; x_wconf 92' lang='lat' dir='ltr'><strong>quidquid</strong></span> <span class='ocrx_word' id='word_1_78' title='bbox 1147 691 1197 747; x_wconf 91' lang='lat' dir='ltr'><strong>pro</strong></span> <span class='ocrx_word' id='word_1_79' title='bbox 1217 674 1343 746; x_wconf 82' lang='lat' dir='ltr'><strong>professo</strong></span> <span class='ocrx_word' id='word_1_80' title='bbox 1362 680 1389 728; x_wconf 90' lang='lat' dir='ltr'><strong>et</strong></span> <span class='ocrx_word' id='word_1_81' title='bbox 1417 687 1525 729; x_wconf 84' lang='lat' dir='ltr'><strong>sacrum</strong></span> <span class='ocrx_word' id='word_1_82' title='bbox 1551 670 1673 727; x_wconf 89' lang='lat' dir='ltr'><strong>habitum</strong></span> <span class='ocrx_word' id='word_1_83' title='bbox 1699 674 1826 743; x_wconf 76' lang='lat' dir='ltr'><strong>gestante</strong></span> 
     </span>
     <span class='ocr_line' id='line_1_7' title="bbox 176 776 705 850; baseline 0 -18"><span class='ocrx_word' id='word_1_84' title='bbox 176 776 301 844; x_wconf 81' lang='lat' dir='ltr'><strong>iacimus,</strong></span> <span class='ocrx_word' id='word_1_85' title='bbox 315 795 365 850; x_wconf 91' lang='lat' dir='ltr'><strong>pro</strong></span> <span class='ocrx_word' id='word_1_86' title='bbox 380 795 413 834; x_wconf 89' lang='lat' dir='ltr'><strong>eo</strong></span> <span class='ocrx_word' id='word_1_87' title='bbox 429 778 551 834; x_wconf 87' lang='lat' dir='ltr'><strong>similiter</strong></span> <span class='ocrx_word' id='word_1_88' title='bbox 565 777 705 834; x_wconf 86' lang='lat' dir='ltr'><strong>faciemus.</strong></span> 
     </span>
    </p>

    <p class='ocr_par' dir='ltr' id='par_1_3' title="bbox 176 863 1828 1044">
     <span class='ocr_line' id='line_1_8' title="bbox 212 863 1828 946; baseline -0.006 -17"><span class='ocrx_word' id='word_1_89' title='bbox 212 878 238 929; x_wconf 85' lang='grc'><strong>3.</strong></span> <span class='ocrx_word' id='word_1_90' title='bbox 255 875 303 929; x_wconf 89' lang='lat' dir='ltr'><strong>Cui</strong></span> <span class='ocrx_word' id='word_1_91' title='bbox 318 875 346 929; x_wconf 92' lang='lat' dir='ltr'><strong>in</strong></span> <span class='ocrx_word' id='word_1_92' title='bbox 360 875 458 931; x_wconf 93' lang='lat' dir='ltr'><strong>cellam</strong></span> <span class='ocrx_word' id='word_1_93' title='bbox 474 875 626 931; x_wconf 88' lang='lat' dir='ltr'><strong>introducto</strong></span> <span class='ocrx_word' id='word_1_94' title='bbox 640 875 778 930; x_wconf 89' lang='lat' dir='ltr'><strong>seniomm</strong></span> <span class='ocrx_word' id='word_1_95' title='bbox 793 874 892 946; x_wconf 89' lang='lat' dir='ltr'><strong>aliquis</strong></span> <span class='ocrx_word' id='word_1_96' title='bbox 907 874 1060 945; x_wconf 88' lang='lat' dir='ltr'><strong>deputatur,</strong></span> <span class='ocrx_word' id='word_1_97' title='bbox 1077 873 1122 945; x_wconf 92' lang='lat' dir='ltr'><strong>qui</strong></span> <span class='ocrx_word' id='word_1_98' title='bbox 1149 887 1211 927; x_wconf 91' lang='lat' dir='ltr'><strong>eum</strong></span> <span class='ocrx_word' id='word_1_99' title='bbox 1226 886 1276 942; x_wconf 91' lang='lat' dir='ltr'><strong>per</strong></span> <span class='ocrx_word' id='word_1_100' title='bbox 1304 884 1395 936; x_wconf 91' lang='lat' dir='ltr'><strong>unam,</strong></span> <span class='ocrx_word' id='word_1_101' title='bbox 1411 867 1455 924; x_wconf 82' lang='lat' dir='ltr'><strong>rel</strong></span> <span class='ocrx_word' id='word_1_102' title='bbox 1469 866 1586 939; x_wconf 87' lang='lat' dir='ltr'><strong>amplius</strong></span> <span class='ocrx_word' id='word_1_103' title='bbox 1599 866 1624 922; x_wconf 88' lang='lat' dir='ltr'><strong>si</strong></span> <span class='ocrx_word' id='word_1_104' title='bbox 1637 881 1710 938; x_wconf 86' lang='lat' dir='ltr'><strong>opus</strong></span> <span class='ocrx_word' id='word_1_105' title='bbox 1737 863 1828 933; x_wconf 89' lang='lat' dir='ltr'><strong>luerit,</strong></span> 
     </span>
     <span class='ocr_line' id='line_1_9' title="bbox 176 970 1214 1044; baseline -0.002 -19"><span class='ocrx_word' id='word_1_106' title='bbox 176 972 386 1039; x_wconf 88' lang='lat' dir='ltr'><strong>hebdomadam,</strong></span> <span class='ocrx_word' id='word_1_107' title='bbox 401 973 476 1029; x_wconf 90' lang='lat' dir='ltr'><strong>lxoris</strong></span> <span class='ocrx_word' id='word_1_108' title='bbox 493 973 711 1044; x_wconf 81' lang='lat' dir='ltr'><strong>competentibus</strong></span> <span class='ocrx_word' id='word_1_109' title='bbox 725 971 848 1038; x_wconf 83' lang='lat' dir='ltr'><strong>visitans,</strong></span> <span class='ocrx_word' id='word_1_110' title='bbox 864 971 899 1026; x_wconf 94' lang='lat' dir='ltr'><strong>de</strong></span> <span class='ocrx_word' id='word_1_111' title='bbox 914 970 1077 1027; x_wconf 88' lang='lat' dir='ltr'><strong>necessariis</strong></span> <span class='ocrx_word' id='word_1_112' title='bbox 1089 970 1214 1024; x_wconf 89' lang='lat' dir='ltr'><strong>instruat.</strong></span> 
     </span>
    </p>

    <p class='ocr_par' dir='ltr' id='par_1_4' title="bbox 175 1060 1826 1339">
     <span class='ocr_line' id='line_1_10' title="bbox 211 1060 1826 1141; baseline -0.005 -17"><span class='ocrx_word' id='word_1_113' title='bbox 211 1071 238 1124; x_wconf 80' lang='lat' dir='ltr'><strong>l.</strong></span> <span class='ocrx_word' id='word_1_114' title='bbox 255 1068 306 1138; x_wconf 87' lang='lat' dir='ltr'><strong>Qui</strong></span> <span class='ocrx_word' id='word_1_115' title='bbox 321 1078 409 1126; x_wconf 90' lang='lat' dir='ltr'><strong>tamen</strong></span> <span class='ocrx_word' id='word_1_116' title='bbox 424 1070 523 1126; x_wconf 89' lang='lat' dir='ltr'><strong>blande</strong></span> <span class='ocrx_word' id='word_1_117' title='bbox 538 1069 691 1141; x_wconf 91' lang='lat' dir='ltr'><strong>leniterque</strong></span> <span class='ocrx_word' id='word_1_118' title='bbox 705 1067 823 1123; x_wconf 86' lang='lat' dir='ltr'><strong>maxime</strong></span> <span class='ocrx_word' id='word_1_119' title='bbox 839 1074 969 1123; x_wconf 90' lang='lat' dir='ltr'><strong>tractatur</strong></span> <span class='ocrx_word' id='word_1_120' title='bbox 983 1067 1011 1122; x_wconf 93' lang='lat' dir='ltr'><strong>in</strong></span> <span class='ocrx_word' id='word_1_121' title='bbox 1025 1067 1129 1138; x_wconf 76' lang='lat' dir='ltr'><strong>prImis,</strong></span> <span class='ocrx_word' id='word_1_122' title='bbox 1146 1083 1197 1123; x_wconf 91' lang='lat' dir='ltr'><strong>nec</strong></span> <span class='ocrx_word' id='word_1_123' title='bbox 1219 1067 1244 1122; x_wconf 91' lang='lat' dir='ltr'><strong>ei</strong></span> <span class='ocrx_word' id='word_1_124' title='bbox 1260 1074 1343 1122; x_wconf 89' lang='lat' dir='ltr'><strong>totam</strong></span> <span class='ocrx_word' id='word_1_125' title='bbox 1373 1066 1463 1122; x_wconf 87' lang='lat' dir='ltr'><strong>subito</strong></span> <span class='ocrx_word' id='word_1_126' title='bbox 1486 1063 1659 1121; x_wconf 88' lang='lat' dir='ltr'><strong>institutionis</strong></span> <span class='ocrx_word' id='word_1_127' title='bbox 1689 1060 1826 1134; x_wconf 86' lang='lat' dir='ltr'><strong>asperita-</strong></span> 
     </span>
     <span class='ocr_line' id='line_1_11' title="bbox 175 1158 1826 1238; baseline -0.003 -18"><span class='ocrx_word' id='word_1_128' title='bbox 175 1174 230 1222; x_wconf 91' lang='lat' dir='ltr'><strong>tem</strong></span> <span class='ocrx_word' id='word_1_129' title='bbox 243 1167 336 1223; x_wconf 91' lang='lat' dir='ltr'><strong>subire</strong></span> <span class='ocrx_word' id='word_1_130' title='bbox 351 1167 519 1238; x_wconf 85' lang='lat' dir='ltr'><strong>conceditur,</strong></span> <span class='ocrx_word' id='word_1_131' title='bbox 536 1168 584 1223; x_wconf 93' lang='lat' dir='ltr'><strong>sed</strong></span> <span class='ocrx_word' id='word_1_132' title='bbox 599 1166 739 1238; x_wconf 85' lang='lat' dir='ltr'><strong>paulatim,</strong></span> <span class='ocrx_word' id='word_1_133' title='bbox 756 1174 782 1220; x_wconf 91' lang='lat' dir='ltr'><strong>et</strong></span> <span class='ocrx_word' id='word_1_134' title='bbox 797 1174 825 1221; x_wconf 91' lang='lat' dir='ltr'><strong>ut</strong></span> <span class='ocrx_word' id='word_1_135' title='bbox 838 1165 906 1220; x_wconf 92' lang='lat' dir='ltr'><strong>ratio</strong></span> <span class='ocrx_word' id='word_1_136' title='bbox 921 1165 965 1221; x_wconf 90' lang='lat' dir='ltr'><strong>vel</strong></span> <span class='ocrx_word' id='word_1_137' title='bbox 978 1166 1127 1221; x_wconf 84' lang='lat' dir='ltr'><strong>necessitas</strong></span> <span class='ocrx_word' id='word_1_138' title='bbox 1148 1164 1287 1236; x_wconf 90' lang='lat' dir='ltr'><strong>postulare</strong></span> <span class='ocrx_word' id='word_1_139' title='bbox 1302 1165 1427 1231; x_wconf 72' lang='lat' dir='ltr'><strong>videtur,</strong></span> <span class='ocrx_word' id='word_1_140' title='bbox 1444 1178 1507 1220; x_wconf 89' lang='lat' dir='ltr'><strong>nam</strong></span> <span class='ocrx_word' id='word_1_141' title='bbox 1522 1170 1550 1219; x_wconf 91' lang='lat' dir='ltr'><strong>et</strong></span> <span class='ocrx_word' id='word_1_142' title='bbox 1570 1177 1632 1218; x_wconf 91' lang='lat' dir='ltr'><strong>cum</strong></span> <span class='ocrx_word' id='word_1_143' title='bbox 1662 1158 1826 1232; x_wconf 89' lang='lat' dir='ltr'><strong>coquinario</strong></span> 
     </span>
     <span class='ocr_line' id='line_1_12' title="bbox 176 1262 1181 1339; baseline -0.004 -19"><span class='ocrx_word' id='word_1_144' title='bbox 176 1267 338 1339; x_wconf 88' lang='lat' dir='ltr'><strong>quandoque</strong></span> <span class='ocrx_word' id='word_1_145' title='bbox 352 1266 482 1339; x_wconf 92' lang='lat' dir='ltr'><strong>loquendi</strong></span> <span class='ocrx_word' id='word_1_146' title='bbox 496 1265 632 1322; x_wconf 90' lang='lat' dir='ltr'><strong>licentiam</strong></span> <span class='ocrx_word' id='word_1_147' title='bbox 648 1265 739 1332; x_wconf 90' lang='lat' dir='ltr'><strong>habet,</strong></span> <span class='ocrx_word' id='word_1_148' title='bbox 756 1272 782 1320; x_wconf 93' lang='lat' dir='ltr'><strong>et</strong></span> <span class='ocrx_word' id='word_1_149' title='bbox 796 1280 811 1319; x_wconf 96' lang='lat' dir='ltr'><strong>a</strong></span> <span class='ocrx_word' id='word_1_150' title='bbox 824 1263 914 1335; x_wconf 88' lang='lat' dir='ltr'><strong>priore</strong></span> <span class='ocrx_word' id='word_1_151' title='bbox 933 1262 1033 1335; x_wconf 79' lang='lat' dir='ltr'><strong>saepius</strong></span> <span class='ocrx_word' id='word_1_152' title='bbox 1048 1262 1181 1319; x_wconf 89' lang='lat' dir='ltr'><strong>visitatur.</strong></span> 
     </span>
    </p>
   </div>
   <div class='ocr_carea' id='block_1_3' title="bbox 931 1463 1217 1521">
    <p class='ocr_par' dir='ltr' id='par_1_5' title="bbox 931 1463 1217 1521">
     <span class='ocr_line' id='line_1_13' title="bbox 931 1463 1217 1521; baseline -0.003 -1"><span class='ocrx_word' id='word_1_153' title='bbox 931 1463 1217 1521; x_wconf 75' lang='lat' dir='ltr'><strong>COMMENTARIUS.</strong></span> 
     </span>
    </p>
   </div>
   <div class='ocr_carea' id='block_1_4' title="bbox 150 1610 1831 5576">
    <p class='ocr_par' dir='ltr' id='par_1_6' title="bbox 150 1610 1831 5576">
     <span class='ocr_line' id='line_1_14' title="bbox 175 1610 1831 1690; baseline -0.003 -16"><span class='ocrx_word' id='word_1_154' title='bbox 175 1616 210 1674; x_wconf 88' lang='lat' dir='ltr'><strong>sit</strong></span> <span class='ocrx_word' id='word_1_155' title='bbox 224 1627 251 1673; x_wconf 90' lang='lat' dir='ltr'><strong>ut</strong></span> <span class='ocrx_word' id='word_1_156' title='bbox 262 1618 289 1673; x_wconf 94' lang='lat' dir='ltr'><strong>in</strong></span> <span class='ocrx_word' id='word_1_157' title='bbox 304 1618 404 1675; x_wconf 92' lang='lat' dir='ltr'><strong>chartis</strong></span> <span class='ocrx_word' id='word_1_158' title='bbox 419 1618 613 1690; x_wconf 82' lang='lat' dir='ltr'><strong>capitularibus</strong></span> <span class='ocrx_word' id='word_1_159' title='bbox 636 1618 779 1674; x_wconf 91' lang='lat' dir='ltr'><strong>domorum</strong></span> <span class='ocrx_word' id='word_1_160' title='bbox 802 1616 906 1673; x_wconf 90' lang='lat' dir='ltr'><strong>ordinis</strong></span> <span class='ocrx_word' id='word_1_161' title='bbox 920 1619 1011 1679; x_wconf 72' lang='grc' dir='ltr'>ιιι-Δ</span> <span class='ocrx_word' id='word_1_162' title='bbox 1025 1633 1080 1673; x_wconf 93' lang='lat' dir='ltr'><strong>non</strong></span> <span class='ocrx_word' id='word_1_163' title='bbox 1095 1618 1176 1685; x_wconf 90' lang='lat' dir='ltr'><strong>adsit,</strong></span> <span class='ocrx_word' id='word_1_164' title='bbox 1189 1625 1215 1672; x_wconf 93' lang='lat' dir='ltr'><strong>et</strong></span> <span class='ocrx_word' id='word_1_165' title='bbox 1230 1618 1298 1672; x_wconf 91' lang='lat' dir='ltr'><strong>alius</strong></span> <span class='ocrx_word' id='word_1_166' title='bbox 1308 1617 1423 1674; x_wconf 90' lang='lat' dir='ltr'><strong>idoneus</strong></span> <span class='ocrx_word' id='word_1_167' title='bbox 1438 1632 1468 1673; x_wconf 89' lang='lat' dir='ltr'><strong>se</strong></span> <span class='ocrx_word' id='word_1_168' title='bbox 1482 1623 1637 1689; x_wconf 70' lang='lat' dir='ltr'><strong>presentet,</strong></span> <span class='ocrx_word' id='word_1_169' title='bbox 1647 1610 1831 1671; x_wconf 80' lang='lat' dir='ltr'><strong>illumliberat</strong></span> 
     </span>
     <span class='ocr_line' id='line_1_15' title="bbox 175 1704 1824 1779; baseline -0.002 -18"><span class='ocrx_word' id='word_1_170' title='bbox 175 1708 249 1762; x_wconf 86' lang='lat' dir='ltr'><strong>mina</strong></span> <span class='ocrx_word' id='word_1_171' title='bbox 263 1706 360 1762; x_wconf 92' lang='lat' dir='ltr'><strong>ordine</strong></span> <span class='ocrx_word' id='word_1_172' title='bbox 374 1707 541 1779; x_wconf 90' lang='lat' dir='ltr'><strong>antiquitatis</strong></span> <span class='ocrx_word' id='word_1_173' title='bbox 556 1707 694 1779; x_wconf 84' lang='lat' dir='ltr'><strong>sigillatim</strong></span> <span class='ocrx_word' id='word_1_174' title='bbox 722 1706 885 1775; x_wconf 86' lang='lat' dir='ltr'><strong>scribantur,</strong></span> <span class='ocrx_word' id='word_1_175' title='bbox 906 1705 974 1760; x_wconf 93' lang='lat' dir='ltr'><strong>etin</strong></span> <span class='ocrx_word' id='word_1_176' title='bbox 1022 1706 1184 1778; x_wconf 78' lang='lat' dir='ltr'><strong>recipimuS,</strong></span> <span class='ocrx_word' id='word_1_177' title='bbox 1201 1707 1264 1778; x_wconf 92' lang='lat' dir='ltr'><strong>quia</strong></span> <span class='ocrx_word' id='word_1_178' title='bbox 1279 1721 1295 1760; x_wconf 91' lang='lat' dir='ltr'><strong>a</strong></span> <span class='ocrx_word' id='word_1_179' title='bbox 1310 1706 1491 1777; x_wconf 87' lang='lat' dir='ltr'><strong>promissione</strong></span> <span class='ocrx_word' id='word_1_180' title='bbox 1517 1713 1609 1761; x_wconf 88' lang='lat' dir='ltr'><strong>nostra</strong></span> <span class='ocrx_word' id='word_1_181' title='bbox 1623 1704 1705 1760; x_wconf 91' lang='lat' dir='ltr'><strong>liberi</strong></span> <span class='ocrx_word' id='word_1_182' title='bbox 1721 1717 1824 1758; x_wconf 87' lang='lat' dir='ltr'><strong>sumus.</strong></span> 
     </span>
     <span class='ocr_line' id='line_1_16' title="bbox 175 1793 1823 1867; baseline -0.002 -17"><span class='ocrx_word' id='word_1_183' title='bbox 175 1795 290 1867; x_wconf 87' lang='lat' dir='ltr'><strong>singulis</strong></span> <span class='ocrx_word' id='word_1_184' title='bbox 305 1796 409 1851; x_wconf 90' lang='lat' dir='ltr'><strong>dicatur</strong></span> <span class='ocrx_word' id='word_1_185' title='bbox 432 1796 515 1866; x_wconf 88' lang='lat' dir='ltr'><strong>priori</strong></span> <span class='ocrx_word' id='word_1_186' title='bbox 535 1795 632 1850; x_wconf 89' lang='lat' dir='ltr'><strong>domus</strong></span> <span class='ocrx_word' id='word_1_187' title='bbox 652 1795 686 1849; x_wconf 92' lang='lat' dir='ltr'><strong>N.</strong></span> <span class='ocrx_word' id='word_1_188' title='bbox 705 1810 711 1848; x_wconf 94' lang='lat'>:</span> <span class='ocrx_word' id='word_1_189' title='bbox 728 1796 788 1851; x_wconf 85' lang='lat' dir='ltr'><strong>Non</strong></span> <span class='ocrx_word' id='word_1_190' title='bbox 809 1795 842 1864; x_wconf 80' lang='lat' dir='ltr'><strong>fit</strong></span> <span class='ocrx_word' id='word_1_191' title='bbox 858 1794 973 1850; x_wconf 85' lang='lat' dir='ltr'><strong>miseri-</strong></span> <span class='ocrx_word' id='word_1_192' title='bbox 1058 1795 1139 1850; x_wconf 91' lang='lat' dir='ltr'><strong>Num.</strong></span> <span class='ocrx_word' id='word_1_193' title='bbox 1156 1798 1183 1852; x_wconf 77' lang='lat'><strong>2.</strong></span> <span class='ocrx_word' id='word_1_194' title='bbox 1201 1795 1278 1862; x_wconf 83' lang='lat' dir='ltr'><strong>Quod</strong></span> <span class='ocrx_word' id='word_1_195' title='bbox 1293 1797 1319 1850; x_wconf 81' lang='lat' dir='ltr'><strong>ei</strong></span> <span class='ocrx_word' id='word_1_196' title='bbox 1334 1811 1391 1851; x_wconf 83' lang='lat' dir='ltr'><strong>non</strong></span> <span class='ocrx_word' id='word_1_197' title='bbox 1402 1796 1460 1851; x_wconf 81' lang='lat' dir='ltr'><strong>nisi</strong></span> <span class='ocrx_word' id='word_1_198' title='bbox 1470 1795 1520 1851; x_wconf 85' lang='lat' dir='ltr'><strong>sub</strong></span> <span class='ocrx_word' id='word_1_199' title='bbox 1533 1796 1586 1850; x_wconf 85' lang='lat' dir='ltr'><strong>tati</strong></span> <span class='ocrx_word' id='word_1_200' title='bbox 1596 1793 1759 1866; x_wconf 78' lang='lat' dir='ltr'><strong>sponsione,</strong></span> <span class='ocrx_word' id='word_1_201' title='bbox 1771 1798 1823 1847; x_wconf 88' lang='lat' dir='ltr'><strong>etc.</strong></span> 
     </span>
     <span class='ocr_line' id='line_1_17' title="bbox 175 1879 1825 1955; baseline -0.003 -16"><span class='ocrx_word' id='word_1_202' title='bbox 175 1884 281 1950; x_wconf 82' lang='lat' dir='ltr'><strong>cordia,</strong></span> <span class='ocrx_word' id='word_1_203' title='bbox 305 1884 333 1938; x_wconf 93' lang='lat' dir='ltr'><strong>id</strong></span> <span class='ocrx_word' id='word_1_204' title='bbox 349 1891 390 1938; x_wconf 93' lang='lat' dir='ltr'><strong>est</strong></span> <span class='ocrx_word' id='word_1_205' title='bbox 406 1883 500 1955; x_wconf 89' lang='lat' dir='ltr'><strong>petitio</strong></span> <span class='ocrx_word' id='word_1_206' title='bbox 514 1884 563 1939; x_wconf 92' lang='lat' dir='ltr'><strong>illa</strong></span> <span class='ocrx_word' id='word_1_207' title='bbox 577 1900 632 1938; x_wconf 92' lang='lat' dir='ltr'><strong>non</strong></span> <span class='ocrx_word' id='word_1_208' title='bbox 653 1891 694 1937; x_wconf 91' lang='lat' dir='ltr'><strong>est</strong></span> <span class='ocrx_word' id='word_1_209' title='bbox 710 1883 906 1954; x_wconf 68' lang='lat' dir='ltr'><strong>admissaque</strong></span> <span class='ocrx_word' id='word_1_210' title='bbox 923 1881 973 1936; x_wconf 92' lang='lat' dir='ltr'><strong>sub</strong></span> <span class='ocrx_word' id='word_1_211' title='bbox 1023 1884 1081 1939; x_wconf 91' lang='lat' dir='ltr'><strong>Hoc</strong></span> <span class='ocrx_word' id='word_1_212' title='bbox 1096 1891 1137 1938; x_wconf 92' lang='lat' dir='ltr'><strong>est</strong></span> <span class='ocrx_word' id='word_1_213' title='bbox 1152 1882 1301 1954; x_wconf 89' lang='lat' dir='ltr'><strong>siugulare,</strong></span> <span class='ocrx_word' id='word_1_214' title='bbox 1318 1891 1345 1938; x_wconf 93' lang='lat' dir='ltr'><strong>et</strong></span> <span class='ocrx_word' id='word_1_215' title='bbox 1358 1883 1411 1937; x_wconf 89' lang='lat' dir='ltr'><strong>illis</strong></span> <span class='ocrx_word' id='word_1_216' title='bbox 1426 1890 1528 1938; x_wconf 88' lang='lat' dir='ltr'><strong>tantum</strong></span> <span class='ocrx_word' id='word_1_217' title='bbox 1541 1881 1712 1953; x_wconf 90' lang='lat' dir='ltr'><strong>temporibus</strong></span> <span class='ocrx_word' id='word_1_218' title='bbox 1721 1879 1825 1936; x_wconf 85' lang='lat' dir='ltr'><strong>licitum</strong></span> 
     </span>
     <span class='ocr_line' id='line_1_18' title="bbox 175 1966 1825 2042; baseline -0.003 -15"><span class='ocrx_word' id='word_1_219' title='bbox 175 1972 286 2027; x_wconf 90' lang='lat' dir='ltr'><strong>nomine</strong></span> <span class='ocrx_word' id='word_1_220' title='bbox 300 1972 497 2028; x_wconf 75' lang='lat' dir='ltr'><strong>misericordia</strong></span> <span class='ocrx_word' id='word_1_221' title='bbox 511 1971 585 2042; x_wconf 92' lang='lat' dir='ltr'><strong>prior</strong></span> <span class='ocrx_word' id='word_1_222' title='bbox 598 1988 612 2026; x_wconf 92' lang='lat' dir='ltr'><strong>a</strong></span> <span class='ocrx_word' id='word_1_223' title='bbox 626 1971 748 2042; x_wconf 90' lang='lat' dir='ltr'><strong>prioratu</strong></span> <span class='ocrx_word' id='word_1_224' title='bbox 766 1970 870 2026; x_wconf 91' lang='lat' dir='ltr'><strong>absolvi</strong></span> <span class='ocrx_word' id='word_1_225' title='bbox 885 1969 971 2042; x_wconf 92' lang='lat' dir='ltr'><strong>petiit.</strong></span> <span class='ocrx_word' id='word_1_226' title='bbox 1022 1970 1106 2026; x_wconf 87' lang='lat' dir='ltr'><strong>luisse</strong></span> <span class='ocrx_word' id='word_1_227' title='bbox 1130 1971 1296 2027; x_wconf 91' lang='lat' dir='ltr'><strong>credendum</strong></span> <span class='ocrx_word' id='word_1_228' title='bbox 1322 1979 1383 2038; x_wconf 76' lang='lat' dir='ltr'><strong>est,</strong></span> <span class='ocrx_word' id='word_1_229' title='bbox 1399 1971 1553 2027; x_wconf 88' lang='lat' dir='ltr'><strong>libertatem</strong></span> <span class='ocrx_word' id='word_1_230' title='bbox 1581 1969 1655 2026; x_wconf 92' lang='lat' dir='ltr'><strong>enim</strong></span> <span class='ocrx_word' id='word_1_231' title='bbox 1671 1966 1825 2042; x_wconf 85' lang='lat' dir='ltr'><strong>aliqualiter</strong></span> 
     </span>
     <span class='ocr_line' id='line_1_19' title="bbox 176 2055 1825 2133; baseline -0.002 -18"><span class='ocrx_word' id='word_1_232' title='bbox 176 2061 231 2115; x_wconf 91' lang='lat' dir='ltr'><strong>Sed</strong></span> <span class='ocrx_word' id='word_1_233' title='bbox 246 2060 356 2132; x_wconf 90' lang='lat' dir='ltr'><strong>quaudo</strong></span> <span class='ocrx_word' id='word_1_234' title='bbox 372 2059 480 2129; x_wconf 93' lang='lat' dir='ltr'><strong>dicitur,</strong></span> <span class='ocrx_word' id='word_1_235' title='bbox 498 2061 542 2115; x_wconf 85' lang='lat' dir='ltr'><strong>Fit</strong></span> <span class='ocrx_word' id='word_1_236' title='bbox 566 2060 774 2127; x_wconf 85' lang='lat' dir='ltr'><strong>misericordia,</strong></span> <span class='ocrx_word' id='word_1_237' title='bbox 791 2068 853 2114; x_wconf 89' lang='lat' dir='ltr'><strong>tunc</strong></span> <span class='ocrx_word' id='word_1_238' title='bbox 868 2058 973 2114; x_wconf 91' lang='lat' dir='ltr'><strong>indica·</strong></span> <span class='ocrx_word' id='word_1_239' title='bbox 1022 2059 1168 2130; x_wconf 87' lang='lat' dir='ltr'><strong>adimebat,</strong></span> <span class='ocrx_word' id='word_1_240' title='bbox 1180 2069 1302 2115; x_wconf 89' lang='lat' dir='ltr'><strong>nastrum</strong></span> <span class='ocrx_word' id='word_1_241' title='bbox 1314 2059 1437 2115; x_wconf 91' lang='lat' dir='ltr'><strong>ordinem</strong></span> <span class='ocrx_word' id='word_1_242' title='bbox 1452 2059 1560 2133; x_wconf 80' lang='lat' dir='ltr'><strong>ingredi</strong></span> <span class='ocrx_word' id='word_1_243' title='bbox 1570 2055 1825 2115; x_wconf 80' lang='lat' dir='ltr'><strong>volentibusllnde</strong></span> 
     </span>
     <span class='ocr_line' id='line_1_20' title="bbox 162 2141 1822 2218; baseline -0.005 -15"><span class='ocrx_word' id='word_1_244' title='bbox 162 2157 219 2203; x_wconf 79' lang='lat' dir='ltr'><strong>tur</strong></span> <span class='ocrx_word' id='word_1_245' title='bbox 233 2148 391 2218; x_wconf 90' lang='lat' dir='ltr'><strong>petitionem</strong></span> <span class='ocrx_word' id='word_1_246' title='bbox 403 2164 482 2202; x_wconf 88' lang='lat' dir='ltr'><strong>suam</strong></span> <span class='ocrx_word' id='word_1_247' title='bbox 491 2147 575 2203; x_wconf 86' lang='lat' dir='ltr'><strong>luisse</strong></span> <span class='ocrx_word' id='word_1_248' title='bbox 585 2147 741 2214; x_wconf 89' lang='lat' dir='ltr'><strong>admissam,</strong></span> <span class='ocrx_word' id='word_1_249' title='bbox 759 2154 785 2202; x_wconf 91' lang='lat' dir='ltr'><strong>et</strong></span> <span class='ocrx_word' id='word_1_250' title='bbox 799 2147 875 2201; x_wconf 94' lang='lat' dir='ltr'><strong>illum</strong></span> <span class='ocrx_word' id='word_1_251' title='bbox 888 2147 972 2202; x_wconf 91' lang='lat' dir='ltr'><strong>abso·</strong></span> <span class='ocrx_word' id='word_1_252' title='bbox 1022 2145 1081 2199; x_wconf 78' lang='lat' dir='ltr'><strong>hac</strong></span> <span class='ocrx_word' id='word_1_253' title='bbox 1095 2144 1214 2199; x_wconf 90' lang='lat' dir='ltr'><strong>conditio</strong></span> <span class='ocrx_word' id='word_1_254' title='bbox 1229 2143 1348 2200; x_wconf 80' lang='lat' dir='ltr'><strong>nonfuit</strong></span> <span class='ocrx_word' id='word_1_255' title='bbox 1363 2144 1390 2198; x_wconf 94' lang='lat' dir='ltr'><strong>in</strong></span> <span class='ocrx_word' id='word_1_256' title='bbox 1405 2144 1523 2216; x_wconf 92' lang='lat' dir='ltr'><strong>antiquis</strong></span> <span class='ocrx_word' id='word_1_257' title='bbox 1538 2143 1646 2199; x_wconf 88' lang='lat' dir='ltr'><strong>statutis</strong></span> <span class='ocrx_word' id='word_1_258' title='bbox 1656 2141 1761 2198; x_wconf 75' lang='lat' dir='ltr'><strong>nonnis</strong></span> <span class='ocrx_word' id='word_1_259' title='bbox 1776 2156 1822 2196; x_wconf 87' lang='lat' dir='ltr'><strong>re·</strong></span> 
     </span>
     <span class='ocr_line' id='line_1_21' title="bbox 175 2232 1429 2307; baseline -0.002 -17"><span class='ocrx_word' id='word_1_260' title='bbox 175 2236 261 2290; x_wconf 93' lang='lat' dir='ltr'><strong>lutum</strong></span> <span class='ocrx_word' id='word_1_261' title='bbox 277 2252 338 2291; x_wconf 92' lang='lat' dir='ltr'><strong>esse</strong></span> <span class='ocrx_word' id='word_1_262' title='bbox 353 2253 368 2289; x_wconf 88' lang='lat' dir='ltr'><strong>a</strong></span> <span class='ocrx_word' id='word_1_263' title='bbox 383 2236 515 2307; x_wconf 88' lang='lat' dir='ltr'><strong>prioratu.</strong></span> <span class='ocrx_word' id='word_1_264' title='bbox 532 2237 597 2292; x_wconf 71' lang='lat' dir='ltr'><strong>Haec</strong></span> <span class='ocrx_word' id='word_1_265' title='bbox 611 2244 744 2302; x_wconf 88' lang='lat' dir='ltr'><strong>notamus,</strong></span> <span class='ocrx_word' id='word_1_266' title='bbox 762 2243 790 2290; x_wconf 90' lang='lat' dir='ltr'><strong>ut</strong></span> <span class='ocrx_word' id='word_1_267' title='bbox 804 2236 924 2290; x_wconf 85' lang='lat' dir='ltr'><strong>extranei</strong></span> <span class='ocrx_word' id='word_1_268' title='bbox 939 2235 974 2290; x_wconf 91' lang='lat' dir='ltr'><strong>is·</strong></span> <span class='ocrx_word' id='word_1_269' title='bbox 1022 2232 1087 2299; x_wconf 89' lang='lat' dir='ltr'><strong>lata,</strong></span> <span class='ocrx_word' id='word_1_270' title='bbox 1103 2233 1165 2303; x_wconf 92' lang='lat' dir='ltr'><strong>quia</strong></span> <span class='ocrx_word' id='word_1_271' title='bbox 1184 2233 1272 2288; x_wconf 86' lang='lat' dir='ltr'><strong>luerat</strong></span> <span class='ocrx_word' id='word_1_272' title='bbox 1295 2241 1429 2288; x_wconf 89' lang='lat' dir='ltr'><strong>correcta.</strong></span> 
     </span>
     <span class='ocr_line' id='line_1_22' title="bbox 150 2320 1823 2395; baseline -0.001 -17"><span class='ocrx_word' id='word_1_273' title='bbox 150 2323 154 2331; x_wconf 90' lang='lat'>&#39;</span> <span class='ocrx_word' id='word_1_274' title='bbox 178 2332 243 2393; x_wconf 90' lang='lat' dir='ltr'><strong>tam,</strong></span> <span class='ocrx_word' id='word_1_275' title='bbox 268 2332 297 2380; x_wconf 94' lang='lat' dir='ltr'><strong>ut</strong></span> <span class='ocrx_word' id='word_1_276' title='bbox 320 2332 427 2394; x_wconf 86' lang='lat' dir='ltr'><strong>vocant,</strong></span> <span class='ocrx_word' id='word_1_277' title='bbox 453 2325 677 2382; x_wconf 81' lang='lat' dir='ltr'><strong>misericordiam</strong></span> <span class='ocrx_word' id='word_1_278' title='bbox 706 2324 970 2395; x_wconf 80' lang='lat' dir='ltr'><strong>carthusianorum,</strong></span> <span class='ocrx_word' id='word_1_279' title='bbox 1056 2322 1138 2377; x_wconf 88' lang='lat' dir='ltr'><strong>Num.</strong></span> <span class='ocrx_word' id='word_1_280' title='bbox 1155 2325 1181 2377; x_wconf 86' lang='lat'><strong>3.</strong></span> <span class='ocrx_word' id='word_1_281' title='bbox 1201 2323 1351 2378; x_wconf 80' lang='lat' dir='ltr'><strong>Saniorum</strong></span> <span class='ocrx_word' id='word_1_282' title='bbox 1377 2323 1480 2395; x_wconf 81' lang='lat' dir='ltr'><strong>cltqcts</strong></span> <span class='ocrx_word' id='word_1_283' title='bbox 1502 2320 1736 2393; x_wconf 58' lang='lat' dir='ltr'><strong>deputatumque·</strong></span> <span class='ocrx_word' id='word_1_284' title='bbox 1759 2333 1823 2376; x_wconf 79' lang='lat' dir='ltr'><strong>eant</strong></span> 
     </span>
     <span class='ocr_line' id='line_1_23' title="bbox 176 2407 1822 2483; baseline -0.004 -16"><span class='ocrx_word' id='word_1_285' title='bbox 176 2413 270 2467; x_wconf 90' lang='lat' dir='ltr'><strong>mirari</strong></span> <span class='ocrx_word' id='word_1_286' title='bbox 286 2412 419 2468; x_wconf 87' lang='lat' dir='ltr'><strong>desinant.</strong></span> <span class='ocrx_word' id='word_1_287' title='bbox 1020 2426 1073 2483; x_wconf 83' lang='lat' dir='ltr'><strong>per</strong></span> <span class='ocrx_word' id='word_1_288' title='bbox 1082 2427 1180 2477; x_wconf 75' lang='lat' dir='ltr'><strong>anam,</strong></span> <span class='ocrx_word' id='word_1_289' title='bbox 1192 2418 1256 2476; x_wconf 84' lang='lat' dir='ltr'><strong>etc,</strong></span> <span class='ocrx_word' id='word_1_290' title='bbox 1281 2410 1492 2466; x_wconf 80' lang='lat' dir='ltr'><strong>hebdomadam.</strong></span> <span class='ocrx_word' id='word_1_291' title='bbox 1507 2411 1558 2466; x_wconf 82' lang='lat' dir='ltr'><strong>llic</strong></span> <span class='ocrx_word' id='word_1_292' title='bbox 1571 2407 1634 2464; x_wconf 91' lang='lat' dir='ltr'><strong>oriri</strong></span> <span class='ocrx_word' id='word_1_293' title='bbox 1647 2407 1743 2480; x_wconf 88' lang='lat' dir='ltr'><strong>incipit</strong></span> <span class='ocrx_word' id='word_1_294' title='bbox 1756 2421 1822 2462; x_wconf 83' lang='lat' dir='ltr'><strong>usna</strong></span> 
     </span>
     <span class='ocr_line' id='line_1_24' title="bbox 212 2498 1823 2573; baseline -0.002 -19"><span class='ocrx_word' id='word_1_295' title='bbox 212 2500 262 2557; x_wconf 91' lang='lat' dir='ltr'><strong>llic</strong></span> <span class='ocrx_word' id='word_1_296' title='bbox 276 2509 365 2556; x_wconf 90' lang='lat' dir='ltr'><strong>autem</strong></span> <span class='ocrx_word' id='word_1_297' title='bbox 380 2501 490 2557; x_wconf 88' lang='lat' dir='ltr'><strong>tradere</strong></span> <span class='ocrx_word' id='word_1_298' title='bbox 513 2501 606 2573; x_wconf 92' lang='lat' dir='ltr'><strong>incipit</strong></span> <span class='ocrx_word' id='word_1_299' title='bbox 626 2501 659 2557; x_wconf 84' lang='lat' dir='ltr'><strong>tt.</strong></span> <span class='ocrx_word' id='word_1_300' title='bbox 677 2502 709 2556; x_wconf 89' lang='lat' dir='ltr'><strong>P.</strong></span> <span class='ocrx_word' id='word_1_301' title='bbox 737 2501 826 2572; x_wconf 86' lang='lat' dir='ltr'><strong>Guigo</strong></span> <span class='ocrx_word' id='word_1_302' title='bbox 856 2499 972 2556; x_wconf 82' lang='lat' dir='ltr'><strong>formam</strong></span> <span class='ocrx_word' id='word_1_303' title='bbox 1023 2514 1131 2570; x_wconf 88' lang='lat' dir='ltr'><strong>semper</strong></span> <span class='ocrx_word' id='word_1_304' title='bbox 1146 2498 1277 2570; x_wconf 88' lang='lat' dir='ltr'><strong>deinceps</strong></span> <span class='ocrx_word' id='word_1_305' title='bbox 1291 2499 1319 2553; x_wconf 94' lang='lat' dir='ltr'><strong>in</strong></span> <span class='ocrx_word' id='word_1_306' title='bbox 1334 2498 1430 2554; x_wconf 88' lang='lat' dir='ltr'><strong>ordine</strong></span> <span class='ocrx_word' id='word_1_307' title='bbox 1440 2505 1573 2564; x_wconf 90' lang='lat' dir='ltr'><strong>servatus,</strong></span> <span class='ocrx_word' id='word_1_308' title='bbox 1585 2505 1696 2553; x_wconf 88' lang='lat' dir='ltr'><strong>utunus</strong></span> <span class='ocrx_word' id='word_1_309' title='bbox 1711 2513 1744 2553; x_wconf 90' lang='lat' dir='ltr'><strong>ex</strong></span> <span class='ocrx_word' id='word_1_310' title='bbox 1760 2508 1823 2552; x_wconf 75' lang='grc' dir='ltr'>ιιιο·</span> 
     </span>
     <span class='ocr_line' id='line_1_25' title="bbox 176 2583 1820 2661; baseline -0.002 -18"><span class='ocrx_word' id='word_1_311' title='bbox 176 2605 257 2661; x_wconf 95' lang='lat' dir='ltr'><strong>quam</strong></span> <span class='ocrx_word' id='word_1_312' title='bbox 272 2589 348 2660; x_wconf 90' lang='lat' dir='ltr'><strong>sequi</strong></span> <span class='ocrx_word' id='word_1_313' title='bbox 363 2589 496 2645; x_wconf 90' lang='lat' dir='ltr'><strong>debemus</strong></span> <span class='ocrx_word' id='word_1_314' title='bbox 511 2590 538 2644; x_wconf 93' lang='lat' dir='ltr'><strong>in</strong></span> <span class='ocrx_word' id='word_1_315' title='bbox 562 2589 723 2660; x_wconf 90' lang='lat' dir='ltr'><strong>probandis,</strong></span> <span class='ocrx_word' id='word_1_316' title='bbox 753 2589 817 2656; x_wconf 90' lang='lat' dir='ltr'><strong>imo,</strong></span> <span class='ocrx_word' id='word_1_317' title='bbox 833 2597 862 2644; x_wconf 94' lang='lat' dir='ltr'><strong>ut</strong></span> <span class='ocrx_word' id='word_1_318' title='bbox 875 2589 913 2644; x_wconf 91' lang='lat' dir='ltr'><strong>ita</strong></span> <span class='ocrx_word' id='word_1_319' title='bbox 928 2589 973 2644; x_wconf 92' lang='lat' dir='ltr'><strong>di-</strong></span> <span class='ocrx_word' id='word_1_320' title='bbox 1023 2587 1118 2643; x_wconf 90' lang='lat' dir='ltr'><strong>nacbis</strong></span> <span class='ocrx_word' id='word_1_321' title='bbox 1137 2587 1281 2659; x_wconf 89' lang='lat' dir='ltr'><strong>deputetur</strong></span> <span class='ocrx_word' id='word_1_322' title='bbox 1303 2587 1337 2642; x_wconf 93' lang='lat' dir='ltr'><strong>ad</strong></span> <span class='ocrx_word' id='word_1_323' title='bbox 1364 2589 1447 2643; x_wconf 88' lang='lat' dir='ltr'><strong>horas</strong></span> <span class='ocrx_word' id='word_1_324' title='bbox 1460 2586 1591 2644; x_wconf 87' lang='lat' dir='ltr'><strong>dicendas</strong></span> <span class='ocrx_word' id='word_1_325' title='bbox 1619 2602 1682 2642; x_wconf 92' lang='lat' dir='ltr'><strong>cum</strong></span> <span class='ocrx_word' id='word_1_326' title='bbox 1701 2583 1820 2651; x_wconf 79' lang='lat' dir='ltr'><strong>novitiis,</strong></span> 
     </span>
     <span class='ocr_line' id='line_1_26' title="bbox 176 2668 1822 2750; baseline -0.002 -17"><span class='ocrx_word' id='word_1_327' title='bbox 176 2693 245 2743; x_wconf 90' lang='lat' dir='ltr'><strong>cam,</strong></span> <span class='ocrx_word' id='word_1_328' title='bbox 262 2677 290 2731; x_wconf 93' lang='lat' dir='ltr'><strong>in</strong></span> <span class='ocrx_word' id='word_1_329' title='bbox 304 2677 440 2732; x_wconf 90' lang='lat' dir='ltr'><strong>tentandis</strong></span> <span class='ocrx_word' id='word_1_330' title='bbox 460 2678 606 2747; x_wconf 87' lang='lat' dir='ltr'><strong>juvenibus</strong></span> <span class='ocrx_word' id='word_1_331' title='bbox 621 2678 667 2750; x_wconf 93' lang='lat' dir='ltr'><strong>qui</strong></span> <span class='ocrx_word' id='word_1_332' title='bbox 696 2679 732 2733; x_wconf 91' lang='lat' dir='ltr'><strong>ad</strong></span> <span class='ocrx_word' id='word_1_333' title='bbox 761 2694 811 2732; x_wconf 90' lang='lat' dir='ltr'><strong>nos</strong></span> <span class='ocrx_word' id='word_1_334' title='bbox 839 2677 973 2733; x_wconf 90' lang='lat' dir='ltr'><strong>accedunt</strong></span> <span class='ocrx_word' id='word_1_335' title='bbox 1022 2685 1051 2731; x_wconf 91' lang='lat' dir='ltr'><strong>ut</strong></span> <span class='ocrx_word' id='word_1_336' title='bbox 1065 2675 1207 2732; x_wconf 88' lang='lat' dir='ltr'><strong>addiscant</strong></span> <span class='ocrx_word' id='word_1_337' title='bbox 1221 2675 1337 2747; x_wconf 88' lang='lat' dir='ltr'><strong>qualiter</strong></span> <span class='ocrx_word' id='word_1_338' title='bbox 1352 2683 1455 2731; x_wconf 90' lang='lat' dir='ltr'><strong>etcum</strong></span> <span class='ocrx_word' id='word_1_339' title='bbox 1470 2668 1822 2747; x_wconf 81' lang='lat' dir='ltr'><strong>quibuscaercmoniisoffi-</strong></span> 
     </span>
     <span class='ocr_line' id='line_1_27' title="bbox 176 2761 1823 2836; baseline -0.002 -15"><span class='ocrx_word' id='word_1_340' title='bbox 176 2763 306 2821; x_wconf 89' lang='lat' dir='ltr'><strong>Ordinem</strong></span> <span class='ocrx_word' id='word_1_341' title='bbox 320 2765 440 2835; x_wconf 91' lang='lat' dir='ltr'><strong>petituri,</strong></span> <span class='ocrx_word' id='word_1_342' title='bbox 456 2765 493 2821; x_wconf 90' lang='lat' dir='ltr'><strong>ita</strong></span> <span class='ocrx_word' id='word_1_343' title='bbox 507 2773 536 2820; x_wconf 93' lang='lat' dir='ltr'><strong>ut</strong></span> <span class='ocrx_word' id='word_1_344' title='bbox 551 2774 652 2822; x_wconf 88' lang='lat' dir='ltr'><strong>terrare</strong></span> <span class='ocrx_word' id='word_1_345' title='bbox 671 2781 718 2821; x_wconf 91' lang='lat' dir='ltr'><strong>eos</strong></span> <span class='ocrx_word' id='word_1_346' title='bbox 734 2766 823 2836; x_wconf 91' lang='lat' dir='ltr'><strong>potius</strong></span> <span class='ocrx_word' id='word_1_347' title='bbox 832 2781 971 2833; x_wconf 91' lang='lat' dir='ltr'><strong>conemur,</strong></span> <span class='ocrx_word' id='word_1_348' title='bbox 1023 2765 1094 2820; x_wconf 91' lang='lat' dir='ltr'><strong>cium</strong></span> <span class='ocrx_word' id='word_1_349' title='bbox 1105 2764 1226 2820; x_wconf 89' lang='lat' dir='ltr'><strong>divinum</strong></span> <span class='ocrx_word' id='word_1_350' title='bbox 1234 2764 1393 2835; x_wconf 89' lang='lat' dir='ltr'><strong>persolvere</strong></span> <span class='ocrx_word' id='word_1_351' title='bbox 1403 2764 1530 2832; x_wconf 90' lang='lat' dir='ltr'><strong>debeant,</strong></span> <span class='ocrx_word' id='word_1_352' title='bbox 1542 2763 1589 2836; x_wconf 88' lang='lat' dir='ltr'><strong>qui</strong></span> <span class='ocrx_word' id='word_1_353' title='bbox 1597 2764 1659 2819; x_wconf 92' lang='lat' dir='ltr'><strong>ideo</strong></span> <span class='ocrx_word' id='word_1_354' title='bbox 1670 2761 1823 2819; x_wconf 82' lang='lat' dir='ltr'><strong>monachus</strong></span> 
     </span>
     <span class='ocr_line' id='line_1_28' title="bbox 175 2848 1823 2925; baseline -0.001 -18"><span class='ocrx_word' id='word_1_355' title='bbox 175 2868 257 2925; x_wconf 92' lang='lat' dir='ltr'><strong>quam</strong></span> <span class='ocrx_word' id='word_1_356' title='bbox 282 2852 479 2909; x_wconf 88' lang='lat' dir='ltr'><strong>blandimentis·</strong></span> <span class='ocrx_word' id='word_1_357' title='bbox 494 2854 606 2910; x_wconf 92' lang='lat' dir='ltr'><strong>delinire</strong></span> <span class='ocrx_word' id='word_1_358' title='bbox 620 2862 648 2909; x_wconf 93' lang='lat' dir='ltr'><strong>ut</strong></span> <span class='ocrx_word' id='word_1_359' title='bbox 662 2853 824 2909; x_wconf 89' lang='lat' dir='ltr'><strong>alliciantur.</strong></span> <span class='ocrx_word' id='word_1_360' title='bbox 845 2853 973 2925; x_wconf 80' lang='lat' dir='ltr'><strong>Alioquin</strong></span> <span class='ocrx_word' id='word_1_361' title='bbox 1023 2852 1172 2909; x_wconf 87' lang='lat' dir='ltr'><strong>secundum</strong></span> <span class='ocrx_word' id='word_1_362' title='bbox 1188 2853 1319 2923; x_wconf 88' lang='lat' dir='ltr'><strong>majoram</strong></span> <span class='ocrx_word' id='word_1_363' title='bbox 1329 2851 1372 2911; x_wconf 87' lang='lat' dir='ltr'><strong>vel</strong></span> <span class='ocrx_word' id='word_1_364' title='bbox 1383 2852 1517 2908; x_wconf 90' lang='lat' dir='ltr'><strong>minorem</strong></span> <span class='ocrx_word' id='word_1_365' title='bbox 1529 2851 1623 2908; x_wconf 88' lang='lat' dir='ltr'><strong>novitii</strong></span> <span class='ocrx_word' id='word_1_366' title='bbox 1633 2853 1661 2906; x_wconf 94' lang='lat' dir='ltr'><strong>in</strong></span> <span class='ocrx_word' id='word_1_367' title='bbox 1676 2852 1732 2908; x_wconf 87' lang='lat' dir='ltr'><strong>hoc</strong></span> <span class='ocrx_word' id='word_1_368' title='bbox 1745 2848 1823 2907; x_wconf 89' lang='lat' dir='ltr'><strong>addi-</strong></span> 
     </span>
     <span class='ocr_line' id='line_1_29' title="bbox 175 2937 1803 3039; baseline -0.001 -44"><span class='ocrx_word' id='word_1_369' title='bbox 175 2940 372 3012; x_wconf 88' lang='lat' dir='ltr'><strong>imperterritus</strong></span> <span class='ocrx_word' id='word_1_370' title='bbox 395 2958 451 2997; x_wconf 93' lang='lat' dir='ltr'><strong>non</strong></span> <span class='ocrx_word' id='word_1_371' title='bbox 479 2950 601 2998; x_wconf 91' lang='lat' dir='ltr'><strong>maneret</strong></span> <span class='ocrx_word' id='word_1_372' title='bbox 628 2940 778 3013; x_wconf 89' lang='lat' dir='ltr'><strong>postulans,</strong></span> <span class='ocrx_word' id='word_1_373' title='bbox 808 2943 877 2998; x_wconf 90' lang='lat' dir='ltr'><strong>sicut</strong></span> <span class='ocrx_word' id='word_1_374' title='bbox 899 2950 1009 3039; x_wconf 87' lang='lat' dir='ltr'><strong>optatB</strong></span> <span class='ocrx_word' id='word_1_375' title='bbox 1024 2941 1127 2998; x_wconf 86' lang='lat' dir='ltr'><strong>scendo</strong></span> <span class='ocrx_word' id='word_1_376' title='bbox 1144 2941 1330 3014; x_wconf 84' lang='lat' dir='ltr'><strong>sagacitatem,</strong></span> <span class='ocrx_word' id='word_1_377' title='bbox 1342 2940 1403 3012; x_wconf 92' lang='lat' dir='ltr'><strong>plus</strong></span> <span class='ocrx_word' id='word_1_378' title='bbox 1414 2941 1457 2997; x_wconf 86' lang='lat' dir='ltr'><strong>vel</strong></span> <span class='ocrx_word' id='word_1_379' title='bbox 1468 2939 1558 2996; x_wconf 90' lang='lat' dir='ltr'><strong>minus</strong></span> <span class='ocrx_word' id='word_1_380' title='bbox 1573 2940 1687 2996; x_wconf 90' lang='lat' dir='ltr'><strong>adeum</strong></span> <span class='ocrx_word' id='word_1_381' title='bbox 1701 2937 1803 3012; x_wconf 85' lang='lat' dir='ltr'><strong>pergit.</strong></span> 
     </span>
     <span class='ocr_line' id='line_1_30' title="bbox 176 3028 1824 3101; baseline -0.001 -16"><span class='ocrx_word' id='word_1_382' title='bbox 176 3038 287 3086; x_wconf 89' lang='lat' dir='ltr'><strong>sanctus</strong></span> <span class='ocrx_word' id='word_1_383' title='bbox 302 3030 353 3098; x_wconf 90' lang='lat' dir='ltr'><strong>vir,</strong></span> <span class='ocrx_word' id='word_1_384' title='bbox 369 3031 393 3085; x_wconf 92' lang='lat' dir='ltr'><strong>si</strong></span> <span class='ocrx_word' id='word_1_385' title='bbox 407 3030 483 3085; x_wconf 93' lang='lat' dir='ltr'><strong>illum</strong></span> <span class='ocrx_word' id='word_1_386' title='bbox 498 3030 680 3087; x_wconf 88' lang='lat' dir='ltr'><strong>excharitatis</strong></span> <span class='ocrx_word' id='word_1_387' title='bbox 694 3039 721 3086; x_wconf 90' lang='lat' dir='ltr'><strong>et</strong></span> <span class='ocrx_word' id='word_1_388' title='bbox 736 3030 975 3101; x_wconf 84' lang='lat' dir='ltr'><strong>prudentiaeindu-</strong></span> <span class='ocrx_word' id='word_1_389' title='bbox 1059 3031 1141 3085; x_wconf 90' lang='lat' dir='ltr'><strong>Num.</strong></span> <span class='ocrx_word' id='word_1_390' title='bbox 1158 3032 1184 3085; x_wconf 77' lang='grc' dir='ltr'>ι.</span> <span class='ocrx_word' id='word_1_391' title='bbox 1201 3030 1254 3098; x_wconf 78' lang='lat' dir='ltr'><strong>Qut</strong></span> <span class='ocrx_word' id='word_1_392' title='bbox 1279 3034 1377 3086; x_wconf 81' lang='lat' dir='ltr'><strong>tamen</strong></span> <span class='ocrx_word' id='word_1_393' title='bbox 1392 3029 1503 3096; x_wconf 80' lang='lat' dir='ltr'><strong>blande,</strong></span> <span class='ocrx_word' id='word_1_394' title='bbox 1520 3037 1583 3095; x_wconf 69' lang='lat' dir='ltr'><strong>etc„</strong></span> <span class='ocrx_word' id='word_1_395' title='bbox 1613 3044 1665 3084; x_wconf 84' lang='lat' dir='ltr'><strong>nec</strong></span> <span class='ocrx_word' id='word_1_396' title='bbox 1681 3028 1710 3084; x_wconf 82' lang='lat' dir='ltr'><strong>et</strong></span> <span class='ocrx_word' id='word_1_397' title='bbox 1732 3031 1824 3084; x_wconf 73' lang='lat' dir='ltr'><strong>totam</strong></span> 
     </span>
     <span class='ocr_line' id='line_1_31' title="bbox 176 3114 1824 3191; baseline -0.001 -17"><span class='ocrx_word' id='word_1_398' title='bbox 176 3119 243 3174; x_wconf 90' lang='lat' dir='ltr'><strong>stria</strong></span> <span class='ocrx_word' id='word_1_399' title='bbox 258 3118 339 3175; x_wconf 85' lang='lat' dir='ltr'><strong>veluti</strong></span> <span class='ocrx_word' id='word_1_400' title='bbox 354 3126 459 3174; x_wconf 91' lang='lat' dir='ltr'><strong>terrere</strong></span> <span class='ocrx_word' id='word_1_401' title='bbox 474 3135 529 3175; x_wconf 93' lang='lat' dir='ltr'><strong>non</strong></span> <span class='ocrx_word' id='word_1_402' title='bbox 540 3135 710 3188; x_wconf 89' lang='lat' dir='ltr'><strong>conaremur,</strong></span> <span class='ocrx_word' id='word_1_403' title='bbox 725 3127 751 3174; x_wconf 93' lang='lat' dir='ltr'><strong>et</strong></span> <span class='ocrx_word' id='word_1_404' title='bbox 775 3119 872 3175; x_wconf 88' lang='lat' dir='ltr'><strong>marito</strong></span> <span class='ocrx_word' id='word_1_405' title='bbox 888 3137 895 3174; x_wconf 91' lang='lat'>:</span> <span class='ocrx_word' id='word_1_406' title='bbox 910 3135 974 3175; x_wconf 91' lang='lat' dir='ltr'><strong>nam</strong></span> <span class='ocrx_word' id='word_1_407' title='bbox 1023 3119 1115 3174; x_wconf 81' lang='lat' dir='ltr'><strong>sclito</strong></span> <span class='ocrx_word' id='word_1_408' title='bbox 1133 3119 1330 3176; x_wconf 79' lang='lat' dir='ltr'><strong>institutionis</strong></span> <span class='ocrx_word' id='word_1_409' title='bbox 1345 3120 1540 3191; x_wconf 82' lang='lat' dir='ltr'><strong>asperitatem,</strong></span> <span class='ocrx_word' id='word_1_410' title='bbox 1552 3125 1605 3173; x_wconf 90' lang='lat' dir='ltr'><strong>etc.</strong></span> <span class='ocrx_word' id='word_1_411' title='bbox 1616 3118 1691 3173; x_wconf 85' lang='lat' dir='ltr'><strong>Ecce</strong></span> <span class='ocrx_word' id='word_1_412' title='bbox 1706 3114 1824 3189; x_wconf 80' lang='lat' dir='ltr'><strong>qualiter</strong></span> 
     </span>
     <span class='ocr_line' id='line_1_32' title="bbox 174 3200 1822 3280; baseline -0.001 -19"><span class='ocrx_word' id='word_1_413' title='bbox 174 3207 325 3262; x_wconf 90' lang='lat' dir='ltr'><strong>institutum</strong></span> <span class='ocrx_word' id='word_1_414' title='bbox 342 3215 474 3276; x_wconf 91' lang='lat' dir='ltr'><strong>nostrum,</strong></span> <span class='ocrx_word' id='word_1_415' title='bbox 491 3224 554 3264; x_wconf 91' lang='lat' dir='ltr'><strong>cum</strong></span> <span class='ocrx_word' id='word_1_416' title='bbox 569 3208 604 3263; x_wconf 93' lang='lat' dir='ltr'><strong>sit</strong></span> <span class='ocrx_word' id='word_1_417' title='bbox 611 3209 711 3264; x_wconf 93' lang='lat' dir='ltr'><strong>durum</strong></span> <span class='ocrx_word' id='word_1_418' title='bbox 725 3215 752 3264; x_wconf 92' lang='lat' dir='ltr'><strong>et</strong></span> <span class='ocrx_word' id='word_1_419' title='bbox 767 3224 905 3280; x_wconf 91' lang='lat' dir='ltr'><strong>asperum,</strong></span> <span class='ocrx_word' id='word_1_420' title='bbox 922 3224 974 3263; x_wconf 93' lang='lat' dir='ltr'><strong>ne·</strong></span> <span class='ocrx_word' id='word_1_421' title='bbox 1024 3207 1127 3278; x_wconf 90' lang='lat' dir='ltr'><strong>antiqui</strong></span> <span class='ocrx_word' id='word_1_422' title='bbox 1141 3207 1237 3263; x_wconf 89' lang='lat' dir='ltr'><strong>Patres</strong></span> <span class='ocrx_word' id='word_1_423' title='bbox 1251 3207 1339 3265; x_wconf 90' lang='lat' dir='ltr'><strong>nostri</strong></span> <span class='ocrx_word' id='word_1_424' title='bbox 1353 3205 1527 3263; x_wconf 90' lang='lat' dir='ltr'><strong>discretionis</strong></span> <span class='ocrx_word' id='word_1_425' title='bbox 1541 3204 1653 3278; x_wconf 90' lang='lat' dir='ltr'><strong>regulas</strong></span> <span class='ocrx_word' id='word_1_426' title='bbox 1672 3200 1702 3260; x_wconf 89' lang='lat' dir='ltr'><strong>in</strong></span> <span class='ocrx_word' id='word_1_427' title='bbox 1729 3203 1822 3261; x_wconf 87' lang='lat' dir='ltr'><strong>omni·</strong></span> 
     </span>
     <span class='ocr_line' id='line_1_33' title="bbox 175 3293 1824 3369; baseline 0 -20"><span class='ocrx_word' id='word_1_428' title='bbox 175 3295 277 3350; x_wconf 92' lang='lat' dir='ltr'><strong>minem</strong></span> <span class='ocrx_word' id='word_1_429' title='bbox 293 3296 374 3351; x_wconf 92' lang='lat' dir='ltr'><strong>debet</strong></span> <span class='ocrx_word' id='word_1_430' title='bbox 389 3296 531 3352; x_wconf 89' lang='lat' dir='ltr'><strong>admittere</strong></span> <span class='ocrx_word' id='word_1_431' title='bbox 555 3297 600 3369; x_wconf 91' lang='lat' dir='ltr'><strong>qui</strong></span> <span class='ocrx_word' id='word_1_432' title='bbox 615 3312 670 3352; x_wconf 91' lang='lat' dir='ltr'><strong>non</strong></span> <span class='ocrx_word' id='word_1_433' title='bbox 700 3304 804 3352; x_wconf 89' lang='lat' dir='ltr'><strong>tantum</strong></span> <span class='ocrx_word' id='word_1_434' title='bbox 831 3296 974 3353; x_wconf 82' lang='lat' dir='ltr'><strong>vocatione</strong></span> <span class='ocrx_word' id='word_1_435' title='bbox 1024 3296 1075 3350; x_wconf 90' lang='lat' dir='ltr'><strong>bus</strong></span> <span class='ocrx_word' id='word_1_436' title='bbox 1089 3295 1239 3351; x_wconf 87' lang='lat' dir='ltr'><strong>servandas</strong></span> <span class='ocrx_word' id='word_1_437' title='bbox 1263 3294 1316 3350; x_wconf 91' lang='lat' dir='ltr'><strong>sibi</strong></span> <span class='ocrx_word' id='word_1_438' title='bbox 1350 3302 1560 3367; x_wconf 88' lang='lat' dir='ltr'><strong>proposuerunt.</strong></span> <span class='ocrx_word' id='word_1_439' title='bbox 1588 3294 1705 3350; x_wconf 84' lang='lat' dir='ltr'><strong>Temere</strong></span> <span class='ocrx_word' id='word_1_440' title='bbox 1727 3293 1824 3351; x_wconf 81' lang='lat' dir='ltr'><strong>volunt</strong></span> 
     </span>
     <span class='ocr_line' id='line_1_34' title="bbox 174 3382 1824 3457; baseline -0.002 -16"><span class='ocrx_word' id='word_1_441' title='bbox 174 3383 279 3441; x_wconf 91' lang='lat' dir='ltr'><strong>coelesti</strong></span> <span class='ocrx_word' id='word_1_442' title='bbox 293 3393 420 3456; x_wconf 91' lang='lat' dir='ltr'><strong>appareat</strong></span> <span class='ocrx_word' id='word_1_443' title='bbox 436 3393 606 3455; x_wconf 72' lang='lat' dir='ltr'><strong>praeventus,</strong></span> <span class='ocrx_word' id='word_1_444' title='bbox 622 3385 670 3440; x_wconf 91' lang='lat' dir='ltr'><strong>sed</strong></span> <span class='ocrx_word' id='word_1_445' title='bbox 686 3385 767 3441; x_wconf 91' lang='lat' dir='ltr'><strong>etiam</strong></span> <span class='ocrx_word' id='word_1_446' title='bbox 782 3384 897 3440; x_wconf 89' lang='lat' dir='ltr'><strong>naturali</strong></span> <span class='ocrx_word' id='word_1_447' title='bbox 909 3400 975 3457; x_wconf 90' lang='lat' dir='ltr'><strong>qua·</strong></span> <span class='ocrx_word' id='word_1_448' title='bbox 1022 3383 1206 3455; x_wconf 89' lang='lat' dir='ltr'><strong>postulantem</strong></span> <span class='ocrx_word' id='word_1_449' title='bbox 1220 3383 1309 3455; x_wconf 91' lang='lat' dir='ltr'><strong>prima</strong></span> <span class='ocrx_word' id='word_1_450' title='bbox 1331 3382 1430 3450; x_wconf 82' lang='lat' dir='ltr'><strong>fronte,</strong></span> <span class='ocrx_word' id='word_1_451' title='bbox 1446 3389 1475 3438; x_wconf 90' lang='lat' dir='ltr'><strong>ut</strong></span> <span class='ocrx_word' id='word_1_452' title='bbox 1502 3383 1566 3438; x_wconf 89' lang='lat' dir='ltr'><strong>inda</strong></span> <span class='ocrx_word' id='word_1_453' title='bbox 1594 3382 1754 3439; x_wconf 86' lang='lat' dir='ltr'><strong>discernant</strong></span> <span class='ocrx_word' id='word_1_454' title='bbox 1769 3396 1824 3454; x_wconf 90' lang='lat' dir='ltr'><strong>quo</strong></span> 
     </span>
     <span class='ocr_line' id='line_1_35' title="bbox 174 3469 1824 3545; baseline -0.001 -16"><span class='ocrx_word' id='word_1_455' title='bbox 174 3474 237 3529; x_wconf 90' lang='lat' dir='ltr'><strong>dam</strong></span> <span class='ocrx_word' id='word_1_456' title='bbox 252 3473 335 3528; x_wconf 89' lang='lat' dir='ltr'><strong>animi</strong></span> <span class='ocrx_word' id='word_1_457' title='bbox 350 3474 516 3540; x_wconf 82' lang='lat' dir='ltr'><strong>fortitudine,</strong></span> <span class='ocrx_word' id='word_1_458' title='bbox 533 3489 599 3529; x_wconf 89' lang='lat' dir='ltr'><strong>sana</strong></span> <span class='ocrx_word' id='word_1_459' title='bbox 615 3489 681 3530; x_wconf 85' lang='lat' dir='ltr'><strong>vero</strong></span> <span class='ocrx_word' id='word_1_460' title='bbox 691 3482 773 3545; x_wconf 88' lang='lat' dir='ltr'><strong>atqua</strong></span> <span class='ocrx_word' id='word_1_461' title='bbox 781 3473 859 3528; x_wconf 89' lang='lat' dir='ltr'><strong>hilari</strong></span> <span class='ocrx_word' id='word_1_462' title='bbox 874 3489 972 3544; x_wconf 91' lang='lat' dir='ltr'><strong>corpo·</strong></span> <span class='ocrx_word' id='word_1_463' title='bbox 1023 3473 1120 3543; x_wconf 92' lang='lat' dir='ltr'><strong>spiritu</strong></span> <span class='ocrx_word' id='word_1_464' title='bbox 1135 3473 1248 3528; x_wconf 91' lang='lat' dir='ltr'><strong>ducatur</strong></span> <span class='ocrx_word' id='word_1_465' title='bbox 1262 3479 1288 3527; x_wconf 93' lang='lat' dir='ltr'><strong>et</strong></span> <span class='ocrx_word' id='word_1_466' title='bbox 1303 3471 1407 3527; x_wconf 89' lang='lat' dir='ltr'><strong>ordinis</strong></span> <span class='ocrx_word' id='word_1_467' title='bbox 1417 3472 1574 3543; x_wconf 88' lang='lat' dir='ltr'><strong>ingressum</strong></span> <span class='ocrx_word' id='word_1_468' title='bbox 1588 3477 1674 3543; x_wconf 86' lang='lat' dir='ltr'><strong>petat.</strong></span> <span class='ocrx_word' id='word_1_469' title='bbox 1691 3469 1748 3528; x_wconf 84' lang='lat' dir='ltr'><strong>Sed</strong></span> <span class='ocrx_word' id='word_1_470' title='bbox 1762 3486 1824 3543; x_wconf 77' lang='lat' dir='ltr'><strong>poa</strong></span> 
     </span>
     <span class='ocr_line' id='line_1_36' title="bbox 173 3557 1823 3634; baseline -0.002 -16"><span class='ocrx_word' id='word_1_471' title='bbox 173 3562 212 3618; x_wconf 90' lang='lat' dir='ltr'><strong>ris</strong></span> <span class='ocrx_word' id='word_1_472' title='bbox 227 3562 417 3618; x_wconf 89' lang='lat' dir='ltr'><strong>constitutione</strong></span> <span class='ocrx_word' id='word_1_473' title='bbox 433 3563 467 3617; x_wconf 90' lang='lat' dir='ltr'><strong>sit</strong></span> <span class='ocrx_word' id='word_1_474' title='bbox 486 3562 639 3633; x_wconf 85' lang='lat' dir='ltr'><strong>praeditus,·</strong></span> <span class='ocrx_word' id='word_1_475' title='bbox 654 3562 701 3634; x_wconf 94' lang='lat' dir='ltr'><strong>qui</strong></span> <span class='ocrx_word' id='word_1_476' title='bbox 714 3561 786 3617; x_wconf 91' lang='lat' dir='ltr'><strong>enim</strong></span> <span class='ocrx_word' id='word_1_477' title='bbox 800 3562 973 3617; x_wconf 91' lang='lat' dir='ltr'><strong>constitutio·</strong></span> <span class='ocrx_word' id='word_1_478' title='bbox 1023 3568 1067 3616; x_wconf 88' lang='lat' dir='ltr'><strong>tea</strong></span> <span class='ocrx_word' id='word_1_479' title='bbox 1082 3561 1201 3616; x_wconf 88' lang='lat' dir='ltr'><strong>scientes</strong></span> <span class='ocrx_word' id='word_1_480' title='bbox 1215 3559 1289 3633; x_wconf 92' lang='lat' dir='ltr'><strong>quod</strong></span> <span class='ocrx_word' id='word_1_481' title='bbox 1308 3560 1399 3616; x_wconf 90' lang='lat' dir='ltr'><strong>omnia</strong></span> <span class='ocrx_word' id='word_1_482' title='bbox 1427 3559 1545 3615; x_wconf 89' lang='lat' dir='ltr'><strong>debeant</strong></span> <span class='ocrx_word' id='word_1_483' title='bbox 1564 3558 1686 3616; x_wconf 84' lang='lat' dir='ltr'><strong>suaviter</strong></span> <span class='ocrx_word' id='word_1_484' title='bbox 1712 3557 1823 3631; x_wconf 91' lang='lat' dir='ltr'><strong>disponi</strong></span> 
     </span>
     <span class='ocr_line' id='line_1_37' title="bbox 173 3645 1824 3719; baseline -0.001 -13"><span class='ocrx_word' id='word_1_485' title='bbox 173 3651 217 3706; x_wconf 90' lang='lat' dir='ltr'><strong>nis</strong></span> <span class='ocrx_word' id='word_1_486' title='bbox 238 3649 418 3717; x_wconf 72' lang='lat' dir='ltr'><strong>melancolica,</strong></span> <span class='ocrx_word' id='word_1_487' title='bbox 435 3651 493 3707; x_wconf 87' lang='lat' dir='ltr'><strong>sive</strong></span> <span class='ocrx_word' id='word_1_488' title='bbox 518 3650 646 3706; x_wconf 88' lang='lat' dir='ltr'><strong>atrabiles</strong></span> <span class='ocrx_word' id='word_1_489' title='bbox 673 3659 744 3719; x_wconf 90' lang='lat' dir='ltr'><strong>sunt,</strong></span> <span class='ocrx_word' id='word_1_490' title='bbox 767 3650 907 3706; x_wconf 92' lang='lat' dir='ltr'><strong>solitudini</strong></span> <span class='ocrx_word' id='word_1_491' title='bbox 919 3666 973 3705; x_wconf 92' lang='lat' dir='ltr'><strong>no·</strong></span> <span class='ocrx_word' id='word_1_492' title='bbox 1023 3649 1097 3706; x_wconf 88' lang='lat' dir='ltr'><strong>circa</strong></span> <span class='ocrx_word' id='word_1_493' title='bbox 1125 3650 1270 3705; x_wconf 89' lang='lat' dir='ltr'><strong>humanam</strong></span> <span class='ocrx_word' id='word_1_494' title='bbox 1297 3647 1490 3716; x_wconf 86' lang='lat' dir='ltr'><strong>infirmitatem,</strong></span> <span class='ocrx_word' id='word_1_495' title='bbox 1506 3656 1536 3703; x_wconf 91' lang='lat' dir='ltr'><strong>ut</strong></span> <span class='ocrx_word' id='word_1_496' title='bbox 1549 3648 1585 3704; x_wconf 91' lang='lat' dir='ltr'><strong>ad</strong></span> <span class='ocrx_word' id='word_1_497' title='bbox 1610 3645 1695 3703; x_wconf 84' lang='lat' dir='ltr'><strong>linem</strong></span> <span class='ocrx_word' id='word_1_498' title='bbox 1715 3645 1824 3704; x_wconf 79' lang='lat' dir='ltr'><strong>fortiter</strong></span> 
     </span>
     <span class='ocr_line' id='line_1_38' title="bbox 173 3735 1823 3811; baseline -0.002 -17"><span class='ocrx_word' id='word_1_499' title='bbox 173 3747 237 3794; x_wconf 86' lang='lat' dir='ltr'><strong>strae</strong></span> <span class='ocrx_word' id='word_1_500' title='bbox 250 3756 305 3795; x_wconf 93' lang='lat' dir='ltr'><strong>non</strong></span> <span class='ocrx_word' id='word_1_501' title='bbox 319 3747 383 3794; x_wconf 89' lang='lat' dir='ltr'><strong>sunt</strong></span> <span class='ocrx_word' id='word_1_502' title='bbox 395 3738 462 3809; x_wconf 88' lang='lat' dir='ltr'><strong>apti.</strong></span> <span class='ocrx_word' id='word_1_503' title='bbox 482 3739 533 3794; x_wconf 85' lang='lat' dir='ltr'><strong>llic</strong></span> <span class='ocrx_word' id='word_1_504' title='bbox 547 3746 636 3795; x_wconf 90' lang='lat' dir='ltr'><strong>autem</strong></span> <span class='ocrx_word' id='word_1_505' title='bbox 652 3739 729 3810; x_wconf 87' lang='lat' dir='ltr'><strong>rigor</strong></span> <span class='ocrx_word' id='word_1_506' title='bbox 753 3738 895 3809; x_wconf 93' lang='lat' dir='ltr'><strong>probandi,</strong></span> <span class='ocrx_word' id='word_1_507' title='bbox 916 3738 972 3794; x_wconf 91' lang='lat' dir='ltr'><strong>imo</strong></span> <span class='ocrx_word' id='word_1_508' title='bbox 1022 3737 1179 3811; x_wconf 89' lang='lat' dir='ltr'><strong>attingatur,</strong></span> <span class='ocrx_word' id='word_1_509' title='bbox 1195 3738 1299 3810; x_wconf 75' lang='lat' dir='ltr'><strong>gradm</strong></span> <span class='ocrx_word' id='word_1_510' title='bbox 1314 3738 1462 3794; x_wconf 86' lang='lat' dir='ltr'><strong>observant</strong></span> <span class='ocrx_word' id='word_1_511' title='bbox 1475 3737 1503 3792; x_wconf 93' lang='lat' dir='ltr'><strong>in</strong></span> <span class='ocrx_word' id='word_1_512' title='bbox 1524 3735 1694 3808; x_wconf 85' lang='lat' dir='ltr'><strong>probationis</strong></span> <span class='ocrx_word' id='word_1_513' title='bbox 1708 3735 1823 3794; x_wconf 82' lang='lat' dir='ltr'><strong>exerci-</strong></span> 
     </span>
     <span class='ocr_line' id='line_1_39' title="bbox 173 3823 1822 3898; baseline -0.002 -15"><span class='ocrx_word' id='word_1_514' title='bbox 173 3827 294 3883; x_wconf 88' lang='lat' dir='ltr'><strong>terrendi</strong></span> <span class='ocrx_word' id='word_1_515' title='bbox 313 3826 492 3898; x_wconf 88' lang='lat' dir='ltr'><strong>postulantes,</strong></span> <span class='ocrx_word' id='word_1_516' title='bbox 508 3843 589 3898; x_wconf 89' lang='lat' dir='ltr'><strong>quem</strong></span> <span class='ocrx_word' id='word_1_517' title='bbox 611 3827 735 3898; x_wconf 81' lang='lat' dir='ltr'><strong>suggerit</strong></span> <span class='ocrx_word' id='word_1_518' title='bbox 759 3827 799 3882; x_wconf 89' lang='lat' dir='ltr'><strong>vir</strong></span> <span class='ocrx_word' id='word_1_519' title='bbox 812 3833 932 3893; x_wconf 89' lang='lat' dir='ltr'><strong>sanctus,</strong></span> <span class='ocrx_word' id='word_1_520' title='bbox 948 3826 972 3881; x_wconf 92' lang='lat' dir='ltr'><strong>si</strong></span> <span class='ocrx_word' id='word_1_521' title='bbox 1024 3826 1086 3892; x_wconf 89' lang='lat' dir='ltr'><strong>tiis;</strong></span> <span class='ocrx_word' id='word_1_522' title='bbox 1102 3826 1226 3882; x_wconf 86' lang='lat' dir='ltr'><strong>visitatur</strong></span> <span class='ocrx_word' id='word_1_523' title='bbox 1252 3826 1376 3898; x_wconf 85' lang='lat' dir='ltr'><strong>saepiusa</strong></span> <span class='ocrx_word' id='word_1_524' title='bbox 1389 3824 1480 3897; x_wconf 91' lang='lat' dir='ltr'><strong>priore</strong></span> <span class='ocrx_word' id='word_1_525' title='bbox 1507 3824 1634 3893; x_wconf 78' lang='lat' dir='ltr'><strong>novitius,</strong></span> <span class='ocrx_word' id='word_1_526' title='bbox 1650 3831 1681 3880; x_wconf 92' lang='lat' dir='ltr'><strong>ut</strong></span> <span class='ocrx_word' id='word_1_527' title='bbox 1694 3823 1722 3880; x_wconf 92' lang='lat' dir='ltr'><strong>in</strong></span> <span class='ocrx_word' id='word_1_528' title='bbox 1736 3823 1822 3897; x_wconf 90' lang='lat' dir='ltr'><strong>spiri·</strong></span> 
     </span>
     <span class='ocr_line' id='line_1_40' title="bbox 174 3900 1824 3985; baseline 0.001 -16"><span class='ocrx_word' id='word_1_529' title='bbox 174 3915 260 3970; x_wconf 89' lang='lat' dir='ltr'><strong>semel</strong></span> <span class='ocrx_word' id='word_1_530' title='bbox 274 3930 291 3969; x_wconf 91' lang='lat' dir='ltr'><strong>a</strong></span> <span class='ocrx_word' id='word_1_531' title='bbox 305 3915 385 3969; x_wconf 91' lang='lat' dir='ltr'><strong>nobis</strong></span> <span class='ocrx_word' id='word_1_532' title='bbox 399 3915 451 3969; x_wconf 90' lang='lat' dir='ltr'><strong>sub</strong></span> <span class='ocrx_word' id='word_1_533' title='bbox 466 3914 614 3971; x_wconf 89' lang='lat' dir='ltr'><strong>indiscreto</strong></span> <span class='ocrx_word' id='word_1_534' title='bbox 627 3922 758 3985; x_wconf 84' lang='lat' dir='ltr'><strong>praetextu</strong></span> <span class='ocrx_word' id='word_1_535' title='bbox 773 3914 910 3970; x_wconf 90' lang='lat' dir='ltr'><strong>charitatis</strong></span> <span class='ocrx_word' id='word_1_536' title='bbox 924 3929 971 3970; x_wconf 91' lang='lat' dir='ltr'><strong>re·</strong></span> <span class='ocrx_word' id='word_1_537' title='bbox 1022 3915 1139 3970; x_wconf 90' lang='lat' dir='ltr'><strong>tualibus</strong></span> <span class='ocrx_word' id='word_1_538' title='bbox 1153 3915 1310 3983; x_wconf 89' lang='lat' dir='ltr'><strong>instruatur,</strong></span> <span class='ocrx_word' id='word_1_539' title='bbox 1326 3922 1353 3970; x_wconf 93' lang='lat' dir='ltr'><strong>et</strong></span> <span class='ocrx_word' id='word_1_540' title='bbox 1367 3913 1408 3970; x_wconf 90' lang='lat' dir='ltr'><strong>sic</strong></span> <span class='ocrx_word' id='word_1_541' title='bbox 1415 3913 1598 3985; x_wconf 90' lang='lat' dir='ltr'><strong>spiritualibus</strong></span> <span class='ocrx_word' id='word_1_542' title='bbox 1608 3900 1824 3970; x_wconf 59' lang='lat' dir='ltr'><strong>alimentis‘enu-</strong></span> 
     </span>
     <span class='ocr_line' id='line_1_41' title="bbox 174 4000 1823 4074; baseline 0.002 -18"><span class='ocrx_word' id='word_1_543' title='bbox 174 4001 291 4068; x_wconf 85' lang='lat' dir='ltr'><strong>laxetur,</strong></span> <span class='ocrx_word' id='word_1_544' title='bbox 306 4000 423 4057; x_wconf 90' lang='lat' dir='ltr'><strong>infirmis</strong></span> <span class='ocrx_word' id='word_1_545' title='bbox 437 4009 463 4057; x_wconf 92' lang='lat' dir='ltr'><strong>et</strong></span> <span class='ocrx_word' id='word_1_546' title='bbox 477 4001 612 4056; x_wconf 92' lang='lat' dir='ltr'><strong>debilibus</strong></span> <span class='ocrx_word' id='word_1_547' title='bbox 626 4002 723 4057; x_wconf 90' lang='lat' dir='ltr'><strong>domos</strong></span> <span class='ocrx_word' id='word_1_548' title='bbox 746 4010 855 4057; x_wconf 89' lang='lat' dir='ltr'><strong>nostras</strong></span> <span class='ocrx_word' id='word_1_549' title='bbox 882 4002 973 4073; x_wconf 84' lang='lat' dir='ltr'><strong>repla-</strong></span> <span class='ocrx_word' id='word_1_550' title='bbox 1022 4004 1101 4058; x_wconf 86' lang='lat' dir='ltr'><strong>tritus</strong></span> <span class='ocrx_word' id='word_1_551' title='bbox 1116 4002 1255 4059; x_wconf 91' lang='lat' dir='ltr'><strong>adolescat</strong></span> <span class='ocrx_word' id='word_1_552' title='bbox 1268 4003 1296 4059; x_wconf 93' lang='lat' dir='ltr'><strong>in</strong></span> <span class='ocrx_word' id='word_1_553' title='bbox 1315 4018 1365 4058; x_wconf 91' lang='lat' dir='ltr'><strong>suo</strong></span> <span class='ocrx_word' id='word_1_554' title='bbox 1379 4002 1530 4074; x_wconf 88' lang='lat' dir='ltr'><strong>proposito,</strong></span> <span class='ocrx_word' id='word_1_555' title='bbox 1547 4001 1635 4058; x_wconf 90' lang='lat' dir='ltr'><strong>donec</strong></span> <span class='ocrx_word' id='word_1_556' title='bbox 1648 4002 1684 4057; x_wconf 90' lang='lat' dir='ltr'><strong>ad</strong></span> <span class='ocrx_word' id='word_1_557' title='bbox 1710 4002 1823 4059; x_wconf 88' lang='lat' dir='ltr'><strong>institu-</strong></span> 
     </span>
     <span class='ocr_line' id='line_1_42' title="bbox 175 4088 1823 4164; baseline 0.001 -19"><span class='ocrx_word' id='word_1_558' title='bbox 175 4091 273 4157; x_wconf 91' lang='lat' dir='ltr'><strong>bimus,</strong></span> <span class='ocrx_word' id='word_1_559' title='bbox 290 4106 305 4145; x_wconf 96' lang='lat' dir='ltr'><strong>a</strong></span> <span class='ocrx_word' id='word_1_560' title='bbox 320 4090 418 4162; x_wconf 92' lang='lat' dir='ltr'><strong>quibus</strong></span> <span class='ocrx_word' id='word_1_561' title='bbox 432 4088 567 4162; x_wconf 90' lang='lat' dir='ltr'><strong>propositi</strong></span> <span class='ocrx_word' id='word_1_562' title='bbox 581 4089 780 4146; x_wconf 90' lang='lat' dir='ltr'><strong>Cartbusiensis</strong></span> <span class='ocrx_word' id='word_1_563' title='bbox 795 4091 972 4147; x_wconf 85' lang='lat' dir='ltr'><strong>observantia</strong></span> <span class='ocrx_word' id='word_1_564' title='bbox 1021 4099 1078 4146; x_wconf 90' lang='lat' dir='ltr'><strong>tum</strong></span> <span class='ocrx_word' id='word_1_565' title='bbox 1106 4092 1269 4148; x_wconf 83' lang='lat' dir='ltr'><strong>servandum</strong></span> <span class='ocrx_word' id='word_1_566' title='bbox 1296 4108 1346 4164; x_wconf 89' lang='lat' dir='ltr'><strong>per</strong></span> <span class='ocrx_word' id='word_1_567' title='bbox 1374 4089 1574 4163; x_wconf 86' lang='lat' dir='ltr'><strong>professionem</strong></span> <span class='ocrx_word' id='word_1_568' title='bbox 1588 4099 1615 4146; x_wconf 93' lang='lat' dir='ltr'><strong>et</strong></span> <span class='ocrx_word' id='word_1_569' title='bbox 1642 4097 1706 4147; x_wconf 84' lang='lat' dir='ltr'><strong>rota</strong></span> <span class='ocrx_word' id='word_1_570' title='bbox 1720 4091 1823 4147; x_wconf 85' lang='lat' dir='ltr'><strong>emissa</strong></span> 
     </span>
     <span class='ocr_line' id='line_1_43' title="bbox 173 4177 1822 4252; baseline -0.001 -17"><span class='ocrx_word' id='word_1_571' title='bbox 173 4179 337 4250; x_wconf 89' lang='lat' dir='ltr'><strong>nonpoterit</strong></span> <span class='ocrx_word' id='word_1_572' title='bbox 347 4178 471 4246; x_wconf 85' lang='lat' dir='ltr'><strong>servari;</strong></span> <span class='ocrx_word' id='word_1_573' title='bbox 487 4186 515 4244; x_wconf 85' lang='lat' dir='ltr'><strong>et</strong></span> <span class='ocrx_word' id='word_1_574' title='bbox 528 4178 667 4251; x_wconf 90' lang='lat' dir='ltr'><strong>quidinde</strong></span> <span class='ocrx_word' id='word_1_575' title='bbox 682 4179 906 4237; x_wconf 79' lang='lat' dir='ltr'><strong>eveniethemo</strong></span> <span class='ocrx_word' id='word_1_576' title='bbox 915 4195 970 4235; x_wconf 91' lang='lat' dir='ltr'><strong>non</strong></span> <span class='ocrx_word' id='word_1_577' title='bbox 1021 4196 1051 4235; x_wconf 90' lang='lat' dir='ltr'><strong>se</strong></span> <span class='ocrx_word' id='word_1_578' title='bbox 1064 4180 1177 4252; x_wconf 87' lang='lat' dir='ltr'><strong>obliget.</strong></span> <span class='ocrx_word' id='word_1_579' title='bbox 1192 4179 1272 4236; x_wconf 86' lang='lat' dir='ltr'><strong>Tales</strong></span> <span class='ocrx_word' id='word_1_580' title='bbox 1286 4188 1375 4236; x_wconf 90' lang='lat' dir='ltr'><strong>autem</strong></span> <span class='ocrx_word' id='word_1_581' title='bbox 1390 4178 1507 4236; x_wconf 79' lang='lat' dir='ltr'><strong>licentiae</strong></span> <span class='ocrx_word' id='word_1_582' title='bbox 1515 4177 1645 4251; x_wconf 92' lang='lat' dir='ltr'><strong>loquendi</strong></span> <span class='ocrx_word' id='word_1_583' title='bbox 1652 4194 1715 4236; x_wconf 91' lang='lat' dir='ltr'><strong>cum</strong></span> <span class='ocrx_word' id='word_1_584' title='bbox 1724 4179 1822 4252; x_wconf 91' lang='lat' dir='ltr'><strong>coqui-</strong></span> 
     </span>
     <span class='ocr_line' id='line_1_44' title="bbox 173 4266 1822 4342; baseline -0.001 -18"><span class='ocrx_word' id='word_1_585' title='bbox 173 4267 260 4324; x_wconf 84' lang='lat' dir='ltr'><strong>ridet.</strong></span> <span class='ocrx_word' id='word_1_586' title='bbox 280 4268 320 4323; x_wconf 89' lang='lat' dir='ltr'><strong>Ex</strong></span> <span class='ocrx_word' id='word_1_587' title='bbox 335 4266 584 4339; x_wconf 90' lang='lat' dir='ltr'><strong>dispensationibus</strong></span> <span class='ocrx_word' id='word_1_588' title='bbox 612 4268 684 4323; x_wconf 91' lang='lat' dir='ltr'><strong>enim</strong></span> <span class='ocrx_word' id='word_1_589' title='bbox 711 4267 892 4338; x_wconf 87' lang='lat' dir='ltr'><strong>multiplicatis</strong></span> <span class='ocrx_word' id='word_1_590' title='bbox 907 4283 970 4324; x_wconf 87' lang='lat' dir='ltr'><strong>nas·</strong></span> <span class='ocrx_word' id='word_1_591' title='bbox 1020 4269 1097 4325; x_wconf 91' lang='lat' dir='ltr'><strong>nario</strong></span> <span class='ocrx_word' id='word_1_592' title='bbox 1111 4268 1211 4324; x_wconf 92' lang='lat' dir='ltr'><strong>nostris</strong></span> <span class='ocrx_word' id='word_1_593' title='bbox 1226 4268 1335 4325; x_wconf 88' lang='lat' dir='ltr'><strong>novitiis</strong></span> <span class='ocrx_word' id='word_1_594' title='bbox 1349 4283 1404 4325; x_wconf 91' lang='lat' dir='ltr'><strong>non</strong></span> <span class='ocrx_word' id='word_1_595' title='bbox 1417 4267 1533 4340; x_wconf 88' lang='lat' dir='ltr'><strong>amplius</strong></span> <span class='ocrx_word' id='word_1_596' title='bbox 1547 4269 1656 4334; x_wconf 87' lang='lat' dir='ltr'><strong>dantur,</strong></span> <span class='ocrx_word' id='word_1_597' title='bbox 1674 4276 1702 4324; x_wconf 90' lang='lat' dir='ltr'><strong>et</strong></span> <span class='ocrx_word' id='word_1_598' title='bbox 1711 4268 1822 4342; x_wconf 87' lang='lat' dir='ltr'><strong>integra</strong></span> 
     </span>
     <span class='ocr_line' id='line_1_45' title="bbox 174 4330 1819 4431; baseline -0.001 -19"><span class='ocrx_word' id='word_1_599' title='bbox 174 4363 271 4412; x_wconf 91' lang='lat' dir='ltr'><strong>cuntur</strong></span> <span class='ocrx_word' id='word_1_600' title='bbox 295 4356 527 4424; x_wconf 72' lang='lat' dir='ltr'><strong>consuetudines,</strong></span> <span class='ocrx_word' id='word_1_601' title='bbox 544 4373 577 4412; x_wconf 88' lang='lat' dir='ltr'><strong>ex</strong></span> <span class='ocrx_word' id='word_1_602' title='bbox 610 4356 852 4413; x_wconf 90' lang='lat' dir='ltr'><strong>consuetudinibus</strong></span> <span class='ocrx_word' id='word_1_603' title='bbox 876 4330 1006 4412; x_wconf 78' lang='lat' dir='ltr'><strong>contraO</strong></span> <span class='ocrx_word' id='word_1_604' title='bbox 1020 4357 1196 4414; x_wconf 89' lang='lat' dir='ltr'><strong>observantia</strong></span> <span class='ocrx_word' id='word_1_605' title='bbox 1211 4356 1314 4413; x_wconf 90' lang='lat' dir='ltr'><strong>abillis</strong></span> <span class='ocrx_word' id='word_1_606' title='bbox 1329 4355 1457 4431; x_wconf 89' lang='lat' dir='ltr'><strong>exigitur,</strong></span> <span class='ocrx_word' id='word_1_607' title='bbox 1473 4355 1537 4428; x_wconf 88' lang='lat' dir='ltr'><strong>quia</strong></span> <span class='ocrx_word' id='word_1_608' title='bbox 1551 4355 1819 4424; x_wconf 83' lang='lat' dir='ltr'><strong>sufficerecreditur,</strong></span> 
     </span>
     <span class='ocr_line' id='line_1_46' title="bbox 174 4442 1819 4518; baseline 0.002 -20"><span class='ocrx_word' id='word_1_609' title='bbox 174 4443 295 4498; x_wconf 89' lang='lat' dir='ltr'><strong>instituta</strong></span> <span class='ocrx_word' id='word_1_610' title='bbox 308 4444 458 4514; x_wconf 85' lang='lat' dir='ltr'><strong>monastica</strong></span> <span class='ocrx_word' id='word_1_611' title='bbox 473 4443 559 4500; x_wconf 91' lang='lat' dir='ltr'><strong>semel</strong></span> <span class='ocrx_word' id='word_1_612' title='bbox 576 4445 736 4501; x_wconf 90' lang='lat' dir='ltr'><strong>introductis</strong></span> <span class='ocrx_word' id='word_1_613' title='bbox 752 4445 873 4500; x_wconf 89' lang='lat' dir='ltr'><strong>nascitur</strong></span> <span class='ocrx_word' id='word_1_614' title='bbox 885 4460 971 4515; x_wconf 80' lang='lat' dir='ltr'><strong>prava</strong></span> <span class='ocrx_word' id='word_1_615' title='bbox 1021 4445 1044 4501; x_wconf 91' lang='lat' dir='ltr'><strong>si</strong></span> <span class='ocrx_word' id='word_1_616' title='bbox 1059 4446 1267 4518; x_wconf 91' lang='lat' dir='ltr'><strong>spatiamentum</strong></span> <span class='ocrx_word' id='word_1_617' title='bbox 1282 4461 1344 4502; x_wconf 91' lang='lat' dir='ltr'><strong>curn</strong></span> <span class='ocrx_word' id='word_1_618' title='bbox 1372 4444 1514 4501; x_wconf 90' lang='lat' dir='ltr'><strong>monachis</strong></span> <span class='ocrx_word' id='word_1_619' title='bbox 1543 4444 1629 4500; x_wconf 89' lang='lat' dir='ltr'><strong>semel</strong></span> <span class='ocrx_word' id='word_1_620' title='bbox 1652 4442 1682 4500; x_wconf 92' lang='lat' dir='ltr'><strong>in</strong></span> <span class='ocrx_word' id='word_1_621' title='bbox 1709 4445 1819 4502; x_wconf 85' lang='lat' dir='ltr'><strong>hebdo-</strong></span> 
     </span>
     <span class='ocr_line' id='line_1_47' title="bbox 174 4532 1247 4606; baseline 0.003 -20"><span class='ocrx_word' id='word_1_622' title='bbox 174 4532 295 4598; x_wconf 90' lang='lat' dir='ltr'><strong>libertas,</strong></span> <span class='ocrx_word' id='word_1_623' title='bbox 308 4541 334 4588; x_wconf 90' lang='lat' dir='ltr'><strong>et</strong></span> <span class='ocrx_word' id='word_1_624' title='bbox 347 4549 381 4587; x_wconf 92' lang='lat' dir='ltr'><strong>ex</strong></span> <span class='ocrx_word' id='word_1_625' title='bbox 395 4533 446 4589; x_wconf 89' lang='lat' dir='ltr'><strong>hac</strong></span> <span class='ocrx_word' id='word_1_626' title='bbox 461 4533 587 4588; x_wconf 90' lang='lat' dir='ltr'><strong>libertate</strong></span> <span class='ocrx_word' id='word_1_627' title='bbox 603 4533 680 4588; x_wconf 89' lang='lat' dir='ltr'><strong>ruina</strong></span> <span class='ocrx_word' id='word_1_628' title='bbox 694 4533 871 4589; x_wconf 71' lang='lat' dir='ltr'><strong>observantiae</strong></span> <span class='ocrx_word' id='word_1_629' title='bbox 886 4549 971 4606; x_wconf 91' lang='lat' dir='ltr'><strong>regu-</strong></span> <span class='ocrx_word' id='word_1_630' title='bbox 1019 4535 1102 4590; x_wconf 90' lang='lat' dir='ltr'><strong>mada</strong></span> <span class='ocrx_word' id='word_1_631' title='bbox 1120 4534 1247 4590; x_wconf 90' lang='lat' dir='ltr'><strong>habeant.</strong></span> 
     </span>
     <span class='ocr_line' id='line_1_48' title="bbox 174 4620 1818 4693; baseline 0.001 -17"><span class='ocrx_word' id='word_1_632' title='bbox 174 4620 249 4676; x_wconf 90' lang='lat' dir='ltr'><strong>laris.</strong></span> <span class='ocrx_word' id='word_1_633' title='bbox 266 4623 339 4678; x_wconf 88' lang='lat' dir='ltr'><strong>Ecce</strong></span> <span class='ocrx_word' id='word_1_634' title='bbox 353 4637 406 4693; x_wconf 93' lang='lat' dir='ltr'><strong>quo</strong></span> <span class='ocrx_word' id='word_1_635' title='bbox 418 4622 529 4677; x_wconf 92' lang='lat' dir='ltr'><strong>tandem</strong></span> <span class='ocrx_word' id='word_1_636' title='bbox 546 4622 703 4693; x_wconf 82' lang='lat' dir='ltr'><strong>perveniret</strong></span> <span class='ocrx_word' id='word_1_637' title='bbox 718 4620 843 4692; x_wconf 80' lang='lat' dir='ltr'><strong>quaedam</strong></span> <span class='ocrx_word' id='word_1_638' title='bbox 857 4620 971 4676; x_wconf 88' lang='lat' dir='ltr'><strong>mollitia</strong></span> <span class='ocrx_word' id='word_1_639' title='bbox 1056 4624 1120 4679; x_wconf 84' lang='lat' dir='ltr'><strong>llaec</strong></span> <span class='ocrx_word' id='word_1_640' title='bbox 1134 4630 1256 4679; x_wconf 85' lang='lat' dir='ltr'><strong>vetemm</strong></span> <span class='ocrx_word' id='word_1_641' title='bbox 1270 4623 1380 4678; x_wconf 87' lang='lat' dir='ltr'><strong>Patrnm</strong></span> <span class='ocrx_word' id='word_1_642' title='bbox 1389 4629 1543 4678; x_wconf 89' lang='lat' dir='ltr'><strong>nostrorum</strong></span> <span class='ocrx_word' id='word_1_643' title='bbox 1558 4620 1760 4678; x_wconf 84' lang='lat' dir='ltr'><strong>circanoritios</strong></span> <span class='ocrx_word' id='word_1_644' title='bbox 1774 4621 1818 4678; x_wconf 91' lang='lat' dir='ltr'><strong>di·</strong></span> 
     </span>
     <span class='ocr_line' id='line_1_49' title="bbox 173 4708 1818 4782; baseline 0.002 -19"><span class='ocrx_word' id='word_1_645' title='bbox 173 4709 202 4763; x_wconf 93' lang='lat' dir='ltr'><strong>in</strong></span> <span class='ocrx_word' id='word_1_646' title='bbox 221 4710 370 4780; x_wconf 92' lang='lat' dir='ltr'><strong>probandis</strong></span> <span class='ocrx_word' id='word_1_647' title='bbox 385 4719 411 4765; x_wconf 91' lang='lat' dir='ltr'><strong>et</strong></span> <span class='ocrx_word' id='word_1_648' title='bbox 427 4709 577 4766; x_wconf 90' lang='lat' dir='ltr'><strong>educandis</strong></span> <span class='ocrx_word' id='word_1_649' title='bbox 596 4708 716 4776; x_wconf 87' lang='lat' dir='ltr'><strong>novitiis,</strong></span> <span class='ocrx_word' id='word_1_650' title='bbox 732 4709 756 4763; x_wconf 90' lang='lat' dir='ltr'><strong>si</strong></span> <span class='ocrx_word' id='word_1_651' title='bbox 768 4709 840 4780; x_wconf 90' lang='lat' dir='ltr'><strong>apud</strong></span> <span class='ocrx_word' id='word_1_652' title='bbox 855 4724 906 4765; x_wconf 92' lang='lat' dir='ltr'><strong>nos</strong></span> <span class='ocrx_word' id='word_1_653' title='bbox 920 4709 971 4765; x_wconf 89' lang='lat' dir='ltr'><strong>ad·</strong></span> <span class='ocrx_word' id='word_1_654' title='bbox 1020 4711 1133 4782; x_wconf 91' lang='lat' dir='ltr'><strong>sciplina</strong></span> <span class='ocrx_word' id='word_1_655' title='bbox 1148 4710 1227 4766; x_wconf 92' lang='lat' dir='ltr'><strong>bonis</strong></span> <span class='ocrx_word' id='word_1_656' title='bbox 1249 4711 1283 4766; x_wconf 90' lang='lat' dir='ltr'><strong>de</strong></span> <span class='ocrx_word' id='word_1_657' title='bbox 1297 4709 1386 4766; x_wconf 90' lang='lat' dir='ltr'><strong>causis</strong></span> <span class='ocrx_word' id='word_1_658' title='bbox 1396 4718 1424 4765; x_wconf 94' lang='lat' dir='ltr'><strong>et</strong></span> <span class='ocrx_word' id='word_1_659' title='bbox 1444 4725 1495 4782; x_wconf 89' lang='lat' dir='ltr'><strong>per</strong></span> <span class='ocrx_word' id='word_1_660' title='bbox 1522 4708 1611 4765; x_wconf 82' lang='lat' dir='ltr'><strong>varias</strong></span> <span class='ocrx_word' id='word_1_661' title='bbox 1633 4708 1818 4781; x_wconf 87' lang='lat' dir='ltr'><strong>experientias</strong></span> 
     </span>
     <span class='ocr_line' id='line_1_50' title="bbox 174 4797 1820 4871; baseline 0.001 -19"><span class='ocrx_word' id='word_1_662' title='bbox 174 4798 336 4854; x_wconf 88' lang='lat' dir='ltr'><strong>mitteretur.</strong></span> <span class='ocrx_word' id='word_1_663' title='bbox 1019 4798 1196 4866; x_wconf 83' lang='lat' dir='ltr'><strong>confirmatis,</strong></span> <span class='ocrx_word' id='word_1_664' title='bbox 1213 4799 1260 4855; x_wconf 87' lang='lat' dir='ltr'><strong>luit</strong></span> <span class='ocrx_word' id='word_1_665' title='bbox 1274 4799 1363 4870; x_wconf 93' lang='lat' dir='ltr'><strong>aliqua</strong></span> <span class='ocrx_word' id='word_1_666' title='bbox 1376 4806 1450 4871; x_wconf 91' lang='lat' dir='ltr'><strong>parte</strong></span> <span class='ocrx_word' id='word_1_667' title='bbox 1466 4797 1494 4852; x_wconf 89' lang='lat' dir='ltr'><strong>in</strong></span> <span class='ocrx_word' id='word_1_668' title='bbox 1508 4797 1606 4853; x_wconf 90' lang='lat' dir='ltr'><strong>melius</strong></span> <span class='ocrx_word' id='word_1_669' title='bbox 1628 4806 1742 4866; x_wconf 90' lang='lat' dir='ltr'><strong>mutata,</strong></span> <span class='ocrx_word' id='word_1_670' title='bbox 1770 4814 1820 4870; x_wconf 90' lang='lat' dir='ltr'><strong>per</strong></span> 
     </span>
     <span class='ocr_line' id='line_1_51' title="bbox 210 4885 1819 4960; baseline 0.002 -19"><span class='ocrx_word' id='word_1_671' title='bbox 210 4886 279 4942; x_wconf 90' lang='lat' dir='ltr'><strong>lbid.</strong></span> <span class='ocrx_word' id='word_1_672' title='bbox 292 4889 318 4940; x_wconf 88' lang='lat' dir='ltr'><strong>l.</strong></span> <span class='ocrx_word' id='word_1_673' title='bbox 334 4888 369 4941; x_wconf 78' lang='lat' dir='ltr'><strong>nt</strong></span> <span class='ocrx_word' id='word_1_674' title='bbox 384 4887 449 4958; x_wconf 85' lang='lat' dir='ltr'><strong>qaia</strong></span> <span class='ocrx_word' id='word_1_675' title='bbox 468 4885 702 4956; x_wconf 74' lang='lat' dir='ltr'><strong>congregationis,</strong></span> <span class='ocrx_word' id='word_1_676' title='bbox 720 4891 783 4952; x_wconf 82' lang='lat' dir='ltr'><strong>etc,</strong></span> <span class='ocrx_word' id='word_1_677' title='bbox 800 4889 895 4941; x_wconf 83' lang='lat' dir='ltr'><strong>certas</strong></span> <span class='ocrx_word' id='word_1_678' title='bbox 917 4903 971 4942; x_wconf 81' lang='lat' dir='ltr'><strong>aa·</strong></span> <span class='ocrx_word' id='word_1_679' title='bbox 1019 4888 1172 4960; x_wconf 90' lang='lat' dir='ltr'><strong>posteriora</strong></span> <span class='ocrx_word' id='word_1_680' title='bbox 1187 4894 1294 4957; x_wconf 89' lang='lat' dir='ltr'><strong>statuta,</strong></span> <span class='ocrx_word' id='word_1_681' title='bbox 1320 4887 1388 4944; x_wconf 91' lang='lat' dir='ltr'><strong>sicut</strong></span> <span class='ocrx_word' id='word_1_682' title='bbox 1416 4886 1541 4943; x_wconf 86' lang='lat' dir='ltr'><strong>ridemus</strong></span> <span class='ocrx_word' id='word_1_683' title='bbox 1563 4886 1665 4942; x_wconf 90' lang='lat' dir='ltr'><strong>lactum</strong></span> <span class='ocrx_word' id='word_1_684' title='bbox 1693 4903 1758 4943; x_wconf 85' lang='lat' dir='ltr'><strong>esse</strong></span> <span class='ocrx_word' id='word_1_685' title='bbox 1771 4903 1819 4959; x_wconf 89' lang='lat' dir='ltr'><strong>per</strong></span> 
     </span>
     <span class='ocr_line' id='line_1_52' title="bbox 174 4973 1819 5047; baseline 0 -18"><span class='ocrx_word' id='word_1_686' title='bbox 174 4990 279 5039; x_wconf 84' lang='lat' dir='ltr'><strong>meras,</strong></span> <span class='ocrx_word' id='word_1_687' title='bbox 309 4982 361 5028; x_wconf 87' lang='lat' dir='ltr'><strong>etc.</strong></span> <span class='ocrx_word' id='word_1_688' title='bbox 382 4975 519 5027; x_wconf 86' lang='lat' dir='ltr'><strong>Numerus</strong></span> <span class='ocrx_word' id='word_1_689' title='bbox 532 4973 728 5027; x_wconf 87' lang='lat' dir='ltr'><strong>monachorum</strong></span> <span class='ocrx_word' id='word_1_690' title='bbox 756 4973 829 5043; x_wconf 88' lang='lat' dir='ltr'><strong>apud</strong></span> <span class='ocrx_word' id='word_1_691' title='bbox 851 4989 902 5029; x_wconf 88' lang='lat' dir='ltr'><strong>nos</strong></span> <span class='ocrx_word' id='word_1_692' title='bbox 916 4989 971 5030; x_wconf 93' lang='lat' dir='ltr'><strong>non</strong></span> <span class='ocrx_word' id='word_1_693' title='bbox 1021 4993 1097 5033; x_wconf 92' lang='lat' dir='ltr'><strong>sacra</strong></span> <span class='ocrx_word' id='word_1_694' title='bbox 1112 4976 1398 5047; x_wconf 88' lang='lat' dir='ltr'><strong>conciliaposteriora,</strong></span> <span class='ocrx_word' id='word_1_695' title='bbox 1415 4991 1476 5047; x_wconf 83' lang='lat' dir='ltr'><strong>quae</strong></span> <span class='ocrx_word' id='word_1_696' title='bbox 1488 4982 1596 5046; x_wconf 91' lang='lat' dir='ltr'><strong>tempus</strong></span> <span class='ocrx_word' id='word_1_697' title='bbox 1605 4974 1780 5046; x_wconf 91' lang='lat' dir='ltr'><strong>probationis</strong></span> <span class='ocrx_word' id='word_1_698' title='bbox 1793 4982 1819 5031; x_wconf 92' lang='lat' dir='ltr'><strong>et</strong></span> 
     </span>
     <span class='ocr_line' id='line_1_53' title="bbox 173 5060 1816 5135; baseline 0.002 -20"><span class='ocrx_word' id='word_1_699' title='bbox 173 5069 261 5132; x_wconf 89' lang='lat' dir='ltr'><strong>potest</strong></span> <span class='ocrx_word' id='word_1_700' title='bbox 276 5061 408 5116; x_wconf 92' lang='lat' dir='ltr'><strong>excedere</strong></span> <span class='ocrx_word' id='word_1_701' title='bbox 424 5077 567 5115; x_wconf 82' lang='lat' dir='ltr'><strong>numerum</strong></span> <span class='ocrx_word' id='word_1_702' title='bbox 589 5060 745 5115; x_wconf 89' lang='lat' dir='ltr'><strong>cellularum</strong></span> <span class='ocrx_word' id='word_1_703' title='bbox 764 5062 866 5132; x_wconf 84' lang='lat' dir='ltr'><strong>quaein</strong></span> <span class='ocrx_word' id='word_1_704' title='bbox 880 5063 971 5134; x_wconf 89' lang='lat' dir='ltr'><strong>quali·</strong></span> <span class='ocrx_word' id='word_1_705' title='bbox 1020 5071 1125 5120; x_wconf 74' lang='lat' dir='ltr'><strong>aetatem</strong></span> <span class='ocrx_word' id='word_1_706' title='bbox 1136 5063 1314 5134; x_wconf 84' lang='lat' dir='ltr'><strong>professionis</strong></span> <span class='ocrx_word' id='word_1_707' title='bbox 1324 5061 1622 5119; x_wconf 87' lang='lat' dir='ltr'><strong>aliterdeterminarunt</strong></span> <span class='ocrx_word' id='word_1_708' title='bbox 1629 5078 1710 5134; x_wconf 88' lang='lat' dir='ltr'><strong>quam</strong></span> <span class='ocrx_word' id='word_1_709' title='bbox 1717 5064 1816 5135; x_wconf 88' lang='lat' dir='ltr'><strong>priora.</strong></span> 
     </span>
     <span class='ocr_line' id='line_1_54' title="bbox 173 5149 1818 5222; baseline 0.001 -17"><span class='ocrx_word' id='word_1_710' title='bbox 173 5151 219 5205; x_wconf 90' lang='lat' dir='ltr'><strong>bet</strong></span> <span class='ocrx_word' id='word_1_711' title='bbox 232 5149 314 5202; x_wconf 91' lang='lat' dir='ltr'><strong>domo</strong></span> <span class='ocrx_word' id='word_1_712' title='bbox 329 5157 492 5204; x_wconf 75' lang='lat' dir='ltr'><strong>constructa</strong></span> <span class='ocrx_word' id='word_1_713' title='bbox 508 5156 579 5203; x_wconf 90' lang='lat' dir='ltr'><strong>sunt.</strong></span> <span class='ocrx_word' id='word_1_714' title='bbox 604 5150 671 5203; x_wconf 87' lang='lat' dir='ltr'><strong>Cum</strong></span> <span class='ocrx_word' id='word_1_715' title='bbox 687 5150 760 5204; x_wconf 89' lang='lat' dir='ltr'><strong>anim</strong></span> <span class='ocrx_word' id='word_1_716' title='bbox 773 5149 823 5205; x_wconf 92' lang='lat' dir='ltr'><strong>soli</strong></span> <span class='ocrx_word' id='word_1_717' title='bbox 838 5151 972 5222; x_wconf 88' lang='lat' dir='ltr'><strong>degamus</strong></span> <span class='ocrx_word' id='word_1_718' title='bbox 1020 5153 1151 5208; x_wconf 81' lang='lat' dir='ltr'><strong>l’oterunt</strong></span> <span class='ocrx_word' id='word_1_719' title='bbox 1164 5161 1228 5208; x_wconf 94' lang='lat' dir='ltr'><strong>tunc</strong></span> <span class='ocrx_word' id='word_1_720' title='bbox 1242 5152 1277 5207; x_wconf 91' lang='lat' dir='ltr'><strong>ab</strong></span> <span class='ocrx_word' id='word_1_721' title='bbox 1292 5152 1388 5207; x_wconf 90' lang='lat' dir='ltr'><strong>ordine</strong></span> <span class='ocrx_word' id='word_1_722' title='bbox 1411 5150 1513 5222; x_wconf 90' lang='lat' dir='ltr'><strong>expelli</strong></span> <span class='ocrx_word' id='word_1_723' title='bbox 1539 5149 1676 5220; x_wconf 88' lang='lat' dir='ltr'><strong>monachi,</strong></span> <span class='ocrx_word' id='word_1_724' title='bbox 1693 5150 1717 5206; x_wconf 91' lang='lat' dir='ltr'><strong>si</strong></span> <span class='ocrx_word' id='word_1_725' title='bbox 1740 5151 1818 5209; x_wconf 80' lang='lat' dir='ltr'><strong>valde</strong></span> 
     </span>
     <span class='ocr_line' id='line_1_55' title="bbox 173 5235 1817 5310; baseline 0.002 -18"><span class='ocrx_word' id='word_1_726' title='bbox 173 5238 201 5292; x_wconf 93' lang='lat' dir='ltr'><strong>in</strong></span> <span class='ocrx_word' id='word_1_727' title='bbox 215 5235 330 5308; x_wconf 91' lang='lat' dir='ltr'><strong>singulis</strong></span> <span class='ocrx_word' id='word_1_728' title='bbox 346 5236 460 5306; x_wconf 85' lang='lat' dir='ltr'><strong>cellulis,</strong></span> <span class='ocrx_word' id='word_1_729' title='bbox 476 5237 509 5292; x_wconf 95' lang='lat' dir='ltr'><strong>ad</strong></span> <span class='ocrx_word' id='word_1_730' title='bbox 523 5236 695 5292; x_wconf 90' lang='lat' dir='ltr'><strong>solitudinem</strong></span> <span class='ocrx_word' id='word_1_731' title='bbox 709 5238 868 5294; x_wconf 89' lang='lat' dir='ltr'><strong>servandam</strong></span> <span class='ocrx_word' id='word_1_732' title='bbox 883 5239 972 5310; x_wconf 79' lang='lat' dir='ltr'><strong>dispo</strong></span> <span class='ocrx_word' id='word_1_733' title='bbox 1020 5240 1116 5295; x_wconf 88' lang='lat' dir='ltr'><strong>discoli</strong></span> <span class='ocrx_word' id='word_1_734' title='bbox 1131 5249 1177 5296; x_wconf 89' lang='lat' dir='ltr'><strong>aut</strong></span> <span class='ocrx_word' id='word_1_735' title='bbox 1190 5240 1281 5296; x_wconf 88' lang='lat' dir='ltr'><strong>vitiosi</strong></span> <span class='ocrx_word' id='word_1_736' title='bbox 1299 5238 1413 5296; x_wconf 87' lang='lat' dir='ltr'><strong>luissent</strong></span> <span class='ocrx_word' id='word_1_737' title='bbox 1428 5237 1527 5306; x_wconf 83' lang='lat' dir='ltr'><strong>effecti,</strong></span> <span class='ocrx_word' id='word_1_738' title='bbox 1542 5247 1571 5294; x_wconf 95' lang='lat' dir='ltr'><strong>ut</strong></span> <span class='ocrx_word' id='word_1_739' title='bbox 1599 5237 1737 5294; x_wconf 90' lang='lat' dir='ltr'><strong>videbitur</strong></span> <span class='ocrx_word' id='word_1_740' title='bbox 1751 5239 1817 5295; x_wconf 86' lang='lat' dir='ltr'><strong>inira</strong></span> 
     </span>
     <span class='ocr_line' id='line_1_56' title="bbox 173 5323 1817 5400; baseline 0.001 -18"><span class='ocrx_word' id='word_1_741' title='bbox 173 5326 243 5391; x_wconf 86' lang='lat' dir='ltr'><strong>aitis,</strong></span> <span class='ocrx_word' id='word_1_742' title='bbox 259 5323 354 5380; x_wconf 88' lang='lat' dir='ltr'><strong>novitii</strong></span> <span class='ocrx_word' id='word_1_743' title='bbox 369 5323 439 5379; x_wconf 90' lang='lat' dir='ltr'><strong>sicut</strong></span> <span class='ocrx_word' id='word_1_744' title='bbox 453 5332 479 5379; x_wconf 89' lang='lat' dir='ltr'><strong>et</strong></span> <span class='ocrx_word' id='word_1_745' title='bbox 503 5325 631 5380; x_wconf 90' lang='lat' dir='ltr'><strong>monachi</strong></span> <span class='ocrx_word' id='word_1_746' title='bbox 646 5325 747 5381; x_wconf 88' lang='lat' dir='ltr'><strong>debent</strong></span> <span class='ocrx_word' id='word_1_747' title='bbox 762 5325 812 5382; x_wconf 90' lang='lat' dir='ltr'><strong>soli</strong></span> <span class='ocrx_word' id='word_1_748' title='bbox 837 5326 969 5382; x_wconf 88' lang='lat' dir='ltr'><strong>babitare.</strong></span> <span class='ocrx_word' id='word_1_749' title='bbox 1020 5344 1082 5400; x_wconf 89' lang='lat' dir='ltr'><strong>cap.</strong></span> <span class='ocrx_word' id='word_1_750' title='bbox 1098 5330 1143 5394; x_wconf 78' lang='lat'><strong>77,</strong></span> <span class='ocrx_word' id='word_1_751' title='bbox 1159 5328 1236 5384; x_wconf 89' lang='lat' dir='ltr'><strong>etsie</strong></span> <span class='ocrx_word' id='word_1_752' title='bbox 1258 5328 1339 5384; x_wconf 88' lang='lat' dir='ltr'><strong>ovilia</strong></span> <span class='ocrx_word' id='word_1_753' title='bbox 1352 5326 1503 5394; x_wconf 84' lang='lat' dir='ltr'><strong>monastica</strong></span> <span class='ocrx_word' id='word_1_754' title='bbox 1516 5327 1551 5381; x_wconf 89' lang='lat' dir='ltr'><strong>ab</strong></span> <span class='ocrx_word' id='word_1_755' title='bbox 1569 5325 1667 5382; x_wconf 89' lang='lat' dir='ltr'><strong>ovibus</strong></span> <span class='ocrx_word' id='word_1_756' title='bbox 1686 5326 1732 5384; x_wconf 94' lang='lat' dir='ltr'><strong>lue</strong></span> <span class='ocrx_word' id='word_1_757' title='bbox 1746 5327 1817 5384; x_wconf 85' lang='lat' dir='ltr'><strong>inle-</strong></span> 
     </span>
     <span class='ocr_line' id='line_1_57' title="bbox 172 5412 1817 5489; baseline 0.002 -19"><span class='ocrx_word' id='word_1_758' title='bbox 172 5415 206 5470; x_wconf 89' lang='lat' dir='ltr'><strong>Et</strong></span> <span class='ocrx_word' id='word_1_759' title='bbox 217 5415 276 5471; x_wconf 85' lang='lat' dir='ltr'><strong>baec</strong></span> <span class='ocrx_word' id='word_1_760' title='bbox 286 5421 328 5469; x_wconf 90' lang='lat' dir='ltr'><strong>est</strong></span> <span class='ocrx_word' id='word_1_761' title='bbox 342 5412 411 5468; x_wconf 89' lang='lat' dir='ltr'><strong>ratio</strong></span> <span class='ocrx_word' id='word_1_762' title='bbox 423 5428 472 5469; x_wconf 89' lang='lat' dir='ltr'><strong>cur</strong></span> <span class='ocrx_word' id='word_1_763' title='bbox 488 5413 647 5484; x_wconf 88' lang='lat' dir='ltr'><strong>terminum,</strong></span> <span class='ocrx_word' id='word_1_764' title='bbox 656 5413 684 5470; x_wconf 93' lang='lat' dir='ltr'><strong>id</strong></span> <span class='ocrx_word' id='word_1_765' title='bbox 693 5422 736 5470; x_wconf 89' lang='lat' dir='ltr'><strong>est</strong></span> <span class='ocrx_word' id='word_1_766' title='bbox 745 5423 849 5472; x_wconf 90' lang='lat' dir='ltr'><strong>certum</strong></span> <span class='ocrx_word' id='word_1_767' title='bbox 864 5422 971 5486; x_wconf 87' lang='lat' dir='ltr'><strong>tempus</strong></span> <span class='ocrx_word' id='word_1_768' title='bbox 1020 5417 1071 5474; x_wconf 92' lang='lat' dir='ltr'><strong>ctis</strong></span> <span class='ocrx_word' id='word_1_769' title='bbox 1084 5417 1206 5489; x_wconf 91' lang='lat' dir='ltr'><strong>purgari.</strong></span> <span class='ocrx_word' id='word_1_770' title='bbox 1232 5417 1312 5473; x_wconf 90' lang='lat' dir='ltr'><strong>Nunc</strong></span> <span class='ocrx_word' id='word_1_771' title='bbox 1325 5432 1390 5473; x_wconf 86' lang='lat' dir='ltr'><strong>xero</strong></span> <span class='ocrx_word' id='word_1_772' title='bbox 1412 5416 1491 5474; x_wconf 89' lang='lat' dir='ltr'><strong>aliter</strong></span> <span class='ocrx_word' id='word_1_773' title='bbox 1501 5413 1610 5486; x_wconf 84' lang='lat' dir='ltr'><strong>juribus</strong></span> <span class='ocrx_word' id='word_1_774' title='bbox 1624 5415 1817 5474; x_wconf 85' lang='lat' dir='ltr'><strong>ecclesiasticis</strong></span> 
     </span>
     <span class='ocr_line' id='line_1_58' title="bbox 166 5501 1397 5576; baseline 0.002 -17"><span class='ocrx_word' id='word_1_775' title='bbox 166 5501 374 5573; x_wconf 85' lang='lat' dir='ltr'><strong>postulantibus</strong></span> <span class='ocrx_word' id='word_1_776' title='bbox 383 5501 567 5576; x_wconf 88' lang='lat' dir='ltr'><strong>assignemus,</strong></span> <span class='ocrx_word' id='word_1_777' title='bbox 582 5519 637 5575; x_wconf 89' lang='lat' dir='ltr'><strong>quo</strong></span> <span class='ocrx_word' id='word_1_778' title='bbox 651 5502 754 5575; x_wconf 85' lang='lat' dir='ltr'><strong>elapso,</strong></span> <span class='ocrx_word' id='word_1_779' title='bbox 785 5502 808 5560; x_wconf 91' lang='lat' dir='ltr'><strong>si</strong></span> <span class='ocrx_word' id='word_1_780' title='bbox 830 5503 971 5574; x_wconf 89' lang='lat' dir='ltr'><strong>postulans</strong></span> <span class='ocrx_word' id='word_1_781' title='bbox 1020 5512 1047 5561; x_wconf 92' lang='lat' dir='ltr'><strong>et</strong></span> <span class='ocrx_word' id='word_1_782' title='bbox 1060 5503 1185 5562; x_wconf 84' lang='lat' dir='ltr'><strong>civilibus</strong></span> <span class='ocrx_word' id='word_1_783' title='bbox 1200 5503 1333 5562; x_wconf 88' lang='lat' dir='ltr'><strong>sancitum</strong></span> <span class='ocrx_word' id='word_1_784' title='bbox 1346 5511 1397 5562; x_wconf 91' lang='lat' dir='ltr'><strong>est.</strong></span> 
     </span>
    </p>
   </div>
   <div class='ocr_carea' id='block_1_5' title="bbox 0 0 1876 5986">
    <p class='ocr_par' dir='ltr' id='par_1_7' title="bbox 0 0 1876 5986">
     <span class='ocr_line' id='line_1_59' title="bbox 0 0 1876 5986; baseline 0 1"><span class='ocrx_word' id='word_1_785' title='bbox 0 0 1876 5986; x_wconf 95' lang='lat' dir='ltr'><strong> </strong></span> 
     </span>
    </p>
   </div>
  </div>
 </body>
</html>
