3742 5986
99 245 151 300 695
509 231 681 291 GUIGONlS
704 231 716 286 Ι
737 223 942 285 CARTHUSIAE
965 215 1112 276 attolus
1134 211 1273 270 PRIORlS
1298 211 1331 266 v.
1693 201 1748 254 696

136 365 161 418 l.
179 360 252 430 Quot
266 358 337 416 enim
350 357 436 413 libros
451 354 603 423 scribimus,
621 361 659 409 tot
669 351 747 408 nohis
762 349 885 405 veritatis
895 361 1037 420 praecones
1051 343 1140 400 iacere
1155 340 1289 403 videmur,
1310 338 1449 406 sperantes
1464 345 1479 384 a
1493 325 1608 381 Domino
1632 338 1744 380 merce·

100 462 162 516 dem
176 474 224 530 pro
239 457 374 521 omnibus,
392 454 437 526 qui
452 469 500 524 per
515 469 573 519 eos,
589 451 633 507 ael
647 451 681 505 ab
696 464 791 506 errore
806 443 922 503 correcti
950 443 1058 509 luerint,
1083 440 1127 496 vel
1150 439 1175 493 in
1203 433 1337 492 catholica
1350 429 1465 486 veritate
1492 422 1676 498 profecerint,
1693 436 1745 528 pro

102 557 206 615 cunctis
221 555 300 611 etiam
316 553 361 625 qui
372 552 415 608 vel
423 553 457 606 de
473 551 529 606 suis
543 548 664 621 peccatis
673 557 699 603 et
712 546 784 603 vitiis
798 542 964 614 compuncti,
979 540 1022 596 vel
1037 539 1071 594 ad
1085 535 1251 593 desiderium
1267 530 1367 586 fuerint
1380 525 1475 599 patriae
1490 521 1608 580 caelestis
1624 535 1744 575 accensi.

137 658 163 710 5.
181 655 214 709 Et
222 652 287 725 quia
301 651 371 706 sieut
385 657 498 705 eaeteras
513 646 691 703 necessitates
706 661 767 716 quae
779 642 814 698 ad
831 640 960 698 vilitatem
987 645 1013 693 et
1034 634 1210 691 humilitatem
1237 629 1383 702 pertinent,
1413 622 1556 694 coquinam
1583 616 1679 674 etiam'
1694 615 1747 687 ipsi

101 751 179 808 nobis
194 749 317 815 facimus,
333 748 431 802 dantur
445 754 471 800 et
485 744 546 800 ollae
558 745 628 811 duae,
646 741 768 798 scutellae
782 741 853 807 duae,
869 737 949 794 tertia
963 735 998 791 ad
1011 748 1119 806 panem,
1135 729 1178 787 rel
1192 743 1243 801 pro
1258 742 1291 782 ea
1304 722 1425 789 mantile,
1442 725 1538 792 quarta
1552 712 1747 790 grandiuscula

26 821 39 839 ’
101 857 143 905 est
158 847 193 903 ad
208 844 348 902 faciendas
363 842 517 910 munditias,
534 839 686 896 cochlearia
701 839 765 903 diro,
781 835 907 894 cultellus
931 835 967 890 ad
993 846 1103 903 panem,
1134 829 1218 898 justa,
1239 824 1374 896 scyphus,
1403 834 1453 875 vas
1467 815 1619 889 aquarium,
1645 811 1748 868 salaria

105 942 214 1015 patella,
228 942 282 996 duo
293 940 326 995 ad
342 939 480 1012 legumina
490 927 602 1004 sacculi,
617 934 827 1007 manutergium.
843 931 884 987 nd
895 930 986 1004 ignem
1001 927 1091 994 focile,
1103 939 1177 990 esca,
1189 922 1258 993 lapis
1273 920 1322 993 [at.
1351 916 1420 988 lapis
1433 910 1555 986 ignitusl,
1571 910 1657 980 ligna,
1671 923 1749 963 secu·

103 1038 150 1093 ris.
166 1037 208 1091 Ad
222 1051 305 1107 opera
316 1050 381 1090 vero
402 1033 557 1089 dolabrum.
574 1033 638 1087 llaec
653 1031 699 1101 qui
728 1030 822 1101 legerit
833 1045 884 1084 nec
911 1026 1035 1093 irrideat,
1059 1037 1213 1096 quaesumus
1241 1017 1291 1090 [at.
1303 1014 1383 1088 quisl,
1400 1027 1450 1067 nee
1479 1007 1670 1080 reprehendet,
1697 1003 1751 1060 nisi

103 1133 174 1190 forte
189 1134 265 1204 prius
276 1133 303 1187 in
314 1130 393 1198 cella,
414 1131 484 1186 inter
495 1137 580 1184 tantas
596 1130 673 1185 nives
684 1135 709 1183 et
720 1136 773 1181 tam
787 1126 895 1182 horrida
910 1122 1022 1196 frigora,
1038 1120 1161 1193 longiore
1176 1116 1256 1172 luerit
1269 1122 1390 1185 tempora
1412 1114 1604 1166 commoratus.

136 1234 162 1287 6.
180 1230 283 1287 Idcirco
297 1229 368 1286 enim
378 1228 424 1283 uni
439 1236 514 1283 tanta
528 1225 714 1292 concedimus,
730 1241 774 1292 ne,
791 1224 864 1296 quod
877 1221 1001 1279 illicitum
1011 1217 1143 1285 ducimus,
1161 1214 1234 1271 exire
1248 1213 1283 1268 de
1305 1210 1374 1268 cella
1391 1205 1579 1277 compellatur.
1604 1202 1664 1257 Hoc
1677 1200 1752 1256 enim

101 1344 273 1404 nequaquam
287 1326 455 1392 conceditur,
472 1324 524 1380 nisi
534 1340 595 1380 eum
610 1323 644 1378 ad
658 1323 805 1379 claustrum
816 1329 862 1376 aut
876 1320 1021 1378 ecclesiam
1032 1315 1211 1380 convenitur,
1226 1310 1299 1385 quod
1310 1311 1362 1365 hoc
1375 1305 1470 1363 ordine
1484 1302 1543 1358 steri
1561 1298 1715 1357 consuerit.

571 1512 575 1523 Ι
781 1436 977 1494 CAPITULUM
991 1434 1094 1491 xxix.

374 1537 563 1611 Quotcmporc
578 1539 843 1603 dealbarentur,
860 1540 888 1592 ct
907 1537 940 1591 dc
953 1533 1058 1605 uigiliis
1072 1533 1100 1587 et
1115 1525 1297 1584 distinctione
1314 1525 1458 1581 horarum.

137 1659 163 1714 t.
180 1653 261 1711 Omni
272 1661 404 1726 tempore,
421 1652 541 1725 except²s
556 1652 700 1714 duodecim
715 1652 862 1708 lectionum
875 1649 962 1718 lestis,
978 1656 1005 1704 et
1015 1644 1119 1702 Natalis
1133 1641 1252 1710 Domini,
1263 1640 1375 1697 Pascha
1390 1653 1498 1712 quoque
1521 1643 1548 1694 et
1576 1638 1755 1694 Pentecostes

785 1762 1071 1823 COMMENTARIUS.

104 1869 217 1927 tendum
227 1874 268 1924 est
282 1882 408 1940 magnam
427 1865 560 1923 cautelam
575 1866 647 1939 apud
662 1881 712 1924 nos
726 1866 754 1921 in
769 1867 820 1924 hac
831 1871 907 1937 parte
920 1861 1107 1929 Alastidiunt,
1124 1866 1250 1931 putantes
1264 1858 1315 1913 ista
1342 1857 1433 1913 minus
1461 1855 1563 1910 seriosa
1589 1853 1757 1910 monachum

105 1957 288 2016 adhibendam
304 1973 374 2027 esse,
393 1972 427 2012 ne
442 1973 475 2012 ex
497 1956 601 2029 pmritu
621 1955 758 2012 scribendi
776 1963 802 2010 et
823 1954 908 2009 libros
956 1952 1106 2018 dedecere,
1131 1948 1178 2020 qui
1192 1956 1263 2004 totus
1283 1945 1430 2019 spiritualis
1458 1960 1519 2000 esse
1531 1943 1644 2013 deberet
1662 1958 1669 1997 :
1686 1951 1715 1997 et
1729 1942 1757 1997 hi

110 2047 221 2115 edendi,
233 2062 311 2101 vanae
326 2044 366 2100 sui
381 2044 466 2115 ipsius
483 2044 603 2116 opinioni
618 2045 695 2100 detur
711 2045 796 2113 locus,
813 2051 859 2098 aut
874 2059 908 2099 er
958 2048 1030 2107 sunt,
1047 2037 1160 2111 quosll.
1174 2039 1253 2093 Pater
1263 2035 1354 2108 Guigo
1364 2034 1398 2090 ad
1412 2033 1756 2105 experientiamprovocat.

112 2135 211 2191 minori
225 2134 323 2204 peritia
338 2133 523 2203 scientiarum,
541 2149 602 2204 qnae
617 2133 644 2187 in
659 2132 724 2189 viris
740 2132 867 2187 solitariis
875 2131 909 2186 ab
996 2131 1034 2184 Ex
1050 2129 1101 2183 hoc
1116 2126 1234 2199 capitulo
1249 2132 1361 2196 apparet
1377 2139 1457 2195 quam
1468 2121 1584 2178 discrete
1599 2136 1720 2192 semper,
1731 2126 1760 2178 et

110 2221 274 2280 academicis
289 2220 526 2277 exercitationibus
541 2220 651 2276 remotis
666 2236 727 2276 raro
742 2219 909 2291 superabun-
958 2210 1548 2289 inomnibusagendumcsse,nosdoeuerint
1562 2209 1758 2282 primiPatres,

110 2311 168 2377 dat,
183 2309 308 2380 quaedam
324 2309 352 2363 in
367 2308 505 2379 publicum
524 2324 579 2363 uon
600 2309 666 2364 satis
680 2308 812 2378 castigate
831 2322 910 2365 com·
959 2314 986 2363 et
1000 2313 1131 2378 quantum
1146 2305 1180 2359 ab
1194 2303 1323 2359 extremis
1334 2308 1406 2358 esset
1420 2298 1582 2365 cavendum,
1594 2314 1630 2355 ne
1640 2305 1667 2353 et
1679 2297 1758 2352 nobis

111 2398 199 2470 posita
214 2398 357 2469 prodeant.
374 2396 428 2452 Sed
453 2396 527 2453 cirea
556 2398 623 2463 haec,
652 2397 783 2452 moderna
812 2403 911 2451 statuta
960 2395 1118 2453 conveniret
1132 2393 1238 2447 axioma
1251 2390 1318 2446 illud
1341 2388 1560 2461 philosophicum
1577 2405 1583 2441 :
1599 2401 1684 2442 omne
1699 2387 1760 2442 rio-

113 2485 340 2557 prudentissimos
378 2484 474 2541 modos
505 2494 656 2557 posuerunt
684 2492 710 2541 et
738 2492 909 2555 sanxerunt,
962 2484 1064 2538 lentum
1078 2498 1134 2537 non
1149 2489 1190 2538 est
1207 2479 1339 2535 durabile.
1356 2476 1550 2549 corporalibus
1574 2475 1648 2531 enim
1663 2475 1760 2531 solita·

117 2574 215 2646 quihus
230 2573 395 2629 adherendo
410 2573 502 2629 omnia
517 2574 657 2629 moderate
671 2581 697 2629 et
710 2573 828 2629 discrete
844 2590 911 2644 per·
961 2573 1060 2628 riomm
1084 2569 1311 2635 necessitatibus,
1342 2583 1404 2623 cum
1425 2568 1540 2621 honesta
1561 2565 1759 2634 mediocritate,

116 2661 253 2719 ticientur.
269 2661 378 2732 Scripta
392 2677 459 2734 ergo
484 2661 722 2717 carthusianorum
737 2677 792 2717 non
818 2670 881 2716 sunt
896 2663 912 2717 a
963 2661 1008 2718 hic
1022 2659 1178 2732 providisse
1189 2658 1323 2722 videmus,
1338 2653 1498 2710 maximone
1513 2652 1617 2727 frigore
1628 2668 1761 2712 vexaren-

114 2750 200 2822 praelo
213 2749 322 2821 penitus
337 2749 515 2817 excludenda,
530 2749 677 2805 dummodo
687 2749 721 2804 ab
731 2749 840 2805 iisnihil
850 2749 915 2806 sori·
963 2757 1017 2819 tur,
1035 2747 1148 2803 delicias
1164 2763 1180 2802 a
1195 2746 1274 2802 nobis
1289 2745 1316 2799 in
1326 2745 1378 2800 hoc
1401 2758 1497 2799 arcere
1513 2751 1614 2798 tantum
1630 2743 1760 2811 contenti,

116 2837 195 2894 batur
209 2837 281 2909 quod
297 2852 358 2893 curn
368 2837 516 2894 intentione
531 2839 566 2893 ll.
585 2838 616 2893 P.
633 2837 768 2910 Guigonis
779 2853 833 2893 non
849 2853 915 2894 con·
964 2847 1038 2894 etue
1053 2836 1131 2894 otiosi
1146 2849 1267 2909 unquam
1285 2849 1496 2898 remaneremus,
1513 2839 1551 2887 tot
1580 2832 1762 2888 instrumenta

116 2925 221 2993 cordet,
238 2933 320 2997 atque
335 2925 397 2981 ideo
412 2925 446 2982 de
457 2925 490 2980 iis
512 2933 616 2981 tantum
630 2927 751 2981 materiis
765 2928 781 2982 d
795 2925 913 2981 Carthu-
965 2926 1081 3000 singulis
1103 2924 1243 2981 monachis
1262 2922 1307 2979 hic
1334 2921 1513 2977 determinate
1529 2920 1684 2994 assignant,
1712 2921 1763 2976 alia

117 3015 195 3070 siano
210 3021 349 3082 tractetur,
366 3030 426 3087 quae
441 3014 475 3070 ad
489 3014 629 3071 catholice
651 3015 773 3071 veritatis
788 3015 915 3070 assertio·
965 3016 1046 3072 etiam
1060 3013 1267 3070 indeterminate
1282 3010 1457 3068 concedenda
1481 3025 1542 3065 esse
1570 3009 1762 3081 praescribunt,

116 3118 189 3169 nem,
206 3102 334 3159 citiorum
349 3102 585 3174 exstirpandorum
596 3111 622 3159 et
636 3103 761 3159 virtutem
776 3103 918 3175 acquiren·
965 3105 1030 3161 dum
1047 3104 1153 3169 dieitur,
1171 3102 1195 3157 ei
1206 3101 1252 3173 qui
1271 3099 1399 3155 inhabilis
1411 3107 1484 3154 esset
1501 3097 1535 3154 ad
1549 3098 1714 3154 scribendos
1728 3099 1762 3154 li·

118 3189 217 3245 darnm
232 3191 361 3256 studium,
376 3191 591 3261 promovendum
606 3191 769 3248 conducunt.
924 3195 1041 3284 Bbros,
1059 3200 1085 3249 et
1095 3191 1204 3247 alterius
1216 3189 1282 3246 artis
1297 3196 1378 3254 esset,
1395 3186 1573 3243 ministranda
1584 3202 1647 3243 esse
1660 3189 1764 3244 instru-

155 3280 237 3335 Num.
254 3282 279 3334 5.
298 3279 413 3352 lloecqai
436 3280 536 3351 legerit
552 3296 603 3337 nec
624 3280 754 3346 irrideat,
774 3288 839 3347 ete,
858 3282 917 3336 nisi
967 3280 1118 3337 mentaarti
1140 3294 1196 3334 suae
1207 3276 1405 3334 convenientia.

120 3371 195 3439 sorta
207 3368 289 3439 prior
306 3370 337 3423 in
362 3369 444 3434 cello,
475 3377 527 3424 etc.
549 3368 703 3425 Praevenire
722 3376 833 3424 conatur
859 3369 916 3425 rir-
1003 3370 1088 3426 Num.
1108 3371 1135 3423 6.
1150 3368 1292 3423 llocenim
1316 3381 1492 3438 nequaquam
1511 3364 1688 3434 conceditur,
1708 3366 1765 3422 niel

121 3463 232 3513 sanctus
246 3456 392 3510 humanam
403 3455 595 3523 infirmitatem,
613 3473 661 3512 seu
680 3458 770 3528 potius
784 3457 917 3528 insipien·
968 3459 1081 3514 eumad
1095 3458 1264 3522 claustrum,
1282 3461 1334 3510 etc.
1351 3453 1380 3507 ld
1395 3452 1536 3508 moraliter
1558 3452 1765 3526 intelligendum

120 3544 196 3612 tiam,
212 3559 283 3616 quae,
299 3545 363 3599 dum
379 3559 488 3600 sensum
503 3545 645 3617 proprium
665 3545 721 3600 vult
735 3545 823 3617 sequi,
845 3545 918 3601 cirea
969 3554 1019 3612 est,
1031 3562 1093 3601 nam
1110 3552 1213 3601 eertum
1225 3552 1265 3599 est
1276 3550 1339 3598 tune
1352 3540 1591 3613 nostrospotuisse
1605 3540 1667 3596 aliis
1683 3543 1765 3599 etiam

121 3648 282 3705 eoquorum
303 3632 542 3704 experimentalem
552 3633 737 3704 cognitionem
751 3649 804 3689 non
825 3634 916 3702 habet,
969 3636 1003 3691 de
1018 3634 1108 3692 causis
1121 3649 1136 3689 e
1151 3632 1221 3689 cella
1235 3631 1339 3704 egredi,
1355 3638 1434 3702 pmut
1452 3628 1594 3686 manifeste
1607 3639 1765 3702 apparator

120 3722 151 3776 in
166 3721 224 3775 suis
238 3719 448 3793 cogitationibus
473 3727 500 3776 et
521 3720 694 3791 opinionibus
715 3737 787 3792 saepe
812 3721 918 3778 delirat.
968 3740 1029 3795 cap.
1042 3725 1075 3777 17
1089 3731 1115 3778 et
1126 3724 1169 3789 32,
1182 3728 1250 3776 etex
1261 3718 1497 3786 aliisrariisloeis‚
1514 3718 1663 3791 suadetque
1678 3720 1762 3777 ratio.

122 3809 273 3864 Prudenter
287 3823 355 3880 ergo
367 3808 410 3863 vir
425 3815 536 3864 sanetus
550 3817 681 3879 provocat
692 3808 869 3879 talesjudices
884 3809 920 3864 ad
970 3813 1097 3868 Poterant
1113 3810 1186 3865 onim
1201 3810 1235 3865 ad
1250 3809 1373 3881 priorem
1388 3807 1518 3863 accedere
1530 3807 1564 3862 ad
1573 3806 1766 3879 exponendum

123 3895 350 3967 experimentum,
368 3895 423 3966 qui,
439 3896 462 3950 si
473 3895 515 3951 vel
531 3911 585 3950 una
599 3896 768 3952 hebdomada
784 3897 854 3952 intra
868 3898 921 3953 cel·
970 3900 1009 3956 illi
1020 3915 1083 3955 suas
1098 3898 1276 3955 necessitates
1291 3902 1317 3953 et
1332 3897 1465 3968 petendas
1480 3896 1613 3962 licentias,
1631 3898 1768 3971 Egressus

122 3982 313 4053 lulaeparietes
337 3982 550 4049 continerentur,
563 3992 627 4040 tunc
658 3985 830 4056 aperirentur
848 3985 921 4041 oculi
971 3987 1096 4060 ergoille
1116 3986 1213 4044 ecella
1236 4002 1291 4041 non
1316 4000 1474 4052 concessus,
1500 3984 1572 4039 idem
1600 3993 1658 4040 erat
1686 4002 1767 4060 quem

125 4085 260 4128 caecorum
270 4078 297 4125 et
312 4084 393 4126 aures
404 4070 550 4127 surdorum
560 4080 694 4143 paterent,
705 4082 731 4128 et
744 4074 817 4146 quod
828 4091 922 4146 super·
971 4077 1120 4132 etiamnum
1135 4090 1277 4147 egressum
1289 4090 1304 4130 e
1320 4073 1388 4129 cella
1404 4073 1598 4141 inordinatum,
1616 4073 1643 4129 id
1664 4082 1709 4130 est
1723 4091 1769 4130 su·

123 4160 206 4216 fluum
223 4159 298 4231 prius
309 4159 512 4215 arbitrabantur
521 4161 618 4217 ossein
629 4161 726 4218 cellula
734 4162 920 4232 Carthusiana,
971 4164 1117 4237 perlluum,
1134 4170 1160 4219 et
1170 4163 1272 4235 absque
1283 4162 1381 4218 morali
1396 4161 1557 4218 necessitate
1573 4162 1674 4219 lactum
1690 4178 1771 4220 roca·

121 4248 151 4303 in
161 4248 279 4315 hortulo,
290 4248 317 4303 in
332 4247 518 4304 instrumentis
528 4250 560 4305 ad
574 4250 696 4307 laborem
705 4252 921 4324 manuumaptis,
973 4271 1045 4324 mus,
1059 4254 1093 4309 de
1115 4269 1171 4325 quo
1194 4251 1299 4323 culpam
1328 4259 1449 4306 nostram
1477 4251 1609 4306 debemus
1636 4251 1770 4309 dicerein

118 4337 177 4406 jam
197 4337 383 4392 necessarium
412 4337 523 4394 omnino
545 4354 607 4394 esse
626 4347 851 4410 protestarentur.
868 4341 923 4395 Cur
973 4341 1101 4414 capitulo.
1116 4343 1173 4397 Imo
1200 4354 1361 4412 persuasum
1375 4340 1464 4395 habeo
1478 4340 1550 4412 quod
1573 4356 1770 4413 nonnunquam

122 4431 213 4480 autem
233 4424 361 4480 solitariis
376 4427 475 4481 nostris
489 4426 528 4482 sie
544 4428 720 4499 provideatur
739 4429 871 4484 derebus
888 4428 923 4485 ad
973 4430 1084 4487 daretur
1098 4430 1138 4486 eis
1155 4428 1265 4486 licentia
1281 4427 1471 4484 deambulandi
1487 4429 1558 4484 intra
1586 4446 1709 4486 eremum
1725 4446 1771 4486 re·

122 4511 315 4584 occupationes
330 4520 456 4569 externas
475 4516 652 4586 necessariis,
670 4517 802 4573 rationem
819 4517 919 4581 subdit,
975 4518 1122 4575 creationis
1147 4518 1246 4591 gratia,
1263 4524 1342 4588 prout
1352 4533 1384 4572 ex
1400 4517 1581 4573 vetustissimo
1596 4535 1648 4574 ms.
1678 4520 1773 4578 codice

123 4616 170 4668 aa,
180 4600 275 4671 inquit,
285 4602 496 4674 quodlllicttcm
506 4576 956 4672 decimae,deccllcexirecomO
973 4607 1020 4681 qui
1037 4606 1065 4661 in
1080 4613 1220 4678 postremo
1238 4606 1335 4661 domus
1350 4605 1476 4662 incendio
1492 4605 1609 4661 flammis
1632 4607 1777 4667 infeliciter

123 4690 263 4762 pellatur.
277 4689 340 4746 Non
355 4690 427 4745 enim
443 4692 611 4747 credendum
622 4701 662 4748 est
679 4692 752 4764 quod
761 4694 844 4749 homo
853 4694 922 4748 intra
973 4696 1119 4766 absorptus
1132 4702 1182 4749 est.
1199 4693 1239 4748 lbi
1250 4693 1322 4749 enim
1333 4693 1388 4766 legi
1405 4693 1520 4765 qualiter
1532 4710 1576 4750 res
1590 4695 1774 4768 disponeren-

125 4777 231 4833 cellulae
250 4777 369 4848 parietes
392 4779 479 4850 possit
502 4780 602 4835 diutius
623 4781 798 4850 commorari,
815 4781 866 4835 nisi
885 4782 922 4837 ibi
972 4792 1023 4850 tur,
1061 4783 1169 4856 quando
1197 4780 1379 4838 deambulatio
1407 4781 1473 4836 intra
1515 4798 1595 4853 rupes
1624 4786 1773 4845 carthusien

125 4864 225 4920 habeat
240 4867 373 4937 quasdam
388 4867 458 4922 bene
478 4868 617 4923 ordinatas
632 4884 662 4923 se
676 4869 825 4940 occupandi
836 4877 922 4926 mate·
973 4872 1179 4938 concederetur,
1203 4870 1321 4926 maxime
1342 4871 1407 4925 dum
1423 4879 1568 4943 pergerent
1590 4871 1626 4927 ad
1654 4881 1774 4931 montem

123 4952 191 5008 rias.
204 4954 270 5008 Cum
288 4963 379 5010 autem
394 4972 449 5010 non
473 4957 559 5027 possit
573 4972 681 5028 semper
694 4957 775 5013 rebus
797 4958 923 5030 spiritua-
973 4961 1019 5035 qui
1043 4961 1148 5027 dicitur,
1175 4961 1200 5015 lc
1217 4959 1311 5016 Grond
1345 4960 1410 5026 Soa,
1443 4959 1516 5030 quod
1553 4961 1646 5016 Latine
1683 4973 1777 5041 sonat,

124 5038 197 5095 libus
212 5042 354 5113 applicari,
374 5059 425 5100 nec
439 5043 466 5098 id
481 5044 568 5115 possit
587 5046 703 5118 aggredi
723 5046 856 5118 fragilitas
868 5048 921 5104 hu·
972 5067 1106 5122 magnum
1140 5049 1338 5104 summitatem
1366 5056 1393 5102 et
1422 5047 1543 5103 imminet
1563 5049 1725 5117 Carthusiae,
1741 5053 1774 5108 ad

124 5143 206 5184 mana
241 5130 344 5202 absque
373 5132 494 5203 periculo
524 5133 678 5189 amittendae
706 5135 837 5204 sanitatis,
866 5144 921 5191 tum
974 5154 1056 5211 quem
1089 5136 1275 5192 scandendum
1313 5134 1438 5207 ampliori
1470 5137 1597 5208 temporis
1640 5141 1730 5210 spatio
1751 5148 1777 5198 et

125 5217 234 5284 mentis,
249 5226 303 5274 tum
319 5220 453 5292 corporis,
483 5237 596 5277 neeesse
611 5230 652 5278 est
677 5223 757 5279 etiam
781 5233 810 5279 ut
823 5225 922 5280 habeat
973 5227 1068 5282 labore
1082 5241 1150 5298 opus
1166 5232 1216 5281 est.

126 5304 198 5360 unde
213 5307 333 5362 animum
358 5325 408 5378 per
431 5309 548 5382 aliquam
564 5312 771 5382 occupationem
786 5322 924 5368 externam
1010 5316 1094 5370 Porro
1110 5322 1193 5371 tetum
1207 5316 1260 5370 hoc
1289 5313 1434 5385 capitulum
1450 5315 1562 5369 relatum
1581 5315 1667 5373 habes
1682 5317 1709 5374 in
1724 5335 1777 5376 an-

127 5393 249 5453 relaxare
257 5396 343 5468 possit
359 5404 386 5452 et
406 5413 542 5454 recreare.
571 5400 761 5471 Imprudenter
776 5417 852 5473 ergo,
870 5402 925 5458 imo
975 5403 1057 5477 tiquis
1072 5404 1186 5472 statutis,
1203 5411 1278 5475 parte
1295 5420 1324 5474 11,
1346 5419 1409 5475 rap.
1430 5407 1476 5459 16.

126 5496 153 5544 et
164 5486 325 5558 insipienter
339 5485 469 5559 cogitant,
483 5486 528 5558 qui
537 5485 661 5543 videntes
675 5489 840 5545 monachum
854 5490 919 5546 Car·
1010 5491 1314 5548 Car.XXlX.-Num.
1324 5493 1436 5548 1.οιηηί
1446 5496 1568 5566 tempore
1577 5497 1715 5568 exceptis,
1724 5504 1778 5552 etc.

126 5575 281 5633 thusianum
294 5573 441 5650 aliquando
455 5574 594 5649 opusculis
613 5576 757 5635 fabrilibus
770 5593 875 5647 vacare,
896 5579 924 5635 id
973 5580 1016 5636 Ex
1029 5579 1079 5636 ista
1094 5581 1253 5653 exceptione
1268 5581 1378 5639 errandi
1401 5580 1512 5637 daretur
1526 5581 1646 5650 occasio,
1677 5590 1779 5642 atera·-
