<?xml version="1.0" encoding="UTF-8"?>
<!DOCTYPE html PUBLIC "-//W3C//DTD XHTML 1.0 Transitional//EN"
    "http://www.w3.org/TR/xhtml1/DTD/xhtml1-transitional.dtd">
<html xmlns="http://www.w3.org/1999/xhtml" xml:lang="en" lang="en">
 <head>
  <title>
</title>
<meta http-equiv="Content-Type" content="text/html;charset=utf-8" />
  <meta name='ocr-system' content='tesseract 3.04.00' />
  <meta name='ocr-capabilities' content='ocr_page ocr_carea ocr_par ocr_line ocrx_word'/>
</head>
<body>
  <div class='ocr_page' id='page_1' title='image "./patrologiaecurs20unkngoog/patrologiaecurs20unkngoog_0060.png"; bbox 0 0 3742 5986; ppageno 0'>
   <div class='ocr_carea' id='block_1_1' title="bbox 56 96 1696 195">
    <p class='ocr_par' dir='ltr' id='par_1_1' title="bbox 56 96 1696 195">
     <span class='ocr_line' id='line_1_1' title="bbox 56 96 1696 195; baseline -0.005 -2"><span class='ocrx_word' id='word_1_1' title='bbox 56 141 106 194; x_wconf 83' lang='lat' dir='ltr'>toa</span> <span class='ocrx_word' id='word_1_2' title='bbox 381 129 1370 195; x_wconf 78' lang='lat' dir='ltr'>annosummnrisromsaauu.-1unrtsr.annon.</span> <span class='ocrx_word' id='word_1_3' title='bbox 1570 96 1575 103; x_wconf 67' lang='grc'><em>’</em></span> <span class='ocrx_word' id='word_1_4' title='bbox 1643 131 1696 185; x_wconf 83' lang='lat' dir='ltr'>no</span> 
     </span>
    </p>
   </div>
   <div class='ocr_carea' id='block_1_2' title="bbox 56 251 1718 5541">
    <p class='ocr_par' dir='ltr' id='par_1_2' title="bbox 56 251 1715 4127">
     <span class='ocr_line' id='line_1_2' title="bbox 58 251 1697 335; baseline -0.005 -18"><span class='ocrx_word' id='word_1_5' title='bbox 58 282 69 311; x_wconf 80' lang='grc' dir='ltr'><strong>ι</strong></span> <span class='ocrx_word' id='word_1_6' title='bbox 87 262 282 335; x_wconf 84' lang='lat' dir='ltr'>Unusquisque</span> <span class='ocrx_word' id='word_1_7' title='bbox 312 263 338 317; x_wconf 93' lang='lat' dir='ltr'>iu</span> <span class='ocrx_word' id='word_1_8' title='bbox 362 278 411 318; x_wconf 92' lang='lat' dir='ltr'>sua</span> <span class='ocrx_word' id='word_1_9' title='bbox 433 279 514 318; x_wconf 91' lang='lat' dir='ltr'>sensu</span> <span class='ocrx_word' id='word_1_10' title='bbox 537 261 664 317; x_wconf 89' lang='lat' dir='ltr'>abundet.</span> <span class='ocrx_word' id='word_1_11' title='bbox 704 259 758 328; x_wconf 84' lang='lat' dir='ltr'>Qui</span> <span class='ocrx_word' id='word_1_12' title='bbox 786 257 891 329; x_wconf 85' lang='lat' dir='ltr'>sapitA</span> <span class='ocrx_word' id='word_1_13' title='bbox 905 265 983 313; x_wconf 88' lang='lat' dir='ltr'>naret</span> <span class='ocrx_word' id='word_1_14' title='bbox 998 257 1136 329; x_wconf 73' lang='lat' dir='ltr'>gentilem,</span> <span class='ocrx_word' id='word_1_15' title='bbox 1153 255 1247 312; x_wconf 91' lang='lat' dir='ltr'>dicens</span> <span class='ocrx_word' id='word_1_16' title='bbox 1262 271 1324 311; x_wconf 89' lang='lat' dir='ltr'>eum</span> <span class='ocrx_word' id='word_1_17' title='bbox 1339 253 1400 308; x_wconf 88' lang='lat' dir='ltr'>ideo</span> <span class='ocrx_word' id='word_1_18' title='bbox 1409 252 1448 308; x_wconf 92' lang='lat' dir='ltr'>uti</span> <span class='ocrx_word' id='word_1_19' title='bbox 1456 251 1622 323; x_wconf 88' lang='lat' dir='ltr'>idolothytis,</span> <span class='ocrx_word' id='word_1_20' title='bbox 1633 253 1697 325; x_wconf 89' lang='lat' dir='ltr'>quia</span> 
     </span>
     <span class='ocr_line' id='line_1_3' title="bbox 57 341 1695 423; baseline -0.005 -19"><span class='ocrx_word' id='word_1_21' title='bbox 57 373 69 396; x_wconf 77' lang='grc' dir='ltr'><strong>ι</strong></span> <span class='ocrx_word' id='word_1_22' title='bbox 86 350 171 414; x_wconf 88' lang='lat' dir='ltr'>diem,</span> <span class='ocrx_word' id='word_1_23' title='bbox 188 352 305 408; x_wconf 89' lang='lat' dir='ltr'>Domino</span> <span class='ocrx_word' id='word_1_24' title='bbox 320 352 389 423; x_wconf 89' lang='lat' dir='ltr'>sapit</span> <span class='ocrx_word' id='word_1_25' title='bbox 406 369 412 406; x_wconf 76' lang='grc' dir='ltr'><em>τ</em></span> <span class='ocrx_word' id='word_1_26' title='bbox 429 359 454 407; x_wconf 94' lang='grc' dir='ltr'>ει</span> <span class='ocrx_word' id='word_1_27' title='bbox 478 351 524 423; x_wconf 92' lang='lat' dir='ltr'>qui</span> <span class='ocrx_word' id='word_1_28' title='bbox 550 350 705 414; x_wconf 89' lang='lat' dir='ltr'>manducat,</span> <span class='ocrx_word' id='word_1_29' title='bbox 736 347 853 402; x_wconf 88' lang='lat' dir='ltr'>Domino</span> <span class='ocrx_word' id='word_1_30' title='bbox 904 349 993 404; x_wconf 88' lang='lat' dir='ltr'>adhuc</span> <span class='ocrx_word' id='word_1_31' title='bbox 1008 346 1087 401; x_wconf 93' lang='lat' dir='ltr'>idolis</span> <span class='ocrx_word' id='word_1_32' title='bbox 1102 346 1260 400; x_wconf 75' lang='lat' dir='ltr'>adhaereret.</span> <span class='ocrx_word' id='word_1_33' title='bbox 1273 344 1371 398; x_wconf 79' lang='lat' dir='ltr'>Littera</span> <span class='ocrx_word' id='word_1_34' title='bbox 1386 342 1425 397; x_wconf 91' lang='lat' dir='ltr'>sic</span> <span class='ocrx_word' id='word_1_35' title='bbox 1435 342 1559 415; x_wconf 83' lang='lat' dir='ltr'>juugitur</span> <span class='ocrx_word' id='word_1_36' title='bbox 1574 359 1581 394; x_wconf 77' lang='grc' dir='ltr'>ε</span> <span class='ocrx_word' id='word_1_37' title='bbox 1598 341 1695 396; x_wconf 88' lang='lat' dir='ltr'>Curam</span> 
     </span>
     <span class='ocr_line' id='line_1_4' title="bbox 57 430 1696 512; baseline -0.004 -19"><span class='ocrx_word' id='word_1_38' title='bbox 57 461 69 488; x_wconf 84' lang='grc' dir='ltr'><strong>ι</strong></span> <span class='ocrx_word' id='word_1_39' title='bbox 86 440 250 496; x_wconf 89' lang='lat' dir='ltr'>manducat.</span> <span class='ocrx_word' id='word_1_40' title='bbox 270 440 381 496; x_wconf 88' lang='lat' dir='ltr'>Gratias</span> <span class='ocrx_word' id='word_1_41' title='bbox 408 439 481 496; x_wconf 92' lang='lat' dir='ltr'>enirn</span> <span class='ocrx_word' id='word_1_42' title='bbox 508 439 565 512; x_wconf 84' lang='lat' dir='ltr'>agit</span> <span class='ocrx_word' id='word_1_43' title='bbox 593 441 661 495; x_wconf 89' lang='lat' dir='ltr'>Deo.</span> <span class='ocrx_word' id='word_1_44' title='bbox 689 438 724 492; x_wconf 86' lang='lat' dir='ltr'>Et</span> <span class='ocrx_word' id='word_1_45' title='bbox 739 436 784 508; x_wconf 93' lang='lat' dir='ltr'>qui</span> <span class='ocrx_word' id='word_1_46' title='bbox 798 451 854 491; x_wconf 90' lang='lat' dir='ltr'>non</span> <span class='ocrx_word' id='word_1_47' title='bbox 903 436 991 493; x_wconf 90' lang='lat' dir='ltr'>carnis</span> <span class='ocrx_word' id='word_1_48' title='bbox 1005 433 1176 501; x_wconf 82' lang='lat' dir='ltr'>reieceritis,</span> <span class='ocrx_word' id='word_1_49' title='bbox 1193 434 1242 488; x_wconf 90' lang='lat' dir='ltr'>sed</span> <span class='ocrx_word' id='word_1_50' title='bbox 1255 431 1393 488; x_wconf 82' lang='lat' dir='ltr'>bociacite</span> <span class='ocrx_word' id='word_1_51' title='bbox 1407 445 1413 485; x_wconf 93' lang='lat'>:</span> <span class='ocrx_word' id='word_1_52' title='bbox 1429 431 1578 501; x_wconf 81' lang='lat' dir='ltr'>lufirmam</span> <span class='ocrx_word' id='word_1_53' title='bbox 1591 430 1696 500; x_wconf 77' lang='lat' dir='ltr'>infide,</span> 
     </span>
     <span class='ocr_line' id='line_1_5' title="bbox 60 517 1696 599; baseline -0.006 -17"><span class='ocrx_word' id='word_1_54' title='bbox 60 548 72 578; x_wconf 77' lang='lat' dir='ltr'>a</span> <span class='ocrx_word' id='word_1_55' title='bbox 89 530 248 598; x_wconf 87' lang='lat' dir='ltr'>manducat,</span> <span class='ocrx_word' id='word_1_56' title='bbox 264 530 381 585; x_wconf 86' lang='lat' dir='ltr'>Domino</span> <span class='ocrx_word' id='word_1_57' title='bbox 398 544 454 584; x_wconf 92' lang='lat' dir='ltr'>nou</span> <span class='ocrx_word' id='word_1_58' title='bbox 473 528 626 593; x_wconf 86' lang='lat' dir='ltr'>manducat,</span> <span class='ocrx_word' id='word_1_59' title='bbox 641 535 668 582; x_wconf 91' lang='lat' dir='ltr'>et</span> <span class='ocrx_word' id='word_1_60' title='bbox 683 525 784 599; x_wconf 87' lang='lat' dir='ltr'>gratias</span> <span class='ocrx_word' id='word_1_61' title='bbox 798 523 854 596; x_wconf 85' lang='lat' dir='ltr'>agit</span> <span class='ocrx_word' id='word_1_62' title='bbox 903 524 931 579; x_wconf 89' lang='lat' dir='ltr'>id</span> <span class='ocrx_word' id='word_1_63' title='bbox 946 532 985 579; x_wconf 90' lang='lat' dir='ltr'>est</span> <span class='ocrx_word' id='word_1_64' title='bbox 999 540 1059 578; x_wconf 87' lang='lat' dir='ltr'>aum</span> <span class='ocrx_word' id='word_1_65' title='bbox 1073 523 1118 595; x_wconf 92' lang='lat' dir='ltr'>qui</span> <span class='ocrx_word' id='word_1_66' title='bbox 1131 537 1184 578; x_wconf 92' lang='lat' dir='ltr'>uon</span> <span class='ocrx_word' id='word_1_67' title='bbox 1219 521 1300 575; x_wconf 89' lang='lat' dir='ltr'>habet</span> <span class='ocrx_word' id='word_1_68' title='bbox 1314 520 1421 574; x_wconf 90' lang='lat' dir='ltr'>tirmam</span> <span class='ocrx_word' id='word_1_69' title='bbox 1448 517 1540 584; x_wconf 87' lang='lat' dir='ltr'>fidem,</span> <span class='ocrx_word' id='word_1_70' title='bbox 1557 518 1696 574; x_wconf 88' lang='lat' dir='ltr'>credendo</span> 
     </span>
     <span class='ocr_line' id='line_1_6' title="bbox 58 607 1698 685; baseline -0.005 -15"><span class='ocrx_word' id='word_1_71' title='bbox 58 637 70 666; x_wconf 75' lang='grc' dir='ltr'><strong>ι</strong></span> <span class='ocrx_word' id='word_1_72' title='bbox 89 617 160 672; x_wconf 83' lang='grc' dir='ltr'><strong>[ιεο.</strong></span> <span class='ocrx_word' id='word_1_73' title='bbox 171 618 259 673; x_wconf 86' lang='lat' dir='ltr'>Nemo</span> <span class='ocrx_word' id='word_1_74' title='bbox 282 618 354 673; x_wconf 90' lang='lat' dir='ltr'>euim</span> <span class='ocrx_word' id='word_1_75' title='bbox 368 625 492 672; x_wconf 86' lang='lat' dir='ltr'>nostrum</span> <span class='ocrx_word' id='word_1_76' title='bbox 506 616 557 671; x_wconf 88' lang='lat' dir='ltr'>sibi</span> <span class='ocrx_word' id='word_1_77' title='bbox 571 615 645 681; x_wconf 83' lang='lat' dir='ltr'>vivit,</span> <span class='ocrx_word' id='word_1_78' title='bbox 667 623 694 670; x_wconf 91' lang='lat' dir='ltr'>et</span> <span class='ocrx_word' id='word_1_79' title='bbox 708 629 788 669; x_wconf 89' lang='lat' dir='ltr'>nemo</span> <span class='ocrx_word' id='word_1_80' title='bbox 803 612 853 666; x_wconf 86' lang='lat' dir='ltr'>sibi</span> <span class='ocrx_word' id='word_1_81' title='bbox 904 612 1036 685; x_wconf 89' lang='lat' dir='ltr'>quasdam</span> <span class='ocrx_word' id='word_1_82' title='bbox 1050 619 1189 668; x_wconf 89' lang='lat' dir='ltr'>creaturas</span> <span class='ocrx_word' id='word_1_83' title='bbox 1203 609 1253 665; x_wconf 89' lang='lat' dir='ltr'>Dei</span> <span class='ocrx_word' id='word_1_84' title='bbox 1268 609 1421 664; x_wconf 89' lang='lat' dir='ltr'>immundas</span> <span class='ocrx_word' id='word_1_85' title='bbox 1444 609 1482 678; x_wconf 82' lang='lat' dir='ltr'>(et</span> <span class='ocrx_word' id='word_1_86' title='bbox 1504 608 1548 664; x_wconf 94' lang='lat' dir='ltr'>hic</span> <span class='ocrx_word' id='word_1_87' title='bbox 1576 614 1633 662; x_wconf 87' lang='lat' dir='ltr'>erat</span> <span class='ocrx_word' id='word_1_88' title='bbox 1647 607 1698 661; x_wconf 86' lang='lat' dir='ltr'>tu-</span> 
     </span>
     <span class='ocr_line' id='line_1_7' title="bbox 58 694 1698 772; baseline -0.006 -13"><span class='ocrx_word' id='word_1_89' title='bbox 58 706 216 762; x_wconf 74' lang='lat' dir='ltr'>«moritur.</span> <span class='ocrx_word' id='word_1_90' title='bbox 242 707 305 762; x_wconf 82' lang='lat' dir='ltr'>Sive</span> <span class='ocrx_word' id='word_1_91' title='bbox 328 706 402 761; x_wconf 92' lang='lat' dir='ltr'>enim</span> <span class='ocrx_word' id='word_1_92' title='bbox 429 706 556 772; x_wconf 79' lang='lat' dir='ltr'>sivimus,</span> <span class='ocrx_word' id='word_1_93' title='bbox 574 704 690 759; x_wconf 89' lang='lat' dir='ltr'>Domino</span> <span class='ocrx_word' id='word_1_94' title='bbox 709 703 824 760; x_wconf 86' lang='lat' dir='ltr'>vivimus</span> <span class='ocrx_word' id='word_1_95' title='bbox 846 716 852 753; x_wconf 91' lang='lat'>:</span> <span class='ocrx_word' id='word_1_96' title='bbox 904 701 1001 769; x_wconf 79' lang='lat' dir='ltr'>daeus),</span> <span class='ocrx_word' id='word_1_97' title='bbox 1017 699 1090 755; x_wconf 91' lang='lat' dir='ltr'>illum</span> <span class='ocrx_word' id='word_1_98' title='bbox 1105 700 1187 755; x_wconf 88' lang='lat' dir='ltr'>nolite</span> <span class='ocrx_word' id='word_1_99' title='bbox 1203 698 1386 754; x_wconf 79' lang='lat' dir='ltr'>scandalizare</span> <span class='ocrx_word' id='word_1_100' title='bbox 1402 712 1451 753; x_wconf 90' lang='lat' dir='ltr'>vos</span> <span class='ocrx_word' id='word_1_101' title='bbox 1469 697 1516 767; x_wconf 92' lang='lat' dir='ltr'>qui</span> <span class='ocrx_word' id='word_1_102' title='bbox 1538 694 1608 750; x_wconf 83' lang='lat' dir='ltr'>firmi</span> <span class='ocrx_word' id='word_1_103' title='bbox 1632 695 1698 751; x_wconf 88' lang='lat' dir='ltr'>estis</span> 
     </span>
     <span class='ocr_line' id='line_1_8' title="bbox 56 785 1700 865; baseline -0.005 -18"><span class='ocrx_word' id='word_1_104' title='bbox 56 814 68 843; x_wconf 75' lang='grc' dir='ltr'><strong>ι</strong></span> <span class='ocrx_word' id='word_1_105' title='bbox 87 794 148 851; x_wconf 89' lang='lat' dir='ltr'>sive</span> <span class='ocrx_word' id='word_1_106' title='bbox 163 795 303 860; x_wconf 86' lang='lat' dir='ltr'>morimur,</span> <span class='ocrx_word' id='word_1_107' title='bbox 321 795 438 850; x_wconf 86' lang='lat' dir='ltr'>Domino</span> <span class='ocrx_word' id='word_1_108' title='bbox 453 794 593 849; x_wconf 86' lang='lat' dir='ltr'>morimur.</span> <span class='ocrx_word' id='word_1_109' title='bbox 613 793 674 848; x_wconf 86' lang='lat' dir='ltr'>Sive</span> <span class='ocrx_word' id='word_1_110' title='bbox 701 807 769 865; x_wconf 86' lang='lat' dir='ltr'>ergo</span> <span class='ocrx_word' id='word_1_111' title='bbox 782 789 848 846; x_wconf 83' lang='lat' dir='ltr'>vivi·</span> <span class='ocrx_word' id='word_1_112' title='bbox 904 789 931 844; x_wconf 92' lang='lat' dir='ltr'>iu</span> <span class='ocrx_word' id='word_1_113' title='bbox 942 788 1003 855; x_wconf 87' lang='lat' dir='ltr'>fide,</span> <span class='ocrx_word' id='word_1_114' title='bbox 1020 789 1069 844; x_wconf 89' lang='lat' dir='ltr'>sed</span> <span class='ocrx_word' id='word_1_115' title='bbox 1083 789 1218 845; x_wconf 85' lang='lat' dir='ltr'>assumite</span> <span class='ocrx_word' id='word_1_116' title='bbox 1234 804 1306 843; x_wconf 91' lang='lat' dir='ltr'>eum.</span> <span class='ocrx_word' id='word_1_117' title='bbox 1317 790 1465 842; x_wconf 71' lang='lat' dir='ltr'>assumere</span> <span class='ocrx_word' id='word_1_118' title='bbox 1479 793 1521 841; x_wconf 92' lang='lat' dir='ltr'>est</span> <span class='ocrx_word' id='word_1_119' title='bbox 1535 785 1700 841; x_wconf 91' lang='lat' dir='ltr'>condescen-</span> 
     </span>
     <span class='ocr_line' id='line_1_9' title="bbox 58 874 1697 949; baseline -0.003 -16"><span class='ocrx_word' id='word_1_120' title='bbox 58 903 69 933; x_wconf 77' lang='grc' dir='ltr'>ι</span> <span class='ocrx_word' id='word_1_121' title='bbox 88 899 160 949; x_wconf 89' lang='lat' dir='ltr'>mus,</span> <span class='ocrx_word' id='word_1_122' title='bbox 178 884 235 939; x_wconf 90' lang='lat' dir='ltr'>sive</span> <span class='ocrx_word' id='word_1_123' title='bbox 248 883 390 949; x_wconf 91' lang='lat' dir='ltr'>morimur,</span> <span class='ocrx_word' id='word_1_124' title='bbox 401 882 510 938; x_wconf 89' lang='lat' dir='ltr'>Domini</span> <span class='ocrx_word' id='word_1_125' title='bbox 534 882 684 937; x_wconf 81' lang='lat' dir='ltr'>semusta</span> <span class='ocrx_word' id='word_1_126' title='bbox 711 881 763 936; x_wconf 90' lang='lat' dir='ltr'>hoc</span> <span class='ocrx_word' id='word_1_127' title='bbox 782 879 855 934; x_wconf 91' lang='lat' dir='ltr'>enim</span> <span class='ocrx_word' id='word_1_128' title='bbox 904 879 970 935; x_wconf 89' lang='lat' dir='ltr'>dare</span> <span class='ocrx_word' id='word_1_129' title='bbox 992 877 1138 933; x_wconf 86' lang='lat' dir='ltr'>infirmitati</span> <span class='ocrx_word' id='word_1_130' title='bbox 1160 878 1217 947; x_wconf 79' lang='lat' dir='ltr'>eins</span> <span class='ocrx_word' id='word_1_131' title='bbox 1234 895 1241 931; x_wconf 77' lang='grc' dir='ltr'>ε</span> <span class='ocrx_word' id='word_1_132' title='bbox 1258 877 1424 932; x_wconf 89' lang='lat' dir='ltr'>abstinerea</span> <span class='ocrx_word' id='word_1_133' title='bbox 1445 875 1542 947; x_wconf 91' lang='lat' dir='ltr'>quibus</span> <span class='ocrx_word' id='word_1_134' title='bbox 1570 874 1697 942; x_wconf 89' lang='lat' dir='ltr'>abstinet,</span> 
     </span>
     <span class='ocr_line' id='line_1_10' title="bbox 58 961 1700 1036; baseline -0.005 -10"><span class='ocrx_word' id='word_1_135' title='bbox 58 971 350 1029; x_wconf 83' lang='lat' dir='ltr'>·Cbristuamortuus</span> <span class='ocrx_word' id='word_1_136' title='bbox 372 980 413 1027; x_wconf 93' lang='grc' dir='ltr'>εει</span> <span class='ocrx_word' id='word_1_137' title='bbox 443 978 470 1026; x_wconf 94' lang='grc' dir='ltr'>ει</span> <span class='ocrx_word' id='word_1_138' title='bbox 485 971 634 1026; x_wconf 80' lang='lat' dir='ltr'>resurrexit</span> <span class='ocrx_word' id='word_1_139' title='bbox 650 988 657 1024; x_wconf 92' lang='lat'><strong>:</strong></span> <span class='ocrx_word' id='word_1_140' title='bbox 674 977 703 1024; x_wconf 93' lang='lat' dir='ltr'>ut</span> <span class='ocrx_word' id='word_1_141' title='bbox 731 975 757 1024; x_wconf 90' lang='lat' dir='ltr'>et</span> <span class='ocrx_word' id='word_1_142' title='bbox 780 968 855 1024; x_wconf 84' lang='lat' dir='ltr'>vivo-</span> <span class='ocrx_word' id='word_1_143' title='bbox 906 976 932 1023; x_wconf 94' lang='grc' dir='ltr'>ει</span> <span class='ocrx_word' id='word_1_144' title='bbox 947 968 986 1023; x_wconf 90' lang='lat' dir='ltr'>sic</span> <span class='ocrx_word' id='word_1_145' title='bbox 1001 966 1145 1022; x_wconf 88' lang='lat' dir='ltr'>alliciendo</span> <span class='ocrx_word' id='word_1_146' title='bbox 1163 982 1225 1021; x_wconf 91' lang='lat' dir='ltr'>eum</span> <span class='ocrx_word' id='word_1_147' title='bbox 1252 965 1382 1036; x_wconf 89' lang='lat' dir='ltr'>paulatim</span> <span class='ocrx_word' id='word_1_148' title='bbox 1412 964 1446 1020; x_wconf 90' lang='lat' dir='ltr'>de</span> <span class='ocrx_word' id='word_1_149' title='bbox 1468 963 1623 1036; x_wconf 90' lang='lat' dir='ltr'>integritate</span> <span class='ocrx_word' id='word_1_150' title='bbox 1637 961 1700 1018; x_wconf 90' lang='lat' dir='ltr'>fidei</span> 
     </span>
     <span class='ocr_line' id='line_1_11' title="bbox 60 1050 1701 1128; baseline -0.006 -14"><span class='ocrx_word' id='word_1_151' title='bbox 60 1077 153 1114; x_wconf 76' lang='lat' dir='ltr'>«rum</span> <span class='ocrx_word' id='word_1_152' title='bbox 178 1069 205 1116; x_wconf 92' lang='lat' dir='ltr'>et</span> <span class='ocrx_word' id='word_1_153' title='bbox 228 1068 397 1117; x_wconf 88' lang='lat' dir='ltr'>mortuomm</span> <span class='ocrx_word' id='word_1_154' title='bbox 423 1058 587 1114; x_wconf 91' lang='lat' dir='ltr'>dominetur.</span> <span class='ocrx_word' id='word_1_155' title='bbox 610 1060 647 1114; x_wconf 83' lang='lat' dir='ltr'>Ta</span> <span class='ocrx_word' id='word_1_156' title='bbox 670 1061 767 1113; x_wconf 89' lang='lat' dir='ltr'>autem</span> <span class='ocrx_word' id='word_1_157' title='bbox 790 1055 855 1128; x_wconf 95' lang='lat' dir='ltr'>quid</span> <span class='ocrx_word' id='word_1_158' title='bbox 906 1056 1010 1121; x_wconf 88' lang='lat' dir='ltr'>doceat,</span> <span class='ocrx_word' id='word_1_159' title='bbox 1020 1055 1108 1110; x_wconf 90' lang='lat' dir='ltr'>donec</span> <span class='ocrx_word' id='word_1_160' title='bbox 1122 1055 1156 1108; x_wconf 94' lang='lat' dir='ltr'>ad</span> <span class='ocrx_word' id='word_1_161' title='bbox 1170 1052 1365 1124; x_wconf 82' lang='lat' dir='ltr'>perfectionem</span> <span class='ocrx_word' id='word_1_162' title='bbox 1375 1052 1474 1109; x_wconf 81' lang='lat' dir='ltr'>veniat.</span> <span class='ocrx_word' id='word_1_163' title='bbox 1484 1052 1534 1107; x_wconf 86' lang='lat' dir='ltr'>Hic</span> <span class='ocrx_word' id='word_1_164' title='bbox 1544 1050 1701 1107; x_wconf 91' lang='lat' dir='ltr'>scandalum</span> 
     </span>
     <span class='ocr_line' id='line_1_12' title="bbox 60 1140 1700 1219; baseline -0.005 -15"><span class='ocrx_word' id='word_1_165' title='bbox 60 1170 71 1197; x_wconf 83' lang='grc' dir='ltr'><strong>ι</strong></span> <span class='ocrx_word' id='word_1_166' title='bbox 84 1148 203 1219; x_wconf 84' lang='lat' dir='ltr'>judicas</span> <span class='ocrx_word' id='word_1_167' title='bbox 218 1148 330 1205; x_wconf 88' lang='lat' dir='ltr'>fratrem</span> <span class='ocrx_word' id='word_1_168' title='bbox 353 1147 453 1203; x_wconf 83' lang='lat' dir='ltr'>tuum?</span> <span class='ocrx_word' id='word_1_169' title='bbox 475 1148 545 1216; x_wconf 77' lang='lat' dir='ltr'>(tac.</span> <span class='ocrx_word' id='word_1_170' title='bbox 574 1148 613 1218; x_wconf 85' lang='lat' dir='ltr'>tv)</span> <span class='ocrx_word' id='word_1_171' title='bbox 641 1152 686 1200; x_wconf 91' lang='lat' dir='ltr'>aut</span> <span class='ocrx_word' id='word_1_172' title='bbox 713 1153 741 1200; x_wconf 93' lang='lat' dir='ltr'>tu</span> <span class='ocrx_word' id='word_1_173' title='bbox 770 1160 856 1215; x_wconf 86' lang='lat' dir='ltr'>quara</span> <span class='ocrx_word' id='word_1_174' title='bbox 907 1143 1033 1199; x_wconf 84' lang='lat' dir='ltr'>removit.</span> <span class='ocrx_word' id='word_1_175' title='bbox 1052 1142 1128 1199; x_wconf 65' lang='grc'>75</span> <span class='ocrx_word' id='word_1_176' title='bbox 1145 1142 1281 1197; x_wconf 81' lang='grc' dir='ltr'><strong>Αεεεεείιε</strong></span> <span class='ocrx_word' id='word_1_177' title='bbox 1302 1140 1438 1195; x_wconf 89' lang='lat' dir='ltr'>infirmum</span> <span class='ocrx_word' id='word_1_178' title='bbox 1453 1157 1511 1197; x_wconf 91' lang='lat' dir='ltr'>nan</span> <span class='ocrx_word' id='word_1_179' title='bbox 1525 1147 1700 1196; x_wconf 80' lang='lat' dir='ltr'>remanentes</span> 
     </span>
     <span class='ocr_line' id='line_1_13' title="bbox 57 1229 1699 1308; baseline -0.005 -17"><span class='ocrx_word' id='word_1_180' title='bbox 57 1238 200 1308; x_wconf 76' lang='lat' dir='ltr'>«spernis</span> <span class='ocrx_word' id='word_1_181' title='bbox 229 1237 339 1293; x_wconf 82' lang='lat' dir='ltr'>tratrem</span> <span class='ocrx_word' id='word_1_182' title='bbox 368 1237 466 1291; x_wconf 80' lang='lat' dir='ltr'>tuum?</span> <span class='ocrx_word' id='word_1_183' title='bbox 494 1234 597 1292; x_wconf 85' lang='lat' dir='ltr'>Omnes</span> <span class='ocrx_word' id='word_1_184' title='bbox 625 1234 697 1290; x_wconf 90' lang='lat' dir='ltr'>enim</span> <span class='ocrx_word' id='word_1_185' title='bbox 725 1233 857 1287; x_wconf 89' lang='lat' dir='ltr'>stabimus</span> <span class='ocrx_word' id='word_1_186' title='bbox 906 1233 938 1287; x_wconf 86' lang='lat' dir='ltr'>iu</span> <span class='ocrx_word' id='word_1_187' title='bbox 949 1231 1198 1303; x_wconf 81' lang='lat' dir='ltr'>disceptationibus</span> <span class='ocrx_word' id='word_1_188' title='bbox 1218 1232 1420 1302; x_wconf 73' lang='lat' dir='ltr'>cogitationum</span> <span class='ocrx_word' id='word_1_189' title='bbox 1443 1229 1517 1298; x_wconf 89' lang='lat' dir='ltr'>ejus,</span> <span class='ocrx_word' id='word_1_190' title='bbox 1536 1229 1640 1285; x_wconf 87' lang='lat' dir='ltr'>scilicet</span> <span class='ocrx_word' id='word_1_191' title='bbox 1656 1229 1699 1283; x_wconf 90' lang='lat' dir='ltr'>in·</span> 
     </span>
     <span class='ocr_line' id='line_1_14' title="bbox 59 1317 1702 1397; baseline -0.005 -17"><span class='ocrx_word' id='word_1_192' title='bbox 59 1333 156 1381; x_wconf 89' lang='lat' dir='ltr'>·auta</span> <span class='ocrx_word' id='word_1_193' title='bbox 171 1325 289 1380; x_wconf 90' lang='lat' dir='ltr'>tribunal</span> <span class='ocrx_word' id='word_1_194' title='bbox 303 1323 500 1397; x_wconf 62' lang='lat' dir='ltr'>Christi-[Deip</span> <span class='ocrx_word' id='word_1_195' title='bbox 530 1323 666 1393; x_wconf 88' lang='lat' dir='ltr'>Scriptum</span> <span class='ocrx_word' id='word_1_196' title='bbox 696 1328 737 1376; x_wconf 91' lang='lat' dir='ltr'>est</span> <span class='ocrx_word' id='word_1_197' title='bbox 760 1321 855 1376; x_wconf 86' lang='lat' dir='ltr'>enirn:</span> <span class='ocrx_word' id='word_1_198' title='bbox 907 1318 987 1386; x_wconf 86' lang='lat' dir='ltr'>firmi,</span> <span class='ocrx_word' id='word_1_199' title='bbox 999 1319 1026 1374; x_wconf 95' lang='lat' dir='ltr'>id</span> <span class='ocrx_word' id='word_1_200' title='bbox 1037 1327 1122 1375; x_wconf 89' lang='lat' dir='ltr'>estne</span> <span class='ocrx_word' id='word_1_201' title='bbox 1136 1318 1451 1389; x_wconf 85' lang='lat' dir='ltr'>disceptetisjudicantes</span> <span class='ocrx_word' id='word_1_202' title='bbox 1462 1317 1577 1389; x_wconf 87' lang='lat' dir='ltr'>aliquem</span> <span class='ocrx_word' id='word_1_203' title='bbox 1588 1317 1622 1372; x_wconf 91' lang='lat' dir='ltr'>de</span> <span class='ocrx_word' id='word_1_204' title='bbox 1633 1332 1702 1374; x_wconf 91' lang='lat' dir='ltr'>con·</span> 
     </span>
     <span class='ocr_line' id='line_1_15' title="bbox 60 1405 1699 1486; baseline -0.007 -15"><span class='ocrx_word' id='word_1_205' title='bbox 60 1436 71 1464; x_wconf 83' lang='grc' dir='ltr'><strong>ι</strong></span> <span class='ocrx_word' id='word_1_206' title='bbox 93 1415 160 1471; x_wconf 85' lang='lat' dir='ltr'>l’iue</span> <span class='ocrx_word' id='word_1_207' title='bbox 172 1431 230 1486; x_wconf 76' lang='lat' dir='ltr'>ega,</span> <span class='ocrx_word' id='word_1_208' title='bbox 247 1414 316 1471; x_wconf 84' lang='lat' dir='ltr'>dicit</span> <span class='ocrx_word' id='word_1_209' title='bbox 331 1415 467 1469; x_wconf 80' lang='lat' dir='ltr'>Dominus</span> <span class='ocrx_word' id='word_1_210' title='bbox 482 1432 491 1467; x_wconf 88' lang='lat'>:</span> <span class='ocrx_word' id='word_1_211' title='bbox 506 1411 633 1484; x_wconf 92' lang='lat' dir='ltr'>quoniam</span> <span class='ocrx_word' id='word_1_212' title='bbox 648 1410 720 1466; x_wconf 84' lang='lat' dir='ltr'>mibi</span> <span class='ocrx_word' id='word_1_213' title='bbox 734 1409 858 1465; x_wconf 86' lang='lat' dir='ltr'>flectetur</span> <span class='ocrx_word' id='word_1_214' title='bbox 908 1408 1018 1464; x_wconf 90' lang='lat' dir='ltr'>scientia</span> <span class='ocrx_word' id='word_1_215' title='bbox 1037 1407 1137 1471; x_wconf 89' lang='lat' dir='ltr'>cordis,</span> <span class='ocrx_word' id='word_1_216' title='bbox 1159 1423 1219 1479; x_wconf 86' lang='lat' dir='ltr'>quae</span> <span class='ocrx_word' id='word_1_217' title='bbox 1230 1406 1280 1461; x_wconf 92' lang='lat' dir='ltr'>soli</span> <span class='ocrx_word' id='word_1_218' title='bbox 1291 1405 1349 1461; x_wconf 89' lang='lat' dir='ltr'>Deo</span> <span class='ocrx_word' id='word_1_219' title='bbox 1368 1406 1476 1479; x_wconf 86' lang='lat' dir='ltr'>cognita</span> <span class='ocrx_word' id='word_1_220' title='bbox 1487 1414 1527 1461; x_wconf 88' lang='grc' dir='ltr'>εει</span> <span class='ocrx_word' id='word_1_221' title='bbox 1547 1413 1573 1460; x_wconf 91' lang='grc' dir='ltr'>ει</span> <span class='ocrx_word' id='word_1_222' title='bbox 1586 1421 1699 1460; x_wconf 79' lang='lat' dir='ltr'>nanno·</span> 
     </span>
     <span class='ocr_line' id='line_1_16' title="bbox 61 1494 1704 1574; baseline -0.004 -21"><span class='ocrx_word' id='word_1_223' title='bbox 61 1524 72 1553; x_wconf 80' lang='grc' dir='ltr'><strong>ι</strong></span> <span class='ocrx_word' id='word_1_224' title='bbox 88 1519 175 1559; x_wconf 87' lang='lat' dir='ltr'>amne</span> <span class='ocrx_word' id='word_1_225' title='bbox 190 1518 273 1574; x_wconf 67' lang='lat' dir='ltr'>genu,</span> <span class='ocrx_word' id='word_1_226' title='bbox 300 1506 328 1558; x_wconf 90' lang='lat' dir='ltr'>et</span> <span class='ocrx_word' id='word_1_227' title='bbox 352 1501 443 1557; x_wconf 86' lang='lat' dir='ltr'>amuis</span> <span class='ocrx_word' id='word_1_228' title='bbox 466 1502 564 1572; x_wconf 82' lang='lat' dir='ltr'>linqua</span> <span class='ocrx_word' id='word_1_229' title='bbox 593 1496 772 1555; x_wconf 86' lang='lat' dir='ltr'>confitebetur</span> <span class='ocrx_word' id='word_1_230' title='bbox 800 1498 858 1553; x_wconf 91' lang='lat' dir='ltr'>Deo</span> <span class='ocrx_word' id='word_1_231' title='bbox 909 1497 960 1551; x_wconf 89' lang='lat' dir='ltr'>bis.</span> <span class='ocrx_word' id='word_1_232' title='bbox 972 1494 1177 1552; x_wconf 83' lang='lat' dir='ltr'>Vereiatirmus</span> <span class='ocrx_word' id='word_1_233' title='bbox 1187 1495 1268 1550; x_wconf 90' lang='lat' dir='ltr'>debet</span> <span class='ocrx_word' id='word_1_234' title='bbox 1281 1494 1393 1550; x_wconf 90' lang='lat' dir='ltr'>assumi.</span> <span class='ocrx_word' id='word_1_235' title='bbox 1405 1496 1476 1550; x_wconf 88' lang='lat' dir='ltr'>Nam</span> <span class='ocrx_word' id='word_1_236' title='bbox 1491 1495 1566 1550; x_wconf 88' lang='lat' dir='ltr'>alius</span> <span class='ocrx_word' id='word_1_237' title='bbox 1581 1501 1622 1549; x_wconf 98' lang='grc' dir='ltr'>εει</span> <span class='ocrx_word' id='word_1_238' title='bbox 1638 1510 1704 1565; x_wconf 90' lang='lat' dir='ltr'>per·</span> 
     </span>
     <span class='ocr_line' id='line_1_17' title="bbox 60 1581 1706 1672; baseline 0 -36"><span class='ocrx_word' id='word_1_239' title='bbox 60 1608 70 1636; x_wconf 81' lang='grc' dir='ltr'><strong>ι</strong></span> <span class='ocrx_word' id='word_1_240' title='bbox 88 1587 169 1656; x_wconf 75' lang='lat' dir='ltr'>(lsai.</span> <span class='ocrx_word' id='word_1_241' title='bbox 185 1600 252 1652; x_wconf 80' lang='lat' dir='ltr'>xcv,</span> <span class='ocrx_word' id='word_1_242' title='bbox 269 1589 323 1651; x_wconf 71' lang='lat'>233</span> <span class='ocrx_word' id='word_1_243' title='bbox 339 1585 413 1641; x_wconf 80' lang='lat' dir='ltr'>Pttt.</span> <span class='ocrx_word' id='word_1_244' title='bbox 436 1599 465 1654; x_wconf 89' lang='lat' dir='ltr'>u,</span> <span class='ocrx_word' id='word_1_245' title='bbox 483 1585 538 1652; x_wconf 88' lang='lat' dir='ltr'>to).</span> <span class='ocrx_word' id='word_1_246' title='bbox 555 1583 648 1654; x_wconf 86' lang='lat' dir='ltr'>ltaque</span> <span class='ocrx_word' id='word_1_247' title='bbox 671 1581 896 1672; x_wconf 78' lang='lat' dir='ltr'>unusquisqueB</span> <span class='ocrx_word' id='word_1_248' title='bbox 910 1585 997 1640; x_wconf 88' lang='lat' dir='ltr'>iectus</span> <span class='ocrx_word' id='word_1_249' title='bbox 1007 1584 1054 1655; x_wconf 90' lang='lat' dir='ltr'>qui</span> <span class='ocrx_word' id='word_1_250' title='bbox 1063 1599 1202 1640; x_wconf 89' lang='lat' dir='ltr'>assumere</span> <span class='ocrx_word' id='word_1_251' title='bbox 1213 1591 1240 1638; x_wconf 90' lang='grc' dir='ltr'>ει</span> <span class='ocrx_word' id='word_1_252' title='bbox 1247 1583 1346 1639; x_wconf 89' lang='lat' dir='ltr'>docere</span> <span class='ocrx_word' id='word_1_253' title='bbox 1355 1599 1417 1638; x_wconf 91' lang='lat' dir='ltr'>eum</span> <span class='ocrx_word' id='word_1_254' title='bbox 1428 1581 1706 1654; x_wconf 78' lang='lat' dir='ltr'>patestdliusautem</span> 
     </span>
     <span class='ocr_line' id='line_1_18' title="bbox 60 1669 1705 1744; baseline -0.003 -15"><span class='ocrx_word' id='word_1_255' title='bbox 60 1697 70 1720; x_wconf 73' lang='grc' dir='ltr'><strong>ι</strong></span> <span class='ocrx_word' id='word_1_256' title='bbox 88 1682 216 1730; x_wconf 86' lang='lat' dir='ltr'>uostmm</span> <span class='ocrx_word' id='word_1_257' title='bbox 231 1690 280 1744; x_wconf 90' lang='lat' dir='ltr'>pro</span> <span class='ocrx_word' id='word_1_258' title='bbox 294 1690 325 1729; x_wconf 88' lang='grc' dir='ltr'>εε</span> <span class='ocrx_word' id='word_1_259' title='bbox 340 1673 472 1728; x_wconf 90' lang='lat' dir='ltr'>rationem</span> <span class='ocrx_word' id='word_1_260' title='bbox 487 1671 581 1727; x_wconf 92' lang='lat' dir='ltr'>reddet</span> <span class='ocrx_word' id='word_1_261' title='bbox 609 1672 677 1727; x_wconf 89' lang='lat' dir='ltr'>Deo.</span> <span class='ocrx_word' id='word_1_262' title='bbox 707 1670 767 1726; x_wconf 92' lang='lat' dir='ltr'>Noa</span> <span class='ocrx_word' id='word_1_263' title='bbox 790 1685 857 1742; x_wconf 85' lang='lat' dir='ltr'>erga</span> <span class='ocrx_word' id='word_1_264' title='bbox 915 1680 956 1728; x_wconf 89' lang='lat' dir='ltr'>est</span> <span class='ocrx_word' id='word_1_265' title='bbox 965 1670 1089 1727; x_wconf 85' lang='lat' dir='ltr'>infirmus</span> <span class='ocrx_word' id='word_1_266' title='bbox 1104 1671 1151 1743; x_wconf 93' lang='lat' dir='ltr'>qui</span> <span class='ocrx_word' id='word_1_267' title='bbox 1174 1671 1358 1741; x_wconf 84' lang='lat' dir='ltr'>assumptione</span> <span class='ocrx_word' id='word_1_268' title='bbox 1372 1671 1486 1744; x_wconf 85' lang='lat' dir='ltr'>indiget.</span> <span class='ocrx_word' id='word_1_269' title='bbox 1503 1669 1581 1738; x_wconf 86' lang='lat' dir='ltr'>Quod</span> <span class='ocrx_word' id='word_1_270' title='bbox 1605 1670 1644 1725; x_wconf 94' lang='lat' dir='ltr'>sic</span> <span class='ocrx_word' id='word_1_271' title='bbox 1659 1670 1705 1725; x_wconf 92' lang='lat' dir='ltr'>ait.</span> 
     </span>
     <span class='ocr_line' id='line_1_19' title="bbox 60 1757 1710 1833; baseline -0.001 -19"><span class='ocrx_word' id='word_1_272' title='bbox 60 1763 209 1833; x_wconf 77' lang='lat' dir='ltr'>«amplius</span> <span class='ocrx_word' id='word_1_273' title='bbox 235 1762 351 1818; x_wconf 80' lang='lat' dir='ltr'>invicem</span> <span class='ocrx_word' id='word_1_274' title='bbox 391 1761 547 1830; x_wconf 86' lang='lat' dir='ltr'>judicemus</span> <span class='ocrx_word' id='word_1_275' title='bbox 564 1774 571 1813; x_wconf 77' lang='grc' dir='ltr'>ε</span> <span class='ocrx_word' id='word_1_276' title='bbox 588 1758 637 1814; x_wconf 91' lang='lat' dir='ltr'>sed</span> <span class='ocrx_word' id='word_1_277' title='bbox 673 1759 725 1817; x_wconf 90' lang='lat' dir='ltr'>boo</span> <span class='ocrx_word' id='word_1_278' title='bbox 744 1757 864 1827; x_wconf 87' lang='lat' dir='ltr'>judicate</span> <span class='ocrx_word' id='word_1_279' title='bbox 914 1758 1710 1831; x_wconf 80' lang='lat' dir='ltr'>liliosaecreditpossemanducareamnia,sciensomnia</span> 
     </span>
     <span class='ocr_line' id='line_1_20' title="bbox 60 1845 1708 1924; baseline 0 -23"><span class='ocrx_word' id='word_1_280' title='bbox 60 1873 72 1901; x_wconf 75' lang='grc' dir='ltr'><strong>ι</strong></span> <span class='ocrx_word' id='word_1_281' title='bbox 88 1851 195 1924; x_wconf 86' lang='lat' dir='ltr'>magis,</span> <span class='ocrx_word' id='word_1_282' title='bbox 211 1866 245 1906; x_wconf 92' lang='lat' dir='ltr'>ne</span> <span class='ocrx_word' id='word_1_283' title='bbox 260 1850 367 1921; x_wconf 91' lang='lat' dir='ltr'>ponatis</span> <span class='ocrx_word' id='word_1_284' title='bbox 382 1847 576 1905; x_wconf 81' lang='lat' dir='ltr'>offendiculum</span> <span class='ocrx_word' id='word_1_285' title='bbox 593 1846 672 1903; x_wconf 84' lang='lat' dir='ltr'>fratri</span> <span class='ocrx_word' id='word_1_286' title='bbox 686 1846 729 1903; x_wconf 86' lang='lat' dir='ltr'>vel</span> <span class='ocrx_word' id='word_1_287' title='bbox 744 1847 864 1902; x_wconf 87' lang='lat' dir='ltr'>scauda—</span> <span class='ocrx_word' id='word_1_288' title='bbox 915 1865 976 1904; x_wconf 90' lang='lat' dir='ltr'>esse</span> <span class='ocrx_word' id='word_1_289' title='bbox 986 1848 1098 1914; x_wconf 90' lang='lat' dir='ltr'>munda,</span> <span class='ocrx_word' id='word_1_290' title='bbox 1112 1856 1138 1902; x_wconf 91' lang='grc' dir='ltr'>ει</span> <span class='ocrx_word' id='word_1_291' title='bbox 1148 1847 1192 1903; x_wconf 78' lang='lat' dir='ltr'>liic</span> <span class='ocrx_word' id='word_1_292' title='bbox 1203 1855 1244 1902; x_wconf 91' lang='grc' dir='ltr'>εει</span> <span class='ocrx_word' id='word_1_293' title='bbox 1254 1845 1308 1902; x_wconf 87' lang='lat' dir='ltr'>fide</span> <span class='ocrx_word' id='word_1_294' title='bbox 1318 1845 1421 1903; x_wconf 87' lang='lat' dir='ltr'>firmus.</span> <span class='ocrx_word' id='word_1_295' title='bbox 1434 1847 1509 1902; x_wconf 77' lang='lat' dir='ltr'>Alius</span> <span class='ocrx_word' id='word_1_296' title='bbox 1520 1855 1610 1902; x_wconf 91' lang='lat' dir='ltr'>autem</span> <span class='ocrx_word' id='word_1_297' title='bbox 1620 1853 1660 1902; x_wconf 94' lang='grc' dir='ltr'>εει</span> <span class='ocrx_word' id='word_1_298' title='bbox 1671 1846 1708 1901; x_wconf 92' lang='lat' dir='ltr'>in·</span> 
     </span>
     <span class='ocr_line' id='line_1_21' title="bbox 61 1934 1713 2008; baseline -0.002 -13"><span class='ocrx_word' id='word_1_299' title='bbox 61 1938 237 1995; x_wconf 74' lang='lat' dir='ltr'>«lum.Seio</span> <span class='ocrx_word' id='word_1_300' title='bbox 252 1946 279 1993; x_wconf 91' lang='grc' dir='ltr'>ει</span> <span class='ocrx_word' id='word_1_301' title='bbox 296 1936 403 1994; x_wconf 84' lang='lat' dir='ltr'>conlido</span> <span class='ocrx_word' id='word_1_302' title='bbox 418 1937 445 1991; x_wconf 93' lang='lat' dir='ltr'>iu</span> <span class='ocrx_word' id='word_1_303' title='bbox 460 1936 576 1992; x_wconf 86' lang='lat' dir='ltr'>Domino</span> <span class='ocrx_word' id='word_1_304' title='bbox 604 1936 678 2001; x_wconf 80' lang='lat' dir='ltr'>iesu,</span> <span class='ocrx_word' id='word_1_305' title='bbox 709 1935 772 2007; x_wconf 89' lang='lat' dir='ltr'>quia</span> <span class='ocrx_word' id='word_1_306' title='bbox 798 1934 865 1989; x_wconf 90' lang='lat' dir='ltr'>nihil</span> <span class='ocrx_word' id='word_1_307' title='bbox 915 1937 1019 2007; x_wconf 88' lang='lat' dir='ltr'>firmus,</span> <span class='ocrx_word' id='word_1_308' title='bbox 1036 1945 1133 2008; x_wconf 89' lang='lat' dir='ltr'>putans</span> <span class='ocrx_word' id='word_1_309' title='bbox 1148 1951 1245 1992; x_wconf 90' lang='lat' dir='ltr'>senon</span> <span class='ocrx_word' id='word_1_310' title='bbox 1260 1951 1342 2007; x_wconf 91' lang='lat' dir='ltr'>posse</span> <span class='ocrx_word' id='word_1_311' title='bbox 1357 1936 1449 1991; x_wconf 90' lang='lat' dir='ltr'>amnia</span> <span class='ocrx_word' id='word_1_312' title='bbox 1467 1936 1643 1991; x_wconf 91' lang='lat' dir='ltr'>manducare.</span> <span class='ocrx_word' id='word_1_313' title='bbox 1661 1935 1713 1991; x_wconf 82' lang='lat' dir='ltr'>tlte</span> 
     </span>
     <span class='ocr_line' id='line_1_22' title="bbox 61 2022 1705 2098; baseline -0.004 -14"><span class='ocrx_word' id='word_1_314' title='bbox 61 2050 71 2073; x_wconf 64' lang='grc' dir='ltr'><strong>ι</strong></span> <span class='ocrx_word' id='word_1_315' title='bbox 88 2043 239 2084; x_wconf 87' lang='lat' dir='ltr'>commune</span> <span class='ocrx_word' id='word_1_316' title='bbox 262 2026 427 2098; x_wconf 89' lang='lat' dir='ltr'>peripsum,</span> <span class='ocrx_word' id='word_1_317' title='bbox 456 2025 509 2080; x_wconf 92' lang='lat' dir='ltr'>nisi</span> <span class='ocrx_word' id='word_1_318' title='bbox 525 2025 549 2080; x_wconf 91' lang='lat' dir='ltr'>ei</span> <span class='ocrx_word' id='word_1_319' title='bbox 577 2024 623 2096; x_wconf 92' lang='lat' dir='ltr'>qui</span> <span class='ocrx_word' id='word_1_320' title='bbox 651 2024 785 2080; x_wconf 86' lang='lat' dir='ltr'>existimat</span> <span class='ocrx_word' id='word_1_321' title='bbox 799 2022 864 2093; x_wconf 93' lang='lat' dir='ltr'>quid</span> <span class='ocrx_word' id='word_1_322' title='bbox 914 2033 1004 2081; x_wconf 88' lang='lat' dir='ltr'>autem</span> <span class='ocrx_word' id='word_1_323' title='bbox 1017 2025 1150 2093; x_wconf 78' lang='lat' dir='ltr'>infirmas</span> <span class='ocrx_word' id='word_1_324' title='bbox 1165 2027 1217 2090; x_wconf 90' lang='lat' dir='ltr'>est,</span> <span class='ocrx_word' id='word_1_325' title='bbox 1241 2023 1336 2079; x_wconf 89' lang='lat' dir='ltr'>nolens</span> <span class='ocrx_word' id='word_1_326' title='bbox 1359 2023 1397 2078; x_wconf 93' lang='lat' dir='ltr'>uti</span> <span class='ocrx_word' id='word_1_327' title='bbox 1410 2023 1536 2079; x_wconf 90' lang='lat' dir='ltr'>carnibus</span> <span class='ocrx_word' id='word_1_328' title='bbox 1552 2023 1705 2096; x_wconf 82' lang='lat' dir='ltr'>gentilium,</span> 
     </span>
     <span class='ocr_line' id='line_1_23' title="bbox 60 2106 1712 2183; baseline -0.005 -7"><span class='ocrx_word' id='word_1_329' title='bbox 60 2126 238 2168; x_wconf 67' lang='lat' dir='ltr'>*commune</span> <span class='ocrx_word' id='word_1_330' title='bbox 267 2110 303 2165; x_wconf 68' lang='lat' dir='ltr'>Sit</span> <span class='ocrx_word' id='word_1_331' title='bbox 332 2125 403 2176; x_wconf 70' lang='lat'><strong>0⁵⁵0,</strong></span> <span class='ocrx_word' id='word_1_332' title='bbox 420 2109 459 2163; x_wconf 72' lang='lat' dir='ltr'>illi</span> <span class='ocrx_word' id='word_1_333' title='bbox 486 2124 630 2164; x_wconf 89' lang='lat' dir='ltr'>commune</span> <span class='ocrx_word' id='word_1_334' title='bbox 657 2114 708 2162; x_wconf 68' lang='lat'>⁸⁵¹·</span> <span class='ocrx_word' id='word_1_335' title='bbox 739 2107 768 2162; x_wconf 77' lang='lat' dir='ltr'>Si</span> <span class='ocrx_word' id='word_1_336' title='bbox 792 2106 864 2161; x_wconf 71' lang='lat' dir='ltr'>essim</span> <span class='ocrx_word' id='word_1_337' title='bbox 915 2114 1080 2177; x_wconf 83' lang='lat' dir='ltr'>manducet,</span> <span class='ocrx_word' id='word_1_338' title='bbox 1091 2113 1120 2169; x_wconf 91' lang='lat' dir='ltr'>id</span> <span class='ocrx_word' id='word_1_339' title='bbox 1135 2120 1176 2167; x_wconf 90' lang='lat' dir='ltr'>est</span> <span class='ocrx_word' id='word_1_340' title='bbox 1190 2112 1361 2183; x_wconf 87' lang='lat' dir='ltr'>permittatur</span> <span class='ocrx_word' id='word_1_341' title='bbox 1370 2112 1616 2181; x_wconf 71' lang='lat' dir='ltr'>manducaremus,</span> <span class='ocrx_word' id='word_1_342' title='bbox 1632 2111 1659 2166; x_wconf 91' lang='lat' dir='ltr'>id</span> <span class='ocrx_word' id='word_1_343' title='bbox 1671 2120 1712 2167; x_wconf 89' lang='grc' dir='ltr'>εει</span> 
     </span>
     <span class='ocr_line' id='line_1_24' title="bbox 59 2195 1712 2272; baseline -0.004 -10"><span class='ocrx_word' id='word_1_344' title='bbox 59 2221 70 2249; x_wconf 66' lang='grc' dir='ltr'><strong>ι</strong></span> <span class='ocrx_word' id='word_1_345' title='bbox 87 2207 206 2271; x_wconf 73' lang='lat' dir='ltr'>propter</span> <span class='ocrx_word' id='word_1_346' title='bbox 234 2198 324 2255; x_wconf 75' lang='lat' dir='ltr'>eibum</span> <span class='ocrx_word' id='word_1_347' title='bbox 340 2197 425 2253; x_wconf 70' lang='lat' dir='ltr'>stater</span> <span class='ocrx_word' id='word_1_348' title='bbox 451 2204 513 2252; x_wconf 73' lang='lat' dir='ltr'>tuus</span> <span class='ocrx_word' id='word_1_349' title='bbox 533 2195 716 2262; x_wconf 65' lang='lat' dir='ltr'>⁰0111si⁵1³l¹¹f2</span> <span class='ocrx_word' id='word_1_350' title='bbox 738 2195 794 2264; x_wconf 65' lang='lat' dir='ltr'>jam</span> <span class='ocrx_word' id='word_1_351' title='bbox 809 2210 864 2249; x_wconf 76' lang='lat' dir='ltr'>110ss</span> <span class='ocrx_word' id='word_1_352' title='bbox 915 2204 938 2258; x_wconf 91' lang='lat' dir='ltr'>si</span> <span class='ocrx_word' id='word_1_353' title='bbox 952 2202 1018 2258; x_wconf 85' lang='lat' dir='ltr'>velit</span> <span class='ocrx_word' id='word_1_354' title='bbox 1032 2201 1170 2256; x_wconf 87' lang='lat' dir='ltr'>abstinere</span> <span class='ocrx_word' id='word_1_355' title='bbox 1184 2200 1292 2272; x_wconf 84' lang='lat' dir='ltr'>:utique</span> <span class='ocrx_word' id='word_1_356' title='bbox 1302 2200 1404 2255; x_wconf 90' lang='lat' dir='ltr'>bonurn</span> <span class='ocrx_word' id='word_1_357' title='bbox 1414 2207 1465 2267; x_wconf 89' lang='lat' dir='ltr'>est,</span> <span class='ocrx_word' id='word_1_358' title='bbox 1476 2215 1528 2257; x_wconf 87' lang='lat' dir='ltr'>nec</span> <span class='ocrx_word' id='word_1_359' title='bbox 1538 2199 1712 2272; x_wconf 89' lang='lat' dir='ltr'>inquietetur.</span> 
     </span>
     <span class='ocr_line' id='line_1_25' title="bbox 59 2283 1709 2360; baseline -0.001 -21"><span class='ocrx_word' id='word_1_360' title='bbox 59 2288 245 2344; x_wconf 82' lang='lat' dir='ltr'>«secundum</span> <span class='ocrx_word' id='word_1_361' title='bbox 280 2287 441 2342; x_wconf 84' lang='lat' dir='ltr'>charitatem</span> <span class='ocrx_word' id='word_1_362' title='bbox 466 2285 599 2341; x_wconf 81' lang='lat' dir='ltr'>ambulas,</span> <span class='ocrx_word' id='word_1_363' title='bbox 637 2283 699 2339; x_wconf 88' lang='lat' dir='ltr'>Noli</span> <span class='ocrx_word' id='word_1_364' title='bbox 734 2283 795 2339; x_wconf 85' lang='lat' dir='ltr'>cibo</span> <span class='ocrx_word' id='word_1_365' title='bbox 818 2291 864 2338; x_wconf 89' lang='lat' dir='ltr'>tuo</span> <span class='ocrx_word' id='word_1_366' title='bbox 950 2291 1000 2346; x_wconf 78' lang='lat' dir='ltr'>Hic</span> <span class='ocrx_word' id='word_1_367' title='bbox 1014 2290 1109 2360; x_wconf 77' lang='lat' dir='ltr'>incipit</span> <span class='ocrx_word' id='word_1_368' title='bbox 1134 2304 1309 2360; x_wconf 82' lang='lat' dir='ltr'>composcere</span> <span class='ocrx_word' id='word_1_369' title='bbox 1325 2289 1472 2356; x_wconf 79' lang='lat' dir='ltr'>Romanos,</span> <span class='ocrx_word' id='word_1_370' title='bbox 1488 2304 1523 2344; x_wconf 83' lang='lat' dir='ltr'>ne</span> <span class='ocrx_word' id='word_1_371' title='bbox 1536 2288 1660 2358; x_wconf 83' lang='lat' dir='ltr'>judicent</span> <span class='ocrx_word' id='word_1_372' title='bbox 1673 2288 1709 2344; x_wconf 85' lang='lat' dir='ltr'>de</span> 
     </span>
     <span class='ocr_line' id='line_1_26' title="bbox 61 2371 1715 2448; baseline 0.001 -18"><span class='ocrx_word' id='word_1_373' title='bbox 61 2399 72 2429; x_wconf 77' lang='grc' dir='ltr'>ι</span> <span class='ocrx_word' id='word_1_374' title='bbox 90 2376 172 2431; x_wconf 92' lang='lat' dir='ltr'>illum</span> <span class='ocrx_word' id='word_1_375' title='bbox 196 2375 323 2448; x_wconf 85' lang='lat' dir='ltr'>perdere,</span> <span class='ocrx_word' id='word_1_376' title='bbox 340 2390 391 2447; x_wconf 91' lang='lat' dir='ltr'>pro</span> <span class='ocrx_word' id='word_1_377' title='bbox 406 2390 459 2446; x_wconf 90' lang='lat' dir='ltr'>quo</span> <span class='ocrx_word' id='word_1_378' title='bbox 474 2372 596 2429; x_wconf 83' lang='lat' dir='ltr'>Christus</span> <span class='ocrx_word' id='word_1_379' title='bbox 606 2380 727 2428; x_wconf 76' lang='lat' dir='ltr'>mortuus</span> <span class='ocrx_word' id='word_1_380' title='bbox 735 2379 786 2427; x_wconf 74' lang='lat' dir='ltr'>est·</span> <span class='ocrx_word' id='word_1_381' title='bbox 802 2371 865 2426; x_wconf 90' lang='lat' dir='ltr'>Non</span> <span class='ocrx_word' id='word_1_382' title='bbox 915 2378 1099 2437; x_wconf 79' lang='lat' dir='ltr'>conscientiis.</span> <span class='ocrx_word' id='word_1_383' title='bbox 1116 2377 1168 2446; x_wconf 86' lang='lat' dir='ltr'>Qui</span> <span class='ocrx_word' id='word_1_384' title='bbox 1182 2393 1238 2433; x_wconf 93' lang='lat' dir='ltr'>non</span> <span class='ocrx_word' id='word_1_385' title='bbox 1252 2377 1308 2433; x_wconf 90' lang='lat' dir='ltr'>vult</span> <span class='ocrx_word' id='word_1_386' title='bbox 1335 2378 1519 2447; x_wconf 89' lang='lat' dir='ltr'>manducare,</span> <span class='ocrx_word' id='word_1_387' title='bbox 1538 2377 1715 2448; x_wconf 90' lang='lat' dir='ltr'>permittatur</span> 
     </span>
     <span class='ocr_line' id='line_1_27' title="bbox 61 2459 1713 2538; baseline 0 -17"><span class='ocrx_word' id='word_1_388' title='bbox 61 2486 72 2516; x_wconf 80' lang='grc' dir='ltr'><strong>ι</strong></span> <span class='ocrx_word' id='word_1_389' title='bbox 89 2481 163 2537; x_wconf 80' lang='lat' dir='ltr'>ergo</span> <span class='ocrx_word' id='word_1_390' title='bbox 180 2464 383 2535; x_wconf 86' lang='lat' dir='ltr'>blasphemetur</span> <span class='ocrx_word' id='word_1_391' title='bbox 396 2463 498 2519; x_wconf 86' lang='lat' dir='ltr'>bonum</span> <span class='ocrx_word' id='word_1_392' title='bbox 516 2469 648 2517; x_wconf 85' lang='lat' dir='ltr'>nostrum.</span> <span class='ocrx_word' id='word_1_393' title='bbox 659 2461 721 2515; x_wconf 84' lang='lat' dir='ltr'>Non</span> <span class='ocrx_word' id='word_1_394' title='bbox 735 2469 776 2515; x_wconf 79' lang='lat' dir='ltr'>est</span> <span class='ocrx_word' id='word_1_395' title='bbox 791 2459 864 2514; x_wconf 82' lang='lat' dir='ltr'>enim</span> <span class='ocrx_word' id='word_1_396' title='bbox 915 2467 1062 2523; x_wconf 86' lang='lat' dir='ltr'>abstinere.</span> <span class='ocrx_word' id='word_1_397' title='bbox 1078 2466 1104 2522; x_wconf 78' lang='lat' dir='ltr'>la</span> <span class='ocrx_word' id='word_1_398' title='bbox 1120 2473 1210 2522; x_wconf 88' lang='lat' dir='ltr'>autern</span> <span class='ocrx_word' id='word_1_399' title='bbox 1224 2467 1272 2538; x_wconf 84' lang='lat' dir='ltr'>qai</span> <span class='ocrx_word' id='word_1_400' title='bbox 1285 2467 1452 2532; x_wconf 88' lang='lat' dir='ltr'>manducat,</span> <span class='ocrx_word' id='word_1_401' title='bbox 1464 2465 1662 2522; x_wconf 87' lang='lat' dir='ltr'>sciensomnes</span> <span class='ocrx_word' id='word_1_402' title='bbox 1674 2465 1713 2522; x_wconf 92' lang='lat' dir='ltr'>ci·</span> 
     </span>
     <span class='ocr_line' id='line_1_28' title="bbox 61 2549 1711 2627; baseline 0 -17"><span class='ocrx_word' id='word_1_403' title='bbox 61 2580 71 2602; x_wconf 89' lang='grc' dir='ltr'><strong>ι</strong></span> <span class='ocrx_word' id='word_1_404' title='bbox 90 2569 214 2625; x_wconf 84' lang='lat' dir='ltr'>reguum</span> <span class='ocrx_word' id='word_1_405' title='bbox 227 2553 278 2608; x_wconf 86' lang='lat' dir='ltr'>Dei</span> <span class='ocrx_word' id='word_1_406' title='bbox 292 2568 357 2608; x_wconf 85' lang='lat' dir='ltr'>esca</span> <span class='ocrx_word' id='word_1_407' title='bbox 371 2560 398 2606; x_wconf 85' lang='lat' dir='ltr'>et</span> <span class='ocrx_word' id='word_1_408' title='bbox 411 2558 492 2621; x_wconf 85' lang='lat' dir='ltr'>potus</span> <span class='ocrx_word' id='word_1_409' title='bbox 508 2568 515 2605; x_wconf 73' lang='grc' dir='ltr'><strong><em>ε</em></strong></span> <span class='ocrx_word' id='word_1_410' title='bbox 532 2550 580 2607; x_wconf 84' lang='lat' dir='ltr'>sed</span> <span class='ocrx_word' id='word_1_411' title='bbox 592 2549 694 2618; x_wconf 76' lang='lat' dir='ltr'>justitia</span> <span class='ocrx_word' id='word_1_412' title='bbox 708 2557 734 2604; x_wconf 74' lang='lat' dir='ltr'>et</span> <span class='ocrx_word' id='word_1_413' title='bbox 749 2564 811 2619; x_wconf 68' lang='lat' dir='ltr'>pat,</span> <span class='ocrx_word' id='word_1_414' title='bbox 838 2555 864 2604; x_wconf 79' lang='lat' dir='ltr'>et</span> <span class='ocrx_word' id='word_1_415' title='bbox 914 2557 968 2617; x_wconf 72' lang='lat' dir='ltr'>‚bos</span> <span class='ocrx_word' id='word_1_416' title='bbox 983 2571 1044 2611; x_wconf 87' lang='lat' dir='ltr'>esse</span> <span class='ocrx_word' id='word_1_417' title='bbox 1059 2554 1185 2622; x_wconf 89' lang='lat' dir='ltr'>mundos,</span> <span class='ocrx_word' id='word_1_418' title='bbox 1202 2570 1260 2609; x_wconf 87' lang='lat' dir='ltr'>non</span> <span class='ocrx_word' id='word_1_419' title='bbox 1274 2558 1390 2627; x_wconf 82' lang='lat' dir='ltr'>spernat</span> <span class='ocrx_word' id='word_1_420' title='bbox 1404 2571 1461 2611; x_wconf 90' lang='lat' dir='ltr'>nan</span> <span class='ocrx_word' id='word_1_421' title='bbox 1475 2554 1711 2620; x_wconf 79' lang='lat' dir='ltr'>manducantem,</span> 
     </span>
     <span class='ocr_line' id='line_1_29' title="bbox 63 2638 1710 2717; baseline 0.001 -22"><span class='ocrx_word' id='word_1_422' title='bbox 63 2665 75 2695; x_wconf 77' lang='grc' dir='ltr'><strong>ι</strong></span> <span class='ocrx_word' id='word_1_423' title='bbox 92 2642 238 2714; x_wconf 81' lang='lat' dir='ltr'>gaudium,</span> <span class='ocrx_word' id='word_1_424' title='bbox 254 2641 282 2695; x_wconf 93' lang='lat' dir='ltr'>in</span> <span class='ocrx_word' id='word_1_425' title='bbox 297 2640 399 2712; x_wconf 88' lang='lat' dir='ltr'>Spiritu</span> <span class='ocrx_word' id='word_1_426' title='bbox 415 2648 520 2696; x_wconf 88' lang='lat' dir='ltr'>sancto.</span> <span class='ocrx_word' id='word_1_427' title='bbox 544 2638 597 2707; x_wconf 88' lang='lat' dir='ltr'>Qui</span> <span class='ocrx_word' id='word_1_428' title='bbox 611 2639 683 2694; x_wconf 90' lang='lat' dir='ltr'>euim</span> <span class='ocrx_word' id='word_1_429' title='bbox 698 2638 725 2691; x_wconf 94' lang='lat' dir='ltr'>iu</span> <span class='ocrx_word' id='word_1_430' title='bbox 740 2638 791 2693; x_wconf 91' lang='lat' dir='ltr'>hoc</span> <span class='ocrx_word' id='word_1_431' title='bbox 807 2653 863 2692; x_wconf 90' lang='lat' dir='ltr'>sar·</span> <span class='ocrx_word' id='word_1_432' title='bbox 915 2644 943 2699; x_wconf 92' lang='lat' dir='ltr'>id</span> <span class='ocrx_word' id='word_1_433' title='bbox 957 2651 999 2700; x_wconf 88' lang='lat' dir='ltr'>est</span> <span class='ocrx_word' id='word_1_434' title='bbox 1013 2642 1124 2717; x_wconf 86' lang='lat' dir='ltr'>gentilis</span> <span class='ocrx_word' id='word_1_435' title='bbox 1138 2643 1286 2698; x_wconf 90' lang='lat' dir='ltr'>comedens</span> <span class='ocrx_word' id='word_1_436' title='bbox 1294 2657 1349 2698; x_wconf 92' lang='lat' dir='ltr'>nou</span> <span class='ocrx_word' id='word_1_437' title='bbox 1359 2650 1515 2699; x_wconf 90' lang='lat' dir='ltr'>contemnat</span> <span class='ocrx_word' id='word_1_438' title='bbox 1525 2642 1650 2698; x_wconf 81' lang='lat' dir='ltr'>tudaum</span> <span class='ocrx_word' id='word_1_439' title='bbox 1660 2642 1710 2698; x_wconf 88' lang='lat' dir='ltr'>ab·</span> 
     </span>
     <span class='ocr_line' id='line_1_30' title="bbox 62 2726 1711 2804; baseline -0.007 -7"><span class='ocrx_word' id='word_1_440' title='bbox 62 2755 74 2779; x_wconf 61' lang='lat'>²</span> <span class='ocrx_word' id='word_1_441' title='bbox 93 2732 133 2786; x_wconf 74' lang='grc' dir='ltr'>ι’ἰῐ</span> <span class='ocrx_word' id='word_1_442' title='bbox 147 2730 267 2797; x_wconf 61' lang='lat' dir='ltr'>Chrisws</span> <span class='ocrx_word' id='word_1_443' title='bbox 283 2728 373 2800; x_wconf 90' lang='lat' dir='ltr'>placet</span> <span class='ocrx_word' id='word_1_444' title='bbox 387 2729 455 2795; x_wconf 66' lang='grc' dir='ltr'>ὓθθ,</span> <span class='ocrx_word' id='word_1_445' title='bbox 473 2736 497 2784; x_wconf 70' lang='grc' dir='ltr'>θί</span> <span class='ocrx_word' id='word_1_446' title='bbox 509 2728 640 2800; x_wconf 68' lang='lat' dir='ltr'>llr⁰hatus</span> <span class='ocrx_word' id='word_1_447' title='bbox 648 2726 860 2781; x_wconf 66' lang='lat' dir='ltr'>e⁸1h⁰11¹issibtts·</span> <span class='ocrx_word' id='word_1_448' title='bbox 914 2733 1068 2799; x_wconf 88' lang='lat' dir='ltr'>stinentem,</span> <span class='ocrx_word' id='word_1_449' title='bbox 1086 2746 1205 2804; x_wconf 88' lang='lat' dir='ltr'>argaeus</span> <span class='ocrx_word' id='word_1_450' title='bbox 1226 2747 1287 2786; x_wconf 92' lang='lat' dir='ltr'>eum</span> <span class='ocrx_word' id='word_1_451' title='bbox 1304 2730 1337 2786; x_wconf 92' lang='lat' dir='ltr'>de</span> <span class='ocrx_word' id='word_1_452' title='bbox 1365 2729 1571 2802; x_wconf 83' lang='lat' dir='ltr'>imperfectione</span> <span class='ocrx_word' id='word_1_453' title='bbox 1585 2729 1659 2787; x_wconf 86' lang='lat' dir='ltr'>fidei.</span> <span class='ocrx_word' id='word_1_454' title='bbox 1675 2731 1711 2786; x_wconf 80' lang='lat' dir='ltr'>at</span> 
     </span>
     <span class='ocr_line' id='line_1_31' title="bbox 63 2813 1707 2893; baseline 0.001 -19"><span class='ocrx_word' id='word_1_455' title='bbox 63 2822 191 2890; x_wconf 78' lang='lat' dir='ltr'>«ltaque</span> <span class='ocrx_word' id='word_1_456' title='bbox 211 2835 272 2891; x_wconf 77' lang='lat' dir='ltr'>quae</span> <span class='ocrx_word' id='word_1_457' title='bbox 286 2818 361 2888; x_wconf 87' lang='lat' dir='ltr'>pacis</span> <span class='ocrx_word' id='word_1_458' title='bbox 390 2824 452 2871; x_wconf 88' lang='lat' dir='ltr'>sunt</span> <span class='ocrx_word' id='word_1_459' title='bbox 476 2823 611 2873; x_wconf 85' lang='lat' dir='ltr'>sectemur</span> <span class='ocrx_word' id='word_1_460' title='bbox 626 2830 632 2869; x_wconf 94' lang='lat'>:</span> <span class='ocrx_word' id='word_1_461' title='bbox 650 2823 677 2870; x_wconf 82' lang='lat' dir='ltr'>ct</span> <span class='ocrx_word' id='word_1_462' title='bbox 699 2832 760 2887; x_wconf 81' lang='lat' dir='ltr'>quae</span> <span class='ocrx_word' id='word_1_463' title='bbox 774 2813 862 2870; x_wconf 85' lang='lat' dir='ltr'>aedifi·</span> <span class='ocrx_word' id='word_1_464' title='bbox 912 2821 958 2876; x_wconf 87' lang='lat' dir='ltr'>itte</span> <span class='ocrx_word' id='word_1_465' title='bbox 973 2819 1267 2893; x_wconf 82' lang='lat' dir='ltr'>quinonmandacat,</span> <span class='ocrx_word' id='word_1_466' title='bbox 1283 2819 1310 2874; x_wconf 94' lang='lat' dir='ltr'>id</span> <span class='ocrx_word' id='word_1_467' title='bbox 1325 2818 1496 2886; x_wconf 81' lang='lat' dir='ltr'>esttudaeus,</span> <span class='ocrx_word' id='word_1_468' title='bbox 1513 2835 1572 2875; x_wconf 87' lang='lat' dir='ltr'>non</span> <span class='ocrx_word' id='word_1_469' title='bbox 1584 2819 1707 2891; x_wconf 83' lang='lat' dir='ltr'>judicet,</span> 
     </span>
     <span class='ocr_line' id='line_1_32' title="bbox 63 2903 1708 2979; baseline 0.003 -22"><span class='ocrx_word' id='word_1_470' title='bbox 63 2932 74 2957; x_wconf 70' lang='grc' dir='ltr'><strong>ι</strong></span> <span class='ocrx_word' id='word_1_471' title='bbox 93 2907 212 2964; x_wconf 76' lang='lat' dir='ltr'>canonis</span> <span class='ocrx_word' id='word_1_472' title='bbox 227 2913 298 2972; x_wconf 85' lang='lat' dir='ltr'>sunt,</span> <span class='ocrx_word' id='word_1_473' title='bbox 323 2905 352 2960; x_wconf 93' lang='lat' dir='ltr'>iu</span> <span class='ocrx_word' id='word_1_474' title='bbox 366 2905 481 2961; x_wconf 87' lang='lat' dir='ltr'>invicem</span> <span class='ocrx_word' id='word_1_475' title='bbox 496 2904 692 2960; x_wconf 87' lang='lat' dir='ltr'>custodiamus.</span> <span class='ocrx_word' id='word_1_476' title='bbox 721 2903 784 2959; x_wconf 91' lang='lat' dir='ltr'>Noli</span> <span class='ocrx_word' id='word_1_477' title='bbox 798 2918 861 2975; x_wconf 91' lang='lat' dir='ltr'>pro·</span> <span class='ocrx_word' id='word_1_478' title='bbox 913 2909 941 2963; x_wconf 93' lang='lat' dir='ltr'>id</span> <span class='ocrx_word' id='word_1_479' title='bbox 957 2916 1066 2964; x_wconf 91' lang='lat' dir='ltr'>estnon</span> <span class='ocrx_word' id='word_1_480' title='bbox 1082 2908 1190 2963; x_wconf 90' lang='lat' dir='ltr'>damnet</span> <span class='ocrx_word' id='word_1_481' title='bbox 1199 2907 1421 2964; x_wconf 82' lang='lat' dir='ltr'>manducantem</span> <span class='ocrx_word' id='word_1_482' title='bbox 1435 2907 1575 2979; x_wconf 81' lang='lat' dir='ltr'>gentilem.</span> <span class='ocrx_word' id='word_1_483' title='bbox 1587 2908 1649 2963; x_wconf 90' lang='lat' dir='ltr'>Nou</span> <span class='ocrx_word' id='word_1_484' title='bbox 1659 2907 1708 2963; x_wconf 87' lang='lat' dir='ltr'>da·</span> 
     </span>
     <span class='ocr_line' id='line_1_33' title="bbox 67 2965 1708 3068; baseline 0.001 -17"><span class='ocrx_word' id='word_1_485' title='bbox 67 3023 79 3046; x_wconf 83' lang='lat'><strong>·</strong></span> <span class='ocrx_word' id='word_1_486' title='bbox 94 3004 158 3068; x_wconf 91' lang='lat' dir='ltr'>pter</span> <span class='ocrx_word' id='word_1_487' title='bbox 173 3010 266 3051; x_wconf 81' lang='lat' dir='ltr'>eseam</span> <span class='ocrx_word' id='word_1_488' title='bbox 282 2994 422 3049; x_wconf 85' lang='lat' dir='ltr'>destruere</span> <span class='ocrx_word' id='word_1_489' title='bbox 436 3009 505 3064; x_wconf 85' lang='lat' dir='ltr'>opus</span> <span class='ocrx_word' id='word_1_490' title='bbox 531 2992 594 3048; x_wconf 85' lang='lat' dir='ltr'>Dei·</span> <span class='ocrx_word' id='word_1_491' title='bbox 626 2991 725 3046; x_wconf 72' lang='lat' dir='ltr'>Omnia</span> <span class='ocrx_word' id='word_1_492' title='bbox 752 2965 896 3063; x_wconf 77' lang='lat' dir='ltr'>quidemo</span> <span class='ocrx_word' id='word_1_493' title='bbox 914 2998 959 3052; x_wconf 92' lang='lat' dir='ltr'>bet</span> <span class='ocrx_word' id='word_1_494' title='bbox 972 2995 1040 3052; x_wconf 89' lang='lat' dir='ltr'>alter</span> <span class='ocrx_word' id='word_1_495' title='bbox 1054 2996 1168 3051; x_wconf 91' lang='lat' dir='ltr'>alterum</span> <span class='ocrx_word' id='word_1_496' title='bbox 1184 3011 1314 3066; x_wconf 86' lang='lat' dir='ltr'>spernere</span> <span class='ocrx_word' id='word_1_497' title='bbox 1329 3012 1377 3052; x_wconf 92' lang='lat' dir='ltr'>seu</span> <span class='ocrx_word' id='word_1_498' title='bbox 1388 2996 1512 3065; x_wconf 88' lang='lat' dir='ltr'>judicare</span> <span class='ocrx_word' id='word_1_499' title='bbox 1528 3014 1534 3051; x_wconf 93' lang='lat'><strong>:</strong></span> <span class='ocrx_word' id='word_1_500' title='bbox 1552 3013 1619 3052; x_wconf 88' lang='lat' dir='ltr'>aum</span> <span class='ocrx_word' id='word_1_501' title='bbox 1634 2997 1708 3052; x_wconf 77' lang='lat' dir='ltr'>Deae</span> 
     </span>
     <span class='ocr_line' id='line_1_34' title="bbox 64 3079 1706 3156; baseline 0.002 -22"><span class='ocrx_word' id='word_1_502' title='bbox 64 3090 160 3139; x_wconf 76' lang='lat' dir='ltr'>«suut</span> <span class='ocrx_word' id='word_1_503' title='bbox 188 3082 301 3149; x_wconf 88' lang='lat' dir='ltr'>munda,</span> <span class='ocrx_word' id='word_1_504' title='bbox 317 3082 366 3137; x_wconf 89' lang='lat' dir='ltr'>sed</span> <span class='ocrx_word' id='word_1_505' title='bbox 390 3081 490 3136; x_wconf 91' lang='lat' dir='ltr'>malum</span> <span class='ocrx_word' id='word_1_506' title='bbox 524 3089 565 3136; x_wconf 91' lang='lat' dir='ltr'>est</span> <span class='ocrx_word' id='word_1_507' title='bbox 590 3079 694 3134; x_wconf 90' lang='lat' dir='ltr'>homiui</span> <span class='ocrx_word' id='word_1_508' title='bbox 735 3079 781 3150; x_wconf 94' lang='lat' dir='ltr'>qui</span> <span class='ocrx_word' id='word_1_509' title='bbox 814 3095 862 3150; x_wconf 83' lang='lat' dir='ltr'>per</span> <span class='ocrx_word' id='word_1_510' title='bbox 912 3085 1068 3156; x_wconf 82' lang='lat' dir='ltr'>assumpsit</span> <span class='ocrx_word' id='word_1_511' title='bbox 1082 3086 1177 3150; x_wconf 84' lang='lat' dir='ltr'>ittam,</span> <span class='ocrx_word' id='word_1_512' title='bbox 1191 3084 1220 3139; x_wconf 90' lang='lat' dir='ltr'>id</span> <span class='ocrx_word' id='word_1_513' title='bbox 1234 3093 1275 3140; x_wconf 91' lang='lat' dir='ltr'>est</span> <span class='ocrx_word' id='word_1_514' title='bbox 1288 3093 1431 3156; x_wconf 89' lang='lat' dir='ltr'>utrumque</span> <span class='ocrx_word' id='word_1_515' title='bbox 1446 3092 1472 3140; x_wconf 94' lang='grc' dir='ltr'>ει</span> <span class='ocrx_word' id='word_1_516' title='bbox 1484 3084 1706 3152; x_wconf 89' lang='lat' dir='ltr'>manducantem,</span> 
     </span>
     <span class='ocr_line' id='line_1_35' title="bbox 66 3168 1708 3246; baseline 0.003 -21"><span class='ocrx_word' id='word_1_517' title='bbox 66 3170 294 3228; x_wconf 79' lang='lat' dir='ltr'>«offendiculum</span> <span class='ocrx_word' id='word_1_518' title='bbox 308 3170 464 3225; x_wconf 89' lang='lat' dir='ltr'>manducat.</span> <span class='ocrx_word' id='word_1_519' title='bbox 480 3170 585 3225; x_wconf 86' lang='lat' dir='ltr'>Bonum</span> <span class='ocrx_word' id='word_1_520' title='bbox 607 3177 648 3223; x_wconf 91' lang='grc' dir='ltr'>εει</span> <span class='ocrx_word' id='word_1_521' title='bbox 671 3183 727 3223; x_wconf 91' lang='lat' dir='ltr'>uon</span> <span class='ocrx_word' id='word_1_522' title='bbox 747 3168 862 3223; x_wconf 89' lang='lat' dir='ltr'>manda·</span> <span class='ocrx_word' id='word_1_523' title='bbox 912 3183 939 3229; x_wconf 86' lang='grc' dir='ltr'>ει</span> <span class='ocrx_word' id='word_1_524' title='bbox 962 3189 1016 3229; x_wconf 92' lang='lat' dir='ltr'>non</span> <span class='ocrx_word' id='word_1_525' title='bbox 1035 3174 1253 3228; x_wconf 85' lang='lat' dir='ltr'>manducantem.</span> <span class='ocrx_word' id='word_1_526' title='bbox 1279 3175 1440 3246; x_wconf 74' lang='lat' dir='ltr'>desumpsit</span> <span class='ocrx_word' id='word_1_527' title='bbox 1468 3173 1529 3229; x_wconf 93' lang='lat' dir='ltr'>dico</span> <span class='ocrx_word' id='word_1_528' title='bbox 1551 3189 1601 3245; x_wconf 92' lang='lat' dir='ltr'>per</span> <span class='ocrx_word' id='word_1_529' title='bbox 1624 3171 1708 3227; x_wconf 85' lang='lat' dir='ltr'>fidem</span> 
     </span>
     <span class='ocr_line' id='line_1_36' title="bbox 64 3256 1706 3334; baseline 0.002 -22"><span class='ocrx_word' id='word_1_530' title='bbox 64 3284 76 3312; x_wconf 75' lang='grc' dir='ltr'><strong>ι</strong></span> <span class='ocrx_word' id='word_1_531' title='bbox 94 3277 159 3318; x_wconf 88' lang='lat' dir='ltr'>care</span> <span class='ocrx_word' id='word_1_532' title='bbox 175 3275 295 3325; x_wconf 75' lang='lat' dir='ltr'>mmem,</span> <span class='ocrx_word' id='word_1_533' title='bbox 312 3267 339 3314; x_wconf 91' lang='grc' dir='ltr'>ει</span> <span class='ocrx_word' id='word_1_534' title='bbox 352 3274 407 3314; x_wconf 92' lang='lat' dir='ltr'>non</span> <span class='ocrx_word' id='word_1_535' title='bbox 430 3258 525 3313; x_wconf 90' lang='lat' dir='ltr'>bibere</span> <span class='ocrx_word' id='word_1_536' title='bbox 549 3257 651 3323; x_wconf 90' lang='lat' dir='ltr'>vinum,</span> <span class='ocrx_word' id='word_1_537' title='bbox 668 3256 795 3328; x_wconf 83' lang='lat' dir='ltr'>usquein</span> <span class='ocrx_word' id='word_1_538' title='bbox 808 3273 862 3328; x_wconf 91' lang='lat' dir='ltr'>qua</span> <span class='ocrx_word' id='word_1_539' title='bbox 913 3278 996 3334; x_wconf 91' lang='lat' dir='ltr'>quam</span> <span class='ocrx_word' id='word_1_540' title='bbox 1012 3262 1069 3330; x_wconf 80' lang='lat' dir='ltr'>iam</span> <span class='ocrx_word' id='word_1_541' title='bbox 1096 3261 1194 3316; x_wconf 87' lang='lat' dir='ltr'>babent</span> <span class='ocrx_word' id='word_1_542' title='bbox 1218 3268 1247 3315; x_wconf 92' lang='lat' dir='ltr'>ut</span> <span class='ocrx_word' id='word_1_543' title='bbox 1271 3277 1374 3317; x_wconf 86' lang='lat' dir='ltr'>servos.</span> <span class='ocrx_word' id='word_1_544' title='bbox 1405 3263 1439 3317; x_wconf 85' lang='lat' dir='ltr'>Et</span> <span class='ocrx_word' id='word_1_545' title='bbox 1455 3260 1706 3334; x_wconf 90' lang='lat' dir='ltr'>quandoquidema</span> 
     </span>
     <span class='ocr_line' id='line_1_37' title="bbox 64 3344 1707 3418; baseline 0.001 -16"><span class='ocrx_word' id='word_1_546' title='bbox 64 3372 76 3402; x_wconf 78' lang='grc' dir='ltr'>ι</span> <span class='ocrx_word' id='word_1_547' title='bbox 94 3351 186 3404; x_wconf 86' lang='lat' dir='ltr'>trater</span> <span class='ocrx_word' id='word_1_548' title='bbox 199 3356 261 3403; x_wconf 92' lang='lat' dir='ltr'>tuus</span> <span class='ocrx_word' id='word_1_549' title='bbox 285 3346 437 3415; x_wconf 80' lang='lat' dir='ltr'>offenditur,</span> <span class='ocrx_word' id='word_1_550' title='bbox 455 3353 502 3402; x_wconf 92' lang='lat' dir='ltr'>aut</span> <span class='ocrx_word' id='word_1_551' title='bbox 521 3344 726 3410; x_wconf 82' lang='lat' dir='ltr'>scandalizatur,</span> <span class='ocrx_word' id='word_1_552' title='bbox 753 3353 798 3400; x_wconf 89' lang='lat' dir='ltr'>aut</span> <span class='ocrx_word' id='word_1_553' title='bbox 825 3345 864 3399; x_wconf 92' lang='lat' dir='ltr'>in·</span> <span class='ocrx_word' id='word_1_554' title='bbox 912 3347 971 3401; x_wconf 89' lang='lat' dir='ltr'>Deo</span> <span class='ocrx_word' id='word_1_555' title='bbox 981 3345 1112 3415; x_wconf 89' lang='lat' dir='ltr'>assumpti</span> <span class='ocrx_word' id='word_1_556' title='bbox 1127 3350 1188 3399; x_wconf 88' lang='lat' dir='ltr'>sunt</span> <span class='ocrx_word' id='word_1_557' title='bbox 1202 3344 1265 3401; x_wconf 87' lang='lat' dir='ltr'>lacti</span> <span class='ocrx_word' id='word_1_558' title='bbox 1281 3346 1353 3402; x_wconf 88' lang='lat' dir='ltr'>servi</span> <span class='ocrx_word' id='word_1_559' title='bbox 1364 3346 1432 3415; x_wconf 88' lang='lat' dir='ltr'>ejus,</span> <span class='ocrx_word' id='word_1_560' title='bbox 1451 3350 1482 3401; x_wconf 88' lang='lat' dir='ltr'>tu</span> <span class='ocrx_word' id='word_1_561' title='bbox 1496 3347 1707 3418; x_wconf 80' lang='lat' dir='ltr'>quisesqaiju·</span> 
     </span>
     <span class='ocr_line' id='line_1_38' title="bbox 66 3433 1707 3506; baseline -0.001 -18"><span class='ocrx_word' id='word_1_562' title='bbox 66 3437 229 3492; x_wconf 77' lang='lat' dir='ltr'>«tinuatur.</span> <span class='ocrx_word' id='word_1_563' title='bbox 254 3437 294 3492; x_wconf 91' lang='lat' dir='ltr'>Tu</span> <span class='ocrx_word' id='word_1_564' title='bbox 317 3434 400 3491; x_wconf 90' lang='lat' dir='ltr'>tidem</span> <span class='ocrx_word' id='word_1_565' title='bbox 429 3450 512 3506; x_wconf 91' lang='lat' dir='ltr'>quam</span> <span class='ocrx_word' id='word_1_566' title='bbox 547 3433 632 3489; x_wconf 91' lang='lat' dir='ltr'>babes</span> <span class='ocrx_word' id='word_1_567' title='bbox 668 3448 752 3504; x_wconf 90' lang='lat' dir='ltr'>penes</span> <span class='ocrx_word' id='word_1_568' title='bbox 780 3440 864 3488; x_wconf 89' lang='lat' dir='ltr'>temet</span> <span class='ocrx_word' id='word_1_569' title='bbox 912 3433 987 3490; x_wconf 88' lang='lat' dir='ltr'>dices</span> <span class='ocrx_word' id='word_1_570' title='bbox 1000 3450 1112 3489; x_wconf 86' lang='lat' dir='ltr'>seruam</span> <span class='ocrx_word' id='word_1_571' title='bbox 1122 3434 1344 3489; x_wconf 81' lang='lat' dir='ltr'>atienathec</span> <span class='ocrx_word' id='word_1_572' title='bbox 1359 3434 1435 3506; x_wconf 83' lang='lat' dir='ltr'>leges</span> <span class='ocrx_word' id='word_1_573' title='bbox 1457 3433 1551 3488; x_wconf 90' lang='lat' dir='ltr'>mundi</span> <span class='ocrx_word' id='word_1_574' title='bbox 1566 3435 1619 3489; x_wconf 93' lang='lat' dir='ltr'>hoc</span> <span class='ocrx_word' id='word_1_575' title='bbox 1633 3433 1707 3504; x_wconf 90' lang='lat' dir='ltr'>pati-</span> 
     </span>
     <span class='ocr_line' id='line_1_39' title="bbox 64 3521 1704 3597; baseline 0.001 -21"><span class='ocrx_word' id='word_1_576' title='bbox 64 3548 76 3576; x_wconf 79' lang='lat'><strong>«</strong></span> <span class='ocrx_word' id='word_1_577' title='bbox 95 3526 200 3597; x_wconf 88' lang='lat' dir='ltr'>ipsum,</span> <span class='ocrx_word' id='word_1_578' title='bbox 215 3524 284 3579; x_wconf 88' lang='lat' dir='ltr'>habe</span> <span class='ocrx_word' id='word_1_579' title='bbox 299 3539 392 3580; x_wconf 90' lang='lat' dir='ltr'>coram</span> <span class='ocrx_word' id='word_1_580' title='bbox 409 3524 476 3578; x_wconf 90' lang='lat' dir='ltr'>Deo.</span> <span class='ocrx_word' id='word_1_581' title='bbox 502 3523 599 3577; x_wconf 87' lang='lat' dir='ltr'>Beatus</span> <span class='ocrx_word' id='word_1_582' title='bbox 622 3521 668 3592; x_wconf 92' lang='lat' dir='ltr'>qui</span> <span class='ocrx_word' id='word_1_583' title='bbox 694 3521 863 3590; x_wconf 86' lang='lat' dir='ltr'>nonjudieat</span> <span class='ocrx_word' id='word_1_584' title='bbox 912 3530 1002 3587; x_wconf 89' lang='lat' dir='ltr'>untur,</span> <span class='ocrx_word' id='word_1_585' title='bbox 1018 3529 1046 3576; x_wconf 91' lang='grc' dir='ltr'>ει</span> <span class='ocrx_word' id='word_1_586' title='bbox 1061 3537 1157 3577; x_wconf 86' lang='lat' dir='ltr'>servus</span> <span class='ocrx_word' id='word_1_587' title='bbox 1172 3521 1205 3576; x_wconf 93' lang='lat' dir='ltr'>ab</span> <span class='ocrx_word' id='word_1_588' title='bbox 1220 3521 1273 3577; x_wconf 91' lang='lat' dir='ltr'>alio</span> <span class='ocrx_word' id='word_1_589' title='bbox 1289 3537 1371 3592; x_wconf 91' lang='lat' dir='ltr'>quam</span> <span class='ocrx_word' id='word_1_590' title='bbox 1385 3538 1400 3576; x_wconf 91' lang='lat' dir='ltr'>a</span> <span class='ocrx_word' id='word_1_591' title='bbox 1414 3521 1524 3579; x_wconf 86' lang='lat' dir='ltr'>domino</span> <span class='ocrx_word' id='word_1_592' title='bbox 1539 3538 1589 3577; x_wconf 91' lang='lat' dir='ltr'>suo</span> <span class='ocrx_word' id='word_1_593' title='bbox 1601 3522 1704 3591; x_wconf 85' lang='lat' dir='ltr'>judice·</span> 
     </span>
     <span class='ocr_line' id='line_1_40' title="bbox 63 3609 1707 3683; baseline -0.001 -16"><span class='ocrx_word' id='word_1_594' title='bbox 63 3636 75 3667; x_wconf 76' lang='grc' dir='ltr'><strong>ι</strong></span> <span class='ocrx_word' id='word_1_595' title='bbox 96 3612 276 3683; x_wconf 88' lang='lat' dir='ltr'>semetipsum</span> <span class='ocrx_word' id='word_1_596' title='bbox 291 3612 319 3666; x_wconf 92' lang='lat' dir='ltr'>in</span> <span class='ocrx_word' id='word_1_597' title='bbox 333 3627 366 3667; x_wconf 95' lang='lat' dir='ltr'>eo</span> <span class='ocrx_word' id='word_1_598' title='bbox 381 3611 453 3683; x_wconf 91' lang='lat' dir='ltr'>quod</span> <span class='ocrx_word' id='word_1_599' title='bbox 467 3611 575 3682; x_wconf 91' lang='lat' dir='ltr'>probat.</span> <span class='ocrx_word' id='word_1_600' title='bbox 593 3609 645 3678; x_wconf 83' lang='lat' dir='ltr'>Qui</span> <span class='ocrx_word' id='word_1_601' title='bbox 655 3617 746 3665; x_wconf 89' lang='lat' dir='ltr'>autern</span> <span class='ocrx_word' id='word_1_602' title='bbox 760 3609 865 3665; x_wconf 89' lang='lat' dir='ltr'>discer—</span> <span class='ocrx_word' id='word_1_603' title='bbox 912 3619 965 3665; x_wconf 89' lang='lat' dir='ltr'>tur.</span> <span class='ocrx_word' id='word_1_604' title='bbox 977 3611 1039 3665; x_wconf 91' lang='lat' dir='ltr'>Nan</span> <span class='ocrx_word' id='word_1_605' title='bbox 1050 3609 1270 3681; x_wconf 79' lang='lat' dir='ltr'>utiqueJudicare</span> <span class='ocrx_word' id='word_1_606' title='bbox 1280 3609 1365 3665; x_wconf 91' lang='lat' dir='ltr'>debes</span> <span class='ocrx_word' id='word_1_607' title='bbox 1376 3609 1494 3665; x_wconf 89' lang='lat' dir='ltr'>alienum</span> <span class='ocrx_word' id='word_1_608' title='bbox 1505 3626 1614 3666; x_wconf 84' lang='lat' dir='ltr'>servum</span> <span class='ocrx_word' id='word_1_609' title='bbox 1626 3629 1633 3665; x_wconf 93' lang='lat'><strong>:</strong></span> <span class='ocrx_word' id='word_1_610' title='bbox 1644 3610 1707 3683; x_wconf 90' lang='lat' dir='ltr'>quia</span> 
     </span>
     <span class='ocr_line' id='line_1_41' title="bbox 64 3692 1706 3771; baseline 0.002 -20"><span class='ocrx_word' id='word_1_611' title='bbox 64 3726 75 3751; x_wconf 73' lang='grc' dir='ltr'><strong>ι</strong></span> <span class='ocrx_word' id='word_1_612' title='bbox 94 3702 153 3771; x_wconf 89' lang='lat' dir='ltr'>nit,</span> <span class='ocrx_word' id='word_1_613' title='bbox 168 3700 192 3755; x_wconf 88' lang='lat' dir='ltr'>si</span> <span class='ocrx_word' id='word_1_614' title='bbox 205 3700 417 3766; x_wconf 88' lang='lat' dir='ltr'>manducaverit,</span> <span class='ocrx_word' id='word_1_615' title='bbox 442 3700 584 3755; x_wconf 89' lang='lat' dir='ltr'>damnatus</span> <span class='ocrx_word' id='word_1_616' title='bbox 606 3705 656 3763; x_wconf 92' lang='lat' dir='ltr'>est,</span> <span class='ocrx_word' id='word_1_617' title='bbox 682 3698 814 3769; x_wconf 88' lang='lat' dir='ltr'>quianon</span> <span class='ocrx_word' id='word_1_618' title='bbox 831 3714 864 3753; x_wconf 80' lang='lat' dir='ltr'>ex</span> <span class='ocrx_word' id='word_1_619' title='bbox 914 3692 1011 3754; x_wconf 85' lang='lat' dir='ltr'>servus</span> <span class='ocrx_word' id='word_1_620' title='bbox 1025 3697 1071 3753; x_wconf 92' lang='lat' dir='ltr'>ille</span> <span class='ocrx_word' id='word_1_621' title='bbox 1085 3702 1144 3754; x_wconf 87' lang='lat' dir='ltr'>stat</span> <span class='ocrx_word' id='word_1_622' title='bbox 1158 3698 1228 3754; x_wconf 90' lang='lat' dir='ltr'>bene</span> <span class='ocrx_word' id='word_1_623' title='bbox 1243 3699 1383 3769; x_wconf 88' lang='lat' dir='ltr'>operanda</span> <span class='ocrx_word' id='word_1_624' title='bbox 1410 3706 1567 3755; x_wconf 81' lang='lat' dir='ltr'>reservatus</span> <span class='ocrx_word' id='word_1_625' title='bbox 1581 3699 1706 3767; x_wconf 87' lang='lat' dir='ltr'>domiuo,</span> 
     </span>
     <span class='ocr_line' id='line_1_42' title="bbox 64 3785 1712 3859; baseline 0.003 -19"><span class='ocrx_word' id='word_1_626' title='bbox 64 3789 164 3845; x_wconf 79' lang='lat' dir='ltr'>«tide.</span> <span class='ocrx_word' id='word_1_627' title='bbox 181 3788 269 3844; x_wconf 89' lang='lat' dir='ltr'>Omne</span> <span class='ocrx_word' id='word_1_628' title='bbox 298 3796 390 3844; x_wconf 91' lang='lat' dir='ltr'>autem</span> <span class='ocrx_word' id='word_1_629' title='bbox 418 3787 492 3859; x_wconf 94' lang='lat' dir='ltr'>quod</span> <span class='ocrx_word' id='word_1_630' title='bbox 511 3802 565 3843; x_wconf 91' lang='lat' dir='ltr'>non</span> <span class='ocrx_word' id='word_1_631' title='bbox 595 3793 636 3842; x_wconf 90' lang='lat' dir='ltr'>est</span> <span class='ocrx_word' id='word_1_632' title='bbox 651 3801 684 3840; x_wconf 84' lang='lat' dir='ltr'>ex</span> <span class='ocrx_word' id='word_1_633' title='bbox 699 3785 774 3856; x_wconf 86' lang='lat' dir='ltr'>tide,</span> <span class='ocrx_word' id='word_1_634' title='bbox 796 3801 864 3857; x_wconf 89' lang='lat' dir='ltr'>pec·</span> <span class='ocrx_word' id='word_1_635' title='bbox 913 3787 941 3843; x_wconf 94' lang='lat' dir='ltr'>id</span> <span class='ocrx_word' id='word_1_636' title='bbox 957 3786 1223 3857; x_wconf 86' lang='lat' dir='ltr'>estjudiciodomiui</span> <span class='ocrx_word' id='word_1_637' title='bbox 1238 3786 1289 3855; x_wconf 91' lang='lat' dir='ltr'>sui,</span> <span class='ocrx_word' id='word_1_638' title='bbox 1311 3791 1363 3842; x_wconf 88' lang='lat' dir='ltr'>aut</span> <span class='ocrx_word' id='word_1_639' title='bbox 1385 3788 1526 3859; x_wconf 89' lang='lat' dir='ltr'>peccando</span> <span class='ocrx_word' id='word_1_640' title='bbox 1541 3789 1712 3845; x_wconf 84' lang='lat' dir='ltr'>caditado-</span> 
     </span>
     <span class='ocr_line' id='line_1_43' title="bbox 64 3874 1710 3947; baseline 0.005 -20"><span class='ocrx_word' id='word_1_641' title='bbox 64 3902 76 3927; x_wconf 77' lang='grc' dir='ltr'><strong>ι</strong></span> <span class='ocrx_word' id='word_1_642' title='bbox 94 3885 187 3936; x_wconf 82' lang='grc' dir='ltr'><strong>εειειε</strong></span> <span class='ocrx_word' id='word_1_643' title='bbox 200 3885 277 3932; x_wconf 78' lang='lat' dir='ltr'>est.»</span> <span class='ocrx_word' id='word_1_644' title='bbox 913 3875 988 3930; x_wconf 91' lang='lat' dir='ltr'>mino</span> <span class='ocrx_word' id='word_1_645' title='bbox 1006 3890 1054 3931; x_wconf 93' lang='lat' dir='ltr'>suo</span> <span class='ocrx_word' id='word_1_646' title='bbox 1066 3875 1239 3944; x_wconf 85' lang='lat' dir='ltr'>judicandus.</span> <span class='ocrx_word' id='word_1_647' title='bbox 1269 3874 1297 3931; x_wconf 89' lang='lat' dir='ltr'>Si</span> <span class='ocrx_word' id='word_1_648' title='bbox 1316 3875 1395 3930; x_wconf 90' lang='lat' dir='ltr'>etiam</span> <span class='ocrx_word' id='word_1_649' title='bbox 1410 3876 1489 3947; x_wconf 88' lang='lat' dir='ltr'>plane</span> <span class='ocrx_word' id='word_1_650' title='bbox 1517 3878 1628 3934; x_wconf 87' lang='lat' dir='ltr'>noveris</span> <span class='ocrx_word' id='word_1_651' title='bbox 1649 3894 1710 3935; x_wconf 87' lang='lat' dir='ltr'>eum</span> 
     </span>
     <span class='ocr_line' id='line_1_44' title="bbox 913 3963 1713 4038; baseline 0.005 -19"><span class='ocrx_word' id='word_1_652' title='bbox 913 3963 1313 4033; x_wconf 87' lang='lat' dir='ltr'>cecidisse,netameujudices</span> <span class='ocrx_word' id='word_1_653' title='bbox 1328 3980 1390 4019; x_wconf 90' lang='lat' dir='ltr'>eum</span> <span class='ocrx_word' id='word_1_654' title='bbox 1416 3965 1508 4037; x_wconf 89' lang='lat' dir='ltr'>:quia</span> <span class='ocrx_word' id='word_1_655' title='bbox 1531 3982 1593 4025; x_wconf 89' lang='lat' dir='ltr'>cres</span> <span class='ocrx_word' id='word_1_656' title='bbox 1622 3974 1713 4038; x_wconf 90' lang='lat' dir='ltr'>potest</span> 
     </span>
     <span class='ocr_line' id='line_1_45' title="bbox 913 4051 1715 4127; baseline 0.006 -20"><span class='ocrx_word' id='word_1_657' title='bbox 913 4051 1070 4122; x_wconf 83' lang='lat' dir='ltr'>paenitenda</span> <span class='ocrx_word' id='word_1_658' title='bbox 1081 4052 1248 4108; x_wconf 89' lang='lat' dir='ltr'>essemelior</span> <span class='ocrx_word' id='word_1_659' title='bbox 1258 4059 1293 4120; x_wconf 89' lang='lat' dir='ltr'>te,</span> <span class='ocrx_word' id='word_1_660' title='bbox 1305 4060 1331 4109; x_wconf 90' lang='lat' dir='ltr'>et</span> <span class='ocrx_word' id='word_1_661' title='bbox 1341 4053 1376 4108; x_wconf 89' lang='lat' dir='ltr'>de</span> <span class='ocrx_word' id='word_1_662' title='bbox 1385 4054 1594 4110; x_wconf 87' lang='lat' dir='ltr'>omnibusbona</span> <span class='ocrx_word' id='word_1_663' title='bbox 1604 4072 1715 4127; x_wconf 89' lang='lat' dir='ltr'>semper</span> 
     </span>
    </p>

    <p class='ocr_par' dir='ltr' id='par_1_3' title="bbox 64 4134 1718 5541">
     <span class='ocr_line' id='line_1_46' title="bbox 102 4134 1716 4211; baseline 0.006 -20"><span class='ocrx_word' id='word_1_664' title='bbox 102 4135 178 4204; x_wconf 85' lang='lat' dir='ltr'>Quia</span> <span class='ocrx_word' id='word_1_665' title='bbox 191 4134 307 4191; x_wconf 82' lang='lat' dir='ltr'>Romani</span> <span class='ocrx_word' id='word_1_666' title='bbox 329 4136 405 4208; x_wconf 83' lang='lat' dir='ltr'>gravi</span> <span class='ocrx_word' id='word_1_667' title='bbox 423 4135 492 4192; x_wconf 90' lang='lat' dir='ltr'>inter</span> <span class='ocrx_word' id='word_1_668' title='bbox 519 4151 549 4191; x_wconf 88' lang='grc' dir='ltr'>εε</span> <span class='ocrx_word' id='word_1_669' title='bbox 566 4134 704 4191; x_wconf 89' lang='lat' dir='ltr'>discordia</span> <span class='ocrx_word' id='word_1_670' title='bbox 724 4134 864 4207; x_wconf 88' lang='lat' dir='ltr'>discepta·</span> <span class='ocrx_word' id='word_1_671' title='bbox 914 4139 1034 4211; x_wconf 87' lang='lat' dir='ltr'>suspicio</span> <span class='ocrx_word' id='word_1_672' title='bbox 1045 4140 1162 4196; x_wconf 90' lang='lat' dir='ltr'>tenenda</span> <span class='ocrx_word' id='word_1_673' title='bbox 1171 4149 1221 4196; x_wconf 90' lang='grc' dir='ltr'><strong>εει.</strong></span> <span class='ocrx_word' id='word_1_674' title='bbox 1231 4140 1311 4210; x_wconf 84' lang='lat' dir='ltr'>Quia,</span> <span class='ocrx_word' id='word_1_675' title='bbox 1320 4141 1343 4195; x_wconf 93' lang='lat' dir='ltr'>si</span> <span class='ocrx_word' id='word_1_676' title='bbox 1356 4141 1437 4196; x_wconf 89' lang='lat' dir='ltr'>etiam</span> <span class='ocrx_word' id='word_1_677' title='bbox 1447 4143 1556 4209; x_wconf 91' lang='lat' dir='ltr'>cecidit,</span> <span class='ocrx_word' id='word_1_678' title='bbox 1570 4143 1655 4199; x_wconf 89' lang='lat' dir='ltr'>stabit</span> <span class='ocrx_word' id='word_1_679' title='bbox 1664 4160 1716 4200; x_wconf 89' lang='lat' dir='ltr'>uu-</span> 
     </span>
     <span class='ocr_line' id='line_1_47' title="bbox 64 4223 1716 4302; baseline 0.006 -23"><span class='ocrx_word' id='word_1_680' title='bbox 64 4226 143 4290; x_wconf 90' lang='lat' dir='ltr'>bant,</span> <span class='ocrx_word' id='word_1_681' title='bbox 159 4223 283 4278; x_wconf 88' lang='lat' dir='ltr'>dicentes</span> <span class='ocrx_word' id='word_1_682' title='bbox 299 4241 306 4277; x_wconf 91' lang='lat'>:</span> <span class='ocrx_word' id='word_1_683' title='bbox 322 4224 356 4277; x_wconf 89' lang='lat' dir='ltr'>Hi</span> <span class='ocrx_word' id='word_1_684' title='bbox 370 4224 416 4296; x_wconf 92' lang='lat' dir='ltr'>qui</span> <span class='ocrx_word' id='word_1_685' title='bbox 432 4224 467 4280; x_wconf 91' lang='lat' dir='ltr'>de</span> <span class='ocrx_word' id='word_1_686' title='bbox 481 4223 620 4279; x_wconf 76' lang='lat' dir='ltr'>ludaismo</span> <span class='ocrx_word' id='word_1_687' title='bbox 635 4224 763 4280; x_wconf 85' lang='lat' dir='ltr'>conversi</span> <span class='ocrx_word' id='word_1_688' title='bbox 777 4231 862 4291; x_wconf 89' lang='lat' dir='ltr'>erant,</span> <span class='ocrx_word' id='word_1_689' title='bbox 915 4235 969 4282; x_wconf 91' lang='lat' dir='ltr'>tem</span> <span class='ocrx_word' id='word_1_690' title='bbox 979 4227 1104 4283; x_wconf 82' lang='lat' dir='ltr'>fortassis</span> <span class='ocrx_word' id='word_1_691' title='bbox 1114 4245 1184 4297; x_wconf 87' lang='lat' dir='ltr'>cras,</span> <span class='ocrx_word' id='word_1_692' title='bbox 1195 4229 1270 4285; x_wconf 89' lang='lat' dir='ltr'>idest</span> <span class='ocrx_word' id='word_1_693' title='bbox 1278 4229 1356 4285; x_wconf 87' lang='lat' dir='ltr'>tortis</span> <span class='ocrx_word' id='word_1_694' title='bbox 1367 4231 1545 4302; x_wconf 85' lang='lat' dir='ltr'>apparabitiu</span> <span class='ocrx_word' id='word_1_695' title='bbox 1554 4231 1716 4290; x_wconf 77' lang='lat' dir='ltr'>honovere</span> 
     </span>
     <span class='ocr_line' id='line_1_48' title="bbox 64 4312 1716 4389; baseline 0.006 -21"><span class='ocrx_word' id='word_1_696' title='bbox 64 4312 204 4386; x_wconf 89' lang='lat' dir='ltr'>quosdam</span> <span class='ocrx_word' id='word_1_697' title='bbox 219 4312 295 4368; x_wconf 91' lang='lat' dir='ltr'>cibos</span> <span class='ocrx_word' id='word_1_698' title='bbox 309 4328 371 4368; x_wconf 87' lang='lat' dir='ltr'>essa</span> <span class='ocrx_word' id='word_1_699' title='bbox 384 4312 549 4380; x_wconf 90' lang='lat' dir='ltr'>immundos,</span> <span class='ocrx_word' id='word_1_700' title='bbox 573 4328 624 4368; x_wconf 90' lang='lat' dir='ltr'>nec</span> <span class='ocrx_word' id='word_1_701' title='bbox 639 4312 679 4367; x_wconf 91' lang='lat' dir='ltr'>eis</span> <span class='ocrx_word' id='word_1_702' title='bbox 698 4313 737 4367; x_wconf 90' lang='lat' dir='ltr'>uti</span> <span class='ocrx_word' id='word_1_703' title='bbox 751 4313 863 4368; x_wconf 90' lang='lat' dir='ltr'>debere.</span> <span class='ocrx_word' id='word_1_704' title='bbox 879 4316 987 4387; x_wconf 87' lang='lat' dir='ltr'>unod</span> <span class='ocrx_word' id='word_1_705' title='bbox 1002 4316 1084 4371; x_wconf 88' lang='lat' dir='ltr'>stabit</span> <span class='ocrx_word' id='word_1_706' title='bbox 1101 4317 1296 4387; x_wconf 90' lang='lat' dir='ltr'>suspicandum</span> <span class='ocrx_word' id='word_1_707' title='bbox 1314 4327 1355 4373; x_wconf 91' lang='grc' dir='ltr'>εει</span> <span class='ocrx_word' id='word_1_708' title='bbox 1369 4319 1405 4375; x_wconf 90' lang='lat' dir='ltr'>de</span> <span class='ocrx_word' id='word_1_709' title='bbox 1423 4334 1456 4375; x_wconf 93' lang='grc' dir='ltr'>εο</span> <span class='ocrx_word' id='word_1_710' title='bbox 1471 4336 1558 4375; x_wconf 88' lang='lat' dir='ltr'>:nam</span> <span class='ocrx_word' id='word_1_711' title='bbox 1576 4322 1659 4389; x_wconf 88' lang='lat' dir='ltr'>Deus,</span> <span class='ocrx_word' id='word_1_712' title='bbox 1672 4321 1716 4378; x_wconf 91' lang='lat' dir='ltr'>cui</span> 
     </span>
     <span class='ocr_line' id='line_1_49' title="bbox 64 4398 1714 4480; baseline 0.006 -24"><span class='ocrx_word' id='word_1_713' title='bbox 64 4398 303 4456; x_wconf 82' lang='lat' dir='ltr'>calumniabantur</span> <span class='ocrx_word' id='word_1_714' title='bbox 314 4399 397 4455; x_wconf 88' lang='lat' dir='ltr'>etiam</span> <span class='ocrx_word' id='word_1_715' title='bbox 410 4399 497 4455; x_wconf 87' lang='lat' dir='ltr'>tuaaei</span> <span class='ocrx_word' id='word_1_716' title='bbox 510 4399 672 4473; x_wconf 86' lang='lat' dir='ltr'>gentilibus,</span> <span class='ocrx_word' id='word_1_717' title='bbox 690 4400 751 4472; x_wconf 90' lang='lat' dir='ltr'>quia</span> <span class='ocrx_word' id='word_1_718' title='bbox 768 4416 863 4456; x_wconf 88' lang='lat' dir='ltr'>corne-</span> <span class='ocrx_word' id='word_1_719' title='bbox 916 4421 1012 4460; x_wconf 86' lang='lat' dir='ltr'>servus</span> <span class='ocrx_word' id='word_1_720' title='bbox 1024 4412 1074 4475; x_wconf 92' lang='lat' dir='ltr'>est,</span> <span class='ocrx_word' id='word_1_721' title='bbox 1085 4409 1240 4478; x_wconf 80' lang='lat' dir='ltr'>potensest</span> <span class='ocrx_word' id='word_1_722' title='bbox 1253 4407 1350 4462; x_wconf 87' lang='lat' dir='ltr'>iterum</span> <span class='ocrx_word' id='word_1_723' title='bbox 1359 4411 1487 4465; x_wconf 83' lang='lat' dir='ltr'>statuere</span> <span class='ocrx_word' id='word_1_724' title='bbox 1497 4425 1571 4465; x_wconf 86' lang='lat' dir='ltr'>eum.</span> <span class='ocrx_word' id='word_1_725' title='bbox 1584 4409 1652 4480; x_wconf 85' lang='lat' dir='ltr'>Quia</span> <span class='ocrx_word' id='word_1_726' title='bbox 1660 4411 1714 4467; x_wconf 86' lang='lat' dir='ltr'>Do·</span> 
     </span>
     <span class='ocr_line' id='line_1_50' title="bbox 64 4488 1712 4568; baseline 0.008 -25"><span class='ocrx_word' id='word_1_727' title='bbox 64 4489 165 4543; x_wconf 86' lang='lat' dir='ltr'>derant</span> <span class='ocrx_word' id='word_1_728' title='bbox 177 4488 338 4560; x_wconf 81' lang='lat' dir='ltr'>idolothyta,</span> <span class='ocrx_word' id='word_1_729' title='bbox 354 4488 476 4544; x_wconf 88' lang='lat' dir='ltr'>dicentes</span> <span class='ocrx_word' id='word_1_730' title='bbox 491 4503 539 4543; x_wconf 90' lang='grc' dir='ltr'>εοε</span> <span class='ocrx_word' id='word_1_731' title='bbox 555 4488 644 4544; x_wconf 89' lang='lat' dir='ltr'>adbuc</span> <span class='ocrx_word' id='word_1_732' title='bbox 658 4489 791 4545; x_wconf 86' lang='lat' dir='ltr'>inhaerere</span> <span class='ocrx_word' id='word_1_733' title='bbox 806 4488 864 4543; x_wconf 92' lang='lat' dir='ltr'>riti·</span> <span class='ocrx_word' id='word_1_734' title='bbox 914 4493 980 4547; x_wconf 89' lang='lat' dir='ltr'>mini</span> <span class='ocrx_word' id='word_1_735' title='bbox 991 4492 1079 4549; x_wconf 90' lang='lat' dir='ltr'>solum</span> <span class='ocrx_word' id='word_1_736' title='bbox 1093 4494 1258 4563; x_wconf 86' lang='lat' dir='ltr'>estjudicare</span> <span class='ocrx_word' id='word_1_737' title='bbox 1267 4504 1422 4566; x_wconf 85' lang='lat' dir='ltr'>servum,tu</span> <span class='ocrx_word' id='word_1_738' title='bbox 1432 4513 1486 4552; x_wconf 92' lang='lat' dir='ltr'>non</span> <span class='ocrx_word' id='word_1_739' title='bbox 1494 4498 1580 4555; x_wconf 91' lang='lat' dir='ltr'>debes</span> <span class='ocrx_word' id='word_1_740' title='bbox 1586 4499 1712 4568; x_wconf 87' lang='lat' dir='ltr'>judicare</span> 
     </span>
     <span class='ocr_line' id='line_1_51' title="bbox 65 4575 1712 4659; baseline 0.009 -30"><span class='ocrx_word' id='word_1_741' title='bbox 65 4575 117 4630; x_wconf 89' lang='lat' dir='ltr'>bus</span> <span class='ocrx_word' id='word_1_742' title='bbox 131 4575 304 4648; x_wconf 87' lang='lat' dir='ltr'>gentilitatis;</span> <span class='ocrx_word' id='word_1_743' title='bbox 319 4576 482 4632; x_wconf 86' lang='lat' dir='ltr'>econtrario</span> <span class='ocrx_word' id='word_1_744' title='bbox 506 4576 621 4648; x_wconf 83' lang='lat' dir='ltr'>gentiles</span> <span class='ocrx_word' id='word_1_745' title='bbox 636 4576 754 4633; x_wconf 88' lang='lat' dir='ltr'>scientes</span> <span class='ocrx_word' id='word_1_746' title='bbox 767 4593 863 4633; x_wconf 91' lang='lat' dir='ltr'>omnes</span> <span class='ocrx_word' id='word_1_747' title='bbox 914 4597 987 4647; x_wconf 88' lang='lat' dir='ltr'>eum,</span> <span class='ocrx_word' id='word_1_748' title='bbox 1000 4590 1134 4653; x_wconf 76' lang='lat' dir='ltr'>praeterea</span> <span class='ocrx_word' id='word_1_749' title='bbox 1147 4583 1210 4639; x_wconf 93' lang='lat' dir='ltr'>ideo</span> <span class='ocrx_word' id='word_1_750' title='bbox 1219 4584 1376 4640; x_wconf 88' lang='lat' dir='ltr'>nedamnes</span> <span class='ocrx_word' id='word_1_751' title='bbox 1387 4601 1458 4641; x_wconf 90' lang='lat' dir='ltr'>eum.</span> <span class='ocrx_word' id='word_1_752' title='bbox 1471 4587 1542 4641; x_wconf 89' lang='lat' dir='ltr'>Nam</span> <span class='ocrx_word' id='word_1_753' title='bbox 1552 4588 1624 4659; x_wconf 91' lang='lat' dir='ltr'>quod</span> <span class='ocrx_word' id='word_1_754' title='bbox 1639 4587 1712 4655; x_wconf 84' lang='lat' dir='ltr'>facit,</span> 
     </span>
     <span class='ocr_line' id='line_1_52' title="bbox 65 4664 1718 4745; baseline 0.007 -25"><span class='ocrx_word' id='word_1_755' title='bbox 65 4664 145 4720; x_wconf 85' lang='lat' dir='ltr'>cibos</span> <span class='ocrx_word' id='word_1_756' title='bbox 160 4665 285 4732; x_wconf 85' lang='lat' dir='ltr'>mundos,</span> <span class='ocrx_word' id='word_1_757' title='bbox 313 4664 459 4720; x_wconf 88' lang='lat' dir='ltr'>utebantur</span> <span class='ocrx_word' id='word_1_758' title='bbox 478 4664 541 4732; x_wconf 91' lang='lat' dir='ltr'>illis,</span> <span class='ocrx_word' id='word_1_759' title='bbox 566 4674 726 4721; x_wconf 89' lang='lat' dir='ltr'>accusantes</span> <span class='ocrx_word' id='word_1_760' title='bbox 754 4666 863 4721; x_wconf 84' lang='lat' dir='ltr'>tudaeos</span> <span class='ocrx_word' id='word_1_761' title='bbox 914 4670 1166 4740; x_wconf 77' lang='lat' dir='ltr'>anjudicioetsanu</span> <span class='ocrx_word' id='word_1_762' title='bbox 1178 4671 1327 4729; x_wconf 90' lang='lat' dir='ltr'>intentione</span> <span class='ocrx_word' id='word_1_763' title='bbox 1339 4674 1502 4731; x_wconf 87' lang='lat' dir='ltr'>animilaait.</span> <span class='ocrx_word' id='word_1_764' title='bbox 1515 4674 1595 4745; x_wconf 86' lang='lat' dir='ltr'>Quod</span> <span class='ocrx_word' id='word_1_765' title='bbox 1609 4676 1694 4732; x_wconf 87' lang='lat' dir='ltr'>sicait</span> <span class='ocrx_word' id='word_1_766' title='bbox 1711 4691 1718 4732; x_wconf 92' lang='lat'>:</span> 
     </span>
     <span class='ocr_line' id='line_1_53' title="bbox 67 4752 1712 4836; baseline 0.01 -30"><span class='ocrx_word' id='word_1_767' title='bbox 67 4753 142 4824; x_wconf 94' lang='lat' dir='ltr'>quod</span> <span class='ocrx_word' id='word_1_768' title='bbox 157 4768 212 4808; x_wconf 94' lang='lat' dir='ltr'>non</span> <span class='ocrx_word' id='word_1_769' title='bbox 227 4753 359 4808; x_wconf 90' lang='lat' dir='ltr'>habereut</span> <span class='ocrx_word' id='word_1_770' title='bbox 384 4753 517 4825; x_wconf 82' lang='lat' dir='ltr'>integram</span> <span class='ocrx_word' id='word_1_771' title='bbox 544 4752 645 4820; x_wconf 85' lang='lat' dir='ltr'>fidem3</span> <span class='ocrx_word' id='word_1_772' title='bbox 672 4754 734 4825; x_wconf 90' lang='lat' dir='ltr'>quia</span> <span class='ocrx_word' id='word_1_773' title='bbox 750 4754 778 4807; x_wconf 93' lang='lat' dir='ltr'>in</span> <span class='ocrx_word' id='word_1_774' title='bbox 792 4754 863 4809; x_wconf 90' lang='lat' dir='ltr'>hunc</span> <span class='ocrx_word' id='word_1_775' title='bbox 915 4760 995 4815; x_wconf 82' lang='lat' dir='ltr'>Alius</span> <span class='ocrx_word' id='word_1_776' title='bbox 1010 4775 1058 4814; x_wconf 89' lang='lat' dir='ltr'>seu</span> <span class='ocrx_word' id='word_1_777' title='bbox 1077 4759 1186 4816; x_wconf 84' lang='lat' dir='ltr'>tudaeus</span> <span class='ocrx_word' id='word_1_778' title='bbox 1204 4778 1252 4817; x_wconf 93' lang='lat' dir='ltr'>seu</span> <span class='ocrx_word' id='word_1_779' title='bbox 1269 4762 1378 4833; x_wconf 83' lang='lat' dir='ltr'>gentilis</span> <span class='ocrx_word' id='word_1_780' title='bbox 1389 4763 1504 4836; x_wconf 85' lang='lat' dir='ltr'>judicat</span> <span class='ocrx_word' id='word_1_781' title='bbox 1531 4765 1604 4820; x_wconf 87' lang='lat' dir='ltr'>diem</span> <span class='ocrx_word' id='word_1_782' title='bbox 1632 4765 1712 4822; x_wconf 82' lang='lat' dir='ltr'>inter</span> 
     </span>
     <span class='ocr_line' id='line_1_54' title="bbox 66 4840 1711 4925; baseline 0.009 -29"><span class='ocrx_word' id='word_1_783' title='bbox 66 4840 181 4896; x_wconf 89' lang='lat' dir='ltr'>modurn</span> <span class='ocrx_word' id='word_1_784' title='bbox 195 4840 388 4913; x_wconf 81' lang='lat' dir='ltr'>confligebant.</span> <span class='ocrx_word' id='word_1_785' title='bbox 403 4841 559 4925; x_wconf 79' lang='lat' dir='ltr'>Apostolus,</span> <span class='ocrx_word' id='word_1_786' title='bbox 570 4842 664 4898; x_wconf 85' lang='lat' dir='ltr'>volens</span> <span class='ocrx_word' id='word_1_787' title='bbox 675 4858 722 4898; x_wconf 95' lang='lat' dir='ltr'>eos</span> <span class='ocrx_word' id='word_1_788' title='bbox 733 4858 863 4898; x_wconf 84' lang='lat' dir='ltr'>revocare</span> <span class='ocrx_word' id='word_1_789' title='bbox 914 4847 997 4912; x_wconf 84' lang='lat' dir='ltr'>diem,</span> <span class='ocrx_word' id='word_1_790' title='bbox 1010 4847 1085 4902; x_wconf 89' lang='lat' dir='ltr'>idest</span> <span class='ocrx_word' id='word_1_791' title='bbox 1093 4865 1147 4904; x_wconf 92' lang='lat' dir='ltr'>uno</span> <span class='ocrx_word' id='word_1_792' title='bbox 1158 4848 1203 4904; x_wconf 91' lang='lat' dir='ltr'>die</span> <span class='ocrx_word' id='word_1_793' title='bbox 1216 4849 1415 4917; x_wconf 86' lang='lat' dir='ltr'>abstinendum,</span> <span class='ocrx_word' id='word_1_794' title='bbox 1427 4850 1479 4907; x_wconf 92' lang='lat' dir='ltr'>alia</span> <span class='ocrx_word' id='word_1_795' title='bbox 1494 4867 1559 4908; x_wconf 91' lang='lat' dir='ltr'>nou.</span> <span class='ocrx_word' id='word_1_796' title='bbox 1571 4853 1652 4910; x_wconf 82' lang='lat' dir='ltr'>Atius</span> <span class='ocrx_word' id='word_1_797' title='bbox 1661 4870 1711 4910; x_wconf 87' lang='lat' dir='ltr'>au·</span> 
     </span>
     <span class='ocr_line' id='line_1_55' title="bbox 66 4929 1711 5006; baseline 0.009 -23"><span class='ocrx_word' id='word_1_798' title='bbox 66 4929 103 4983; x_wconf 83' lang='lat' dir='ltr'>ad</span> <span class='ocrx_word' id='word_1_799' title='bbox 117 4943 226 4999; x_wconf 90' lang='lat' dir='ltr'>pacem,</span> <span class='ocrx_word' id='word_1_800' title='bbox 241 4929 349 4985; x_wconf 86' lang='lat' dir='ltr'>instruit</span> <span class='ocrx_word' id='word_1_801' title='bbox 363 4945 411 4985; x_wconf 89' lang='lat' dir='ltr'>eos</span> <span class='ocrx_word' id='word_1_802' title='bbox 425 4945 480 4986; x_wconf 92' lang='lat' dir='ltr'>non</span> <span class='ocrx_word' id='word_1_803' title='bbox 495 4929 585 4986; x_wconf 88' lang='lat' dir='ltr'>tacere</span> <span class='ocrx_word' id='word_1_804' title='bbox 600 4930 759 4987; x_wconf 88' lang='lat' dir='ltr'>scandalum</span> <span class='ocrx_word' id='word_1_805' title='bbox 769 4930 863 4984; x_wconf 86' lang='lat' dir='ltr'>tratri·</span> <span class='ocrx_word' id='word_1_806' title='bbox 916 4938 972 4990; x_wconf 89' lang='lat' dir='ltr'>tem</span> <span class='ocrx_word' id='word_1_807' title='bbox 985 4934 1100 5006; x_wconf 84' lang='lat' dir='ltr'>judicat</span> <span class='ocrx_word' id='word_1_808' title='bbox 1114 4953 1227 4993; x_wconf 88' lang='lat' dir='ltr'>amnem</span> <span class='ocrx_word' id='word_1_809' title='bbox 1240 4937 1314 4994; x_wconf 85' lang='lat' dir='ltr'>diem</span> <span class='ocrx_word' id='word_1_810' title='bbox 1328 4939 1356 4993; x_wconf 92' lang='lat' dir='ltr'>in</span> <span class='ocrx_word' id='word_1_811' title='bbox 1378 4939 1542 4995; x_wconf 87' lang='lat' dir='ltr'>abstinentia</span> <span class='ocrx_word' id='word_1_812' title='bbox 1556 4940 1711 4998; x_wconf 86' lang='lat' dir='ltr'>observan-</span> 
     </span>
     <span class='ocr_line' id='line_1_56' title="bbox 67 5016 1709 5099; baseline 0.009 -28"><span class='ocrx_word' id='word_1_813' title='bbox 67 5017 121 5071; x_wconf 87' lang='lat' dir='ltr'>bus</span> <span class='ocrx_word' id='word_1_814' title='bbox 136 5016 207 5072; x_wconf 88' lang='lat' dir='ltr'>inter</span> <span class='ocrx_word' id='word_1_815' title='bbox 221 5033 252 5073; x_wconf 91' lang='grc' dir='ltr'>εε</span> <span class='ocrx_word' id='word_1_816' title='bbox 266 5034 316 5075; x_wconf 88' lang='grc' dir='ltr'>εεε</span> <span class='ocrx_word' id='word_1_817' title='bbox 334 5017 368 5074; x_wconf 88' lang='lat' dir='ltr'>de</span> <span class='ocrx_word' id='word_1_818' title='bbox 387 5018 561 5074; x_wconf 88' lang='lat' dir='ltr'>conscientiis</span> <span class='ocrx_word' id='word_1_819' title='bbox 575 5017 643 5074; x_wconf 90' lang='lat' dir='ltr'>alter</span> <span class='ocrx_word' id='word_1_820' title='bbox 666 5019 779 5074; x_wconf 86' lang='lat' dir='ltr'>altemm</span> <span class='ocrx_word' id='word_1_821' title='bbox 791 5019 863 5092; x_wconf 82' lang='lat' dir='ltr'>judi·</span> <span class='ocrx_word' id='word_1_822' title='bbox 914 5023 988 5090; x_wconf 75' lang='lat' dir='ltr'>dum,</span> <span class='ocrx_word' id='word_1_823' title='bbox 1007 5032 1034 5077; x_wconf 93' lang='grc' dir='ltr'>ει</span> <span class='ocrx_word' id='word_1_824' title='bbox 1048 5024 1203 5097; x_wconf 90' lang='lat' dir='ltr'>quicunque</span> <span class='ocrx_word' id='word_1_825' title='bbox 1216 5026 1319 5095; x_wconf 81' lang='lat' dir='ltr'>iudicat</span> <span class='ocrx_word' id='word_1_826' title='bbox 1333 5026 1523 5085; x_wconf 90' lang='lat' dir='ltr'>abstinendum</span> <span class='ocrx_word' id='word_1_827' title='bbox 1534 5045 1600 5086; x_wconf 89' lang='lat' dir='ltr'>saue</span> <span class='ocrx_word' id='word_1_828' title='bbox 1618 5031 1709 5099; x_wconf 88' lang='lat' dir='ltr'>sentit,</span> 
     </span>
     <span class='ocr_line' id='line_1_57' title="bbox 65 5104 1713 5188; baseline 0.007 -26"><span class='ocrx_word' id='word_1_829' title='bbox 65 5120 140 5162; x_wconf 86' lang='lat' dir='ltr'>care.</span> <span class='ocrx_word' id='word_1_830' title='bbox 163 5104 325 5161; x_wconf 69' lang='lat' dir='ltr'>&amp;undalum</span> <span class='ocrx_word' id='word_1_831' title='bbox 340 5105 457 5163; x_wconf 84' lang='lat' dir='ltr'>faciebat</span> <span class='ocrx_word' id='word_1_832' title='bbox 470 5107 527 5174; x_wconf 90' lang='lat' dir='ltr'>ille,</span> <span class='ocrx_word' id='word_1_833' title='bbox 544 5107 590 5179; x_wconf 90' lang='lat' dir='ltr'>qui</span> <span class='ocrx_word' id='word_1_834' title='bbox 606 5115 719 5178; x_wconf 88' lang='lat' dir='ltr'>propter</span> <span class='ocrx_word' id='word_1_835' title='bbox 746 5107 861 5162; x_wconf 92' lang='lat' dir='ltr'>incitan·</span> <span class='ocrx_word' id='word_1_836' title='bbox 914 5110 1018 5166; x_wconf 90' lang='lat' dir='ltr'>atinde</span> <span class='ocrx_word' id='word_1_837' title='bbox 1033 5110 1184 5168; x_wconf 92' lang='lat' dir='ltr'>laudandus</span> <span class='ocrx_word' id='word_1_838' title='bbox 1209 5122 1250 5169; x_wconf 92' lang='lat' dir='ltr'>est</span> <span class='ocrx_word' id='word_1_839' title='bbox 1272 5131 1327 5170; x_wconf 92' lang='lat' dir='ltr'>nou</span> <span class='ocrx_word' id='word_1_840' title='bbox 1342 5115 1524 5173; x_wconf 89' lang='lat' dir='ltr'>damnandus.</span> <span class='ocrx_word' id='word_1_841' title='bbox 1550 5117 1601 5186; x_wconf 88' lang='lat' dir='ltr'>Qui</span> <span class='ocrx_word' id='word_1_842' title='bbox 1611 5119 1713 5188; x_wconf 87' lang='lat' dir='ltr'>judicat</span> 
     </span>
     <span class='ocr_line' id='line_1_58' title="bbox 65 5193 1710 5272; baseline 0.009 -24"><span class='ocrx_word' id='word_1_843' title='bbox 65 5194 133 5249; x_wconf 85' lang='lat' dir='ltr'>darn</span> <span class='ocrx_word' id='word_1_844' title='bbox 147 5193 217 5248; x_wconf 91' lang='lat' dir='ltr'>iram</span> <span class='ocrx_word' id='word_1_845' title='bbox 230 5194 347 5266; x_wconf 84' lang='lat' dir='ltr'>proximi</span> <span class='ocrx_word' id='word_1_846' title='bbox 356 5195 518 5251; x_wconf 91' lang='lat' dir='ltr'>comedebat</span> <span class='ocrx_word' id='word_1_847' title='bbox 528 5196 601 5267; x_wconf 91' lang='lat' dir='ltr'>quod</span> <span class='ocrx_word' id='word_1_848' title='bbox 611 5196 764 5266; x_wconf 81' lang='lat' dir='ltr'>proximum</span> <span class='ocrx_word' id='word_1_849' title='bbox 778 5194 863 5250; x_wconf 88' lang='lat' dir='ltr'>offen·</span> <span class='ocrx_word' id='word_1_850' title='bbox 913 5199 1113 5270; x_wconf 90' lang='lat' dir='ltr'>abstinendum,</span> <span class='ocrx_word' id='word_1_851' title='bbox 1130 5202 1188 5258; x_wconf 90' lang='lat' dir='ltr'>sive</span> <span class='ocrx_word' id='word_1_852' title='bbox 1203 5202 1256 5269; x_wconf 90' lang='lat' dir='ltr'>hic,</span> <span class='ocrx_word' id='word_1_853' title='bbox 1274 5204 1331 5259; x_wconf 84' lang='lat' dir='ltr'>sive</span> <span class='ocrx_word' id='word_1_854' title='bbox 1345 5204 1401 5272; x_wconf 91' lang='lat' dir='ltr'>ille,</span> <span class='ocrx_word' id='word_1_855' title='bbox 1418 5221 1484 5262; x_wconf 88' lang='lat' dir='ltr'>saue</span> <span class='ocrx_word' id='word_1_856' title='bbox 1495 5207 1576 5263; x_wconf 86' lang='lat' dir='ltr'>sentit</span> <span class='ocrx_word' id='word_1_857' title='bbox 1587 5223 1594 5262; x_wconf 74' lang='grc' dir='ltr'>ε</span> <span class='ocrx_word' id='word_1_858' title='bbox 1606 5215 1632 5263; x_wconf 88' lang='grc' dir='ltr'>ει</span> <span class='ocrx_word' id='word_1_859' title='bbox 1646 5207 1710 5263; x_wconf 90' lang='lat' dir='ltr'>volo</span> 
     </span>
     <span class='ocr_line' id='line_1_59' title="bbox 65 5282 1711 5363; baseline 0.01 -27"><span class='ocrx_word' id='word_1_860' title='bbox 65 5282 152 5338; x_wconf 86' lang='lat' dir='ltr'>debat</span> <span class='ocrx_word' id='word_1_861' title='bbox 168 5300 175 5337; x_wconf 76' lang='grc' dir='ltr'><strong>ι</strong></span> <span class='ocrx_word' id='word_1_862' title='bbox 191 5282 236 5338; x_wconf 80' lang='grc' dir='ltr'>εει</span> <span class='ocrx_word' id='word_1_863' title='bbox 252 5298 313 5338; x_wconf 92' lang='lat' dir='ltr'>eum</span> <span class='ocrx_word' id='word_1_864' title='bbox 327 5282 378 5338; x_wconf 86' lang='lat' dir='ltr'>sub</span> <span class='ocrx_word' id='word_1_865' title='bbox 393 5283 581 5339; x_wconf 87' lang='lat' dir='ltr'>incredulitate</span> <span class='ocrx_word' id='word_1_866' title='bbox 591 5284 736 5340; x_wconf 88' lang='lat' dir='ltr'>comedere</span> <span class='ocrx_word' id='word_1_867' title='bbox 746 5284 864 5340; x_wconf 86' lang='lat' dir='ltr'>iaciebat</span> <span class='ocrx_word' id='word_1_868' title='bbox 914 5295 943 5342; x_wconf 91' lang='lat' dir='ltr'>ut</span> <span class='ocrx_word' id='word_1_869' title='bbox 962 5291 1154 5362; x_wconf 82' lang='lat' dir='ltr'>uuusquisque</span> <span class='ocrx_word' id='word_1_870' title='bbox 1174 5291 1297 5349; x_wconf 85' lang='lat' dir='ltr'>abundet</span> <span class='ocrx_word' id='word_1_871' title='bbox 1312 5295 1344 5349; x_wconf 86' lang='lat' dir='ltr'>in</span> <span class='ocrx_word' id='word_1_872' title='bbox 1358 5310 1408 5350; x_wconf 89' lang='lat' dir='ltr'>saa</span> <span class='ocrx_word' id='word_1_873' title='bbox 1427 5311 1522 5363; x_wconf 81' lang='lat' dir='ltr'>sensu,</span> <span class='ocrx_word' id='word_1_874' title='bbox 1534 5296 1613 5352; x_wconf 90' lang='lat' dir='ltr'>idest</span> <span class='ocrx_word' id='word_1_875' title='bbox 1630 5295 1659 5350; x_wconf 92' lang='lat' dir='ltr'>iu</span> <span class='ocrx_word' id='word_1_876' title='bbox 1677 5311 1711 5352; x_wconf 90' lang='lat' dir='ltr'>ao</span> 
     </span>
     <span class='ocr_line' id='line_1_60' title="bbox 67 5371 1708 5455; baseline 0.012 -30"><span class='ocrx_word' id='word_1_877' title='bbox 67 5371 144 5443; x_wconf 92' lang='lat' dir='ltr'>quod</span> <span class='ocrx_word' id='word_1_878' title='bbox 158 5371 329 5426; x_wconf 89' lang='lat' dir='ltr'>immundum</span> <span class='ocrx_word' id='word_1_879' title='bbox 344 5372 464 5442; x_wconf 88' lang='lat' dir='ltr'>putabat.</span> <span class='ocrx_word' id='word_1_880' title='bbox 488 5372 615 5428; x_wconf 78' lang='lat' dir='ltr'>iudicare</span> <span class='ocrx_word' id='word_1_881' title='bbox 630 5373 664 5428; x_wconf 89' lang='lat' dir='ltr'>de</span> <span class='ocrx_word' id='word_1_882' title='bbox 688 5373 862 5429; x_wconf 91' lang='lat' dir='ltr'>conscientiis</span> <span class='ocrx_word' id='word_1_883' title='bbox 914 5377 987 5449; x_wconf 92' lang='lat' dir='ltr'>quod</span> <span class='ocrx_word' id='word_1_884' title='bbox 1004 5378 1141 5449; x_wconf 88' lang='lat' dir='ltr'>sapienter</span> <span class='ocrx_word' id='word_1_885' title='bbox 1155 5380 1236 5436; x_wconf 86' lang='lat' dir='ltr'>sentit</span> <span class='ocrx_word' id='word_1_886' title='bbox 1251 5388 1277 5437; x_wconf 90' lang='grc' dir='ltr'>ει</span> <span class='ocrx_word' id='word_1_887' title='bbox 1292 5392 1428 5455; x_wconf 89' lang='lat' dir='ltr'>operatur,</span> <span class='ocrx_word' id='word_1_888' title='bbox 1444 5394 1474 5440; x_wconf 91' lang='lat' dir='ltr'>ut</span> <span class='ocrx_word' id='word_1_889' title='bbox 1496 5385 1519 5441; x_wconf 90' lang='lat' dir='ltr'>si</span> <span class='ocrx_word' id='word_1_890' title='bbox 1541 5385 1623 5440; x_wconf 91' lang='lat' dir='ltr'>modo</span> <span class='ocrx_word' id='word_1_891' title='bbox 1637 5385 1708 5444; x_wconf 86' lang='lat' dir='ltr'>bene</span> 
     </span>
     <span class='ocr_line' id='line_1_61' title="bbox 67 5460 1712 5541; baseline 0.012 -26"><span class='ocrx_word' id='word_1_892' title='bbox 67 5467 129 5515; x_wconf 84' lang='lat' dir='ltr'>erat</span> <span class='ocrx_word' id='word_1_893' title='bbox 143 5475 206 5516; x_wconf 91' lang='lat' dir='ltr'>eum</span> <span class='ocrx_word' id='word_1_894' title='bbox 220 5460 341 5529; x_wconf 82' lang='lat' dir='ltr'>tudens,</span> <span class='ocrx_word' id='word_1_895' title='bbox 357 5461 473 5518; x_wconf 87' lang='lat' dir='ltr'>credens</span> <span class='ocrx_word' id='word_1_896' title='bbox 485 5460 610 5533; x_wconf 80' lang='lat' dir='ltr'>quaedun</span> <span class='ocrx_word' id='word_1_897' title='bbox 621 5461 770 5531; x_wconf 90' lang='lat' dir='ltr'>immunda,</span> <span class='ocrx_word' id='word_1_898' title='bbox 781 5462 862 5518; x_wconf 90' lang='lat' dir='ltr'>dam·</span> <span class='ocrx_word' id='word_1_899' title='bbox 917 5465 1048 5534; x_wconf 86' lang='lat' dir='ltr'>abstinet,</span> <span class='ocrx_word' id='word_1_900' title='bbox 1077 5469 1252 5539; x_wconf 90' lang='lat' dir='ltr'>postmodum</span> <span class='ocrx_word' id='word_1_901' title='bbox 1272 5471 1371 5529; x_wconf 88' lang='lat' dir='ltr'>melius</span> <span class='ocrx_word' id='word_1_902' title='bbox 1390 5473 1533 5541; x_wconf 87' lang='lat' dir='ltr'>abstineat,</span> <span class='ocrx_word' id='word_1_903' title='bbox 1556 5481 1583 5530; x_wconf 90' lang='lat' dir='ltr'>et</span> <span class='ocrx_word' id='word_1_904' title='bbox 1610 5482 1712 5536; x_wconf 77' lang='lat' dir='ltr'>catera</span> 
     </span>
    </p>
   </div>
   <div class='ocr_carea' id='block_1_3' title="bbox 394 4016 552 4058">
    <p class='ocr_par' dir='ltr' id='par_1_4' title="bbox 394 4016 552 4058">
     <span class='ocr_line' id='line_1_62' title="bbox 394 4016 552 4058; baseline 0 -2"><span class='ocrx_word' id='word_1_905' title='bbox 394 4016 552 4058; x_wconf 70' lang='lat' dir='ltr'>exaestuo.</span> 
     </span>
    </p>
   </div>
   <div class='ocr_carea' id='block_1_4' title="bbox 0 0 1888 5986">
    <p class='ocr_par' dir='ltr' id='par_1_5' title="bbox 0 0 1888 5986">
     <span class='ocr_line' id='line_1_63' title="bbox 0 0 1888 5986; baseline 0 0"><span class='ocrx_word' id='word_1_906' title='bbox 0 0 1888 5986; x_wconf 95' lang='lat' dir='ltr'> </span> 
     </span>
    </p>
   </div>
  </div>
 </body>
</html>
