3742 5986
178 175 231 229 867
594 115 785 226 ‘obtectus
804 166 829 222 11
848 162 1053 223 CARTHUSIAE
1072 166 1220 227 ursolus
1239 166 1391 226 tutonis.
1784 168 1832 222 868

177 295 292 367 sagittae,
307 293 438 351 citissime
453 292 579 361 volantis,
596 290 699 362 puritas
709 289 811 346 resistit
826 298 853 345 et
868 289 1014 349 contra-A
1027 298 1127 350 ctuosae
1142 294 1268 362 existant,
1284 294 1390 351 alacres
1414 304 1460 350 eas
1484 298 1510 348 et
1533 289 1664 346 robustas
1683 288 1833 346 exhibeant

176 386 241 442 dicit
255 385 360 440 devotae
374 381 516 439 orationis.
533 380 624 436 Sinos
645 378 740 451 fatigat
763 378 877 447 alicuius
891 377 977 433 vehe·
1028 389 1084 437 tam
1099 382 1183 438 imum
1196 384 1363 453 humilitatis,
1379 381 1531 441 ininfirmo
1549 394 1597 436 eas
1610 393 1648 434 ue
1670 377 1832 449 superbiant

176 473 279 529 mentia
294 470 460 536 tentationis,
477 470 500 524 si
526 485 577 524 nos
603 467 701 539 premit
725 467 765 538 (ut
784 481 977 537 nonuunquam
1027 488 1175 542 premens3
1192 489 1273 545 quam
1288 474 1372 530 ardor
1387 470 1537 537 charitatis,
1552 477 1580 524 et
1594 466 1621 522 iu
1636 467 1731 522 Deum
1746 481 1793 521 aas
1806 473 1832 521 et

175 562 289 633 assolet)
304 561 391 616 moles
405 560 560 631 ponderosa
573 557 687 626 alicujus
703 555 817 611 furentis
830 553 979 610 adversita·
1027 560 1054 614 iu
1068 560 1222 632 proximum
1237 578 1272 618 me
1286 562 1418 635 frigescas
1441 559 1623 615 inflammans.
1648 555 1725 610 Nam
1742 556 1831 609 Aaron

176 652 221 718 tis,
244 658 338 707 contra
361 651 412 704 hos
441 656 467 703 ot
486 647 630 702 universos
652 645 720 699 alios
744 644 789 715 qui
816 643 886 699 intra
905 643 977 698 hunc
1027 664 1108 706 mons
1128 651 1311 722 fortitudinis
1333 650 1537 722 interpretatur.
1564 646 1599 701 Et
1623 643 1742 716 quidem
1763 658 1830 698 vem

175 740 308 795 mundum
330 745 391 793 sunt
414 736 552 807 Assyrios,
580 733 654 789 radit
673 732 771 788 Murrius
796 732 846 788 iste
868 731 975 805 Tigris;
1026 737 1184 794 humilitatis
1211 739 1297 795 vimus
1321 747 1348 795 et
1375 737 1499 794 sublimis
1521 741 1571 804 est,
1592 740 1619 789 et
1644 732 1747 798 lortis3
1772 731 1830 804 quia

176 829 240 901 quio
254 828 378 884 valenter
392 825 498 881 obsistit
508 824 547 878 eis
558 823 664 879 deuotae
674 821 817 877 sinceritas
827 819 974 886 oraticnis;
1024 826 1099 893 iilam
1119 843 1199 900 quam
1226 843 1258 883 mi
1282 835 1339 884 t010
1366 833 1482 898 occupat
1493 829 1624 888 mentem,
1650 828 1678 876 et
1692 818 1830 876 excelsam

175 932 238 974 curu
257 916 477 987 nosplerumque
492 912 616 983 fatigant,
633 926 772 981 nunquam
787 924 837 964 nos
856 924 975 980 exsupe-
1026 915 1095 971 redit
1109 924 1135 972 ot
1149 917 1299 972 robustam,
1323 916 1393 972 Nom
1411 915 1457 988 qui
1475 928 1540 970 uere
1562 909 1674 966 humilis
1698 916 1754 976 est,
1779 923 1830 980 quo

175 1013 247 1074 rent,
263 1020 314 1061 uec
338 1002 484 1075 aliquando
503 1016 554 1055 nos
577 998 742 1070 opprimant,
768 997 818 1053 etsi
837 996 975 1052 multoties
1025 1004 1113 1076 magis
1127 1004 1156 1060 m
1169 1005 1226 1060 mis
1240 1012 1282 1060 em
1295 1003 1382 1062 omlis
1401 1003 1430 1058 m
1444 1002 1509 1069 imo,
1525 1014 1559 1056 ρο
1581 997 1671 1070 magii,
1685 996 1718 1052 im
1732 995 1830 1052 didimi

174 1101 310 1167 premant.
330 1093 403 1148 Num
416 1090 499 1146 menti
514 1097 615 1145 nostrae
630 1087 738 1153 excidit,
756 1086 820 1158 quia
834 1085 907 1142 venit
922 1085 974 1140 du·
1025 1100 1067 1149 ost
1081 1093 1168 1149 oculis
1180 1094 1208 1149 in
1223 1094 1344 1161 immiso,
1359 1099 1386 1149 et
1400 1106 1454 1164 quo
1477 1089 1528 1146 sibi
1551 1094 1665 1160 apparet
1678 1084 1827 1152 infirmior,

174 1183 239 1237 dum
254 1181 366 1237 Amalec
382 1187 410 1235 ul
424 1185 561 1251 pugnaret
573 1184 668 1233 ⁰0111r²1
678 1176 786 1230 lsrael?
802 1172 881 1242 QUOd
896 1173 973 1228 nimi·
1025 1197 1058 1238 eo
1077 1197 1169 1238 coram
1184 1183 1243 1239 Deo
1258 1180 1348 1238 existit
1372 1179 1469 1236 fortior
1485 1193 1492 1233 ε
1507 1177 1571 1249 quia
1585 1174 1720 1230 nimirum
1745 1174 1828 1229 virtus

175 1287 237 1326 rum
250 1271 340 1326 adhuc
354 1268 434 1323 bodie
448 1267 487 1334 fii,
509 1282 570 1323 ⁰11¹ss
596 1264 772 1335 repristmum
788 1262 904 1333 lupulus
919 1269 974 1317 iel·
1024 1270 1052 1324 iu
1066 1287 1096 1326 se
1110 1271 1192 1326 babet
1216 1269 1373 1326 humilitatis
1388 1275 1414 1324 et
1438 1265 1624 1324 tortitudinem
1636 1261 1785 1329 humilem,
1804 1268 1830 1317 et

172 1376 240 1416 rena
255 1368 282 1414 et
296 1356 454 1413 transitoria
467 1369 518 1426 per
532 1352 658 1409 allectum
673 1359 700 1407 et
714 1350 881 1407 desiderium
895 1351 974 1422 quasi
1024 1359 1203 1415 humilitatem
1226 1359 1334 1427 fortem,
1358 1364 1387 1413 ut
1418 1363 1517 1412 neutro
1546 1353 1625 1410 alteri
1647 1351 1828 1424 praejudicem

171 1448 290 1519 lingens,
306 1445 398 1518 pravis
412 1443 470 1499 suis
489 1450 545 1497 tam
561 1440 692 1512 exemplis
707 1455 788 1511 quam
801 1438 921 1505 monitis,
938 1439 973 1494 ad
1024 1456 1158 1519 quatenus
1180 1447 1337 1503 humilitatis
1359 1453 1459 1502 sanctae
1479 1443 1563 1500 virtus
1587 1449 1615 1497 et
1628 1440 1658 1496 in
1679 1440 1742 1497 imo
1756 1440 1790 1495 sit
1803 1439 1831 1495 iu

172 1535 276 1607 peccati
290 1532 498 1590 delectationem
518 1546 551 1586 ac
576 1529 814 1601 perpetrationem,
837 1527 972 1582 mediante
1024 1537 1111 1593 oculis
1124 1536 1251 1609 piopriis,
1267 1543 1294 1592 et
1308 1534 1454 1591 inexoelso
1469 1532 1497 1588 in
1510 1530 1597 1590 oeulis
1612 1528 1730 1586 divinis.
1748 1530 1830 1586 Porro

173 1624 265 1681 illicito
280 1638 415 1680 consensu
430 1620 591 1693 pertrahere
615 1617 763 1674 contendit.
781 1616 834 1673 Sed
854 1624 883 1670 ut
898 1616 1008 1706 scia-B
1023 1623 1080 1679 iim
1103 1627 1198 1697 ipimm
1232 1631 1319 1692 mimi,
1344 1630 1372 1680 ot
1388 1621 1529 1680 eharitatis
1541 1619 1671 1676 ardorem
1687 1618 1828 1690 designat.

171 1729 232 1769 mus
247 1712 385 1784 (lU0m0d0
404 1709 484 1766 vadai
499 1707 597 1762 flUVius
607 1706 697 1778 Tibris
712 1713 808 1762 ⁰⁰⁰³&
824 1704 972 1776 ASSMi'OSi
1025 1713 1118 1785 ltaque
1131 1715 1174 1770 hae
1187 1713 1301 1769 uirtutes
1315 1710 1430 1778 eximiae,
1446 1709 1525 1765 fortis
1538 1707 1666 1766 videlicet
1680 1706 1827 1774 celsitudo,

170 1801 287 1874 percutit
302 1816 365 1856 eum
379 1800 461 1855 Josue
476 1813 563 1869 usquc
578 1796 612 1850 ad
628 1794 853 1860 internecionem,
869 1808 931 1849 cum
946 1792 972 1847 in
1023 1802 1152 1873 misique
1190 1801 1319 1857 imiimdo
1347 1798 1516 1866 humiliimis,
1545 1804 1573 1852 et
1595 1794 1832 1869 inexstinguibilis

170 1899 263 1947 monle
282 1905 381 1945 munus
396 1888 467 1944 litai
482 1887 590 1957 MOMSes
606 1883 704 1953 (Em
721 1883 800 1954 XVssl·
815 1882 884 1937 Nam
896 1882 974 1951 julil&
1023 1891 1107 1946 ardor
1126 1889 1276 1957 charitatis,
1296 1906 1332 1946 ne
1354 1888 1498 1954 lassentur,
1517 1892 1627 1941 tuarum
1650 1884 1829 1941 devouonun

169 1980 243 2035 hunc
267 1977 427 2044 secundum,
455 1991 538 2047 quem
570 1973 651 2028 1¹¹⁰d0
673 1971 825 2026 incedimus
850 1984 970 2038 sensum,
1023 1987 1175 2035 sustentent
1188 1993 1285 2034 manus
1301 1994 1307 2033 :
1326 1977 1373 2032 tibi
1389 1975 1514 2041 dicimus,
1535 1972 1742 2047 quihahitetor
1755 1971 1830 2030 edla

171 2083 255 2125 unum
269 2067 335 2140 quid
348 2065 435 2120 innuit
445 2083 452 2131 ;
464 2071 491 2118 et
506 2064 613 2133 Moyses
628 2068 657 2116 ut
668 2067 836 2132 expugnetur
849 2058 970 2125 Amalec,
1022 2085 1062 2139 es,
1079 2069 1125 2140 qui
1136 2084 1217 2124 verus
1231 2084 1264 2124 ao
1278 2066 1403 2123 sincerus
1415 2065 1489 2134 juxta
1503 2063 1575 2120 huno
1588 2078 1707 2118 sensum
1722 2063 1830 2137 Moyses

169 2157 198 2211 in
212 2163 304 2212 monte
320 2169 416 2209 manus
442 2152 557 2217 levans;
578 2158 605 2206 et
634 2149 731 2204 liutius
758 2147 849 2220 Tigris
875 2154 972 2203 contra
1022 2174 1061 2213 05,
1078 2159 1112 2212 Et
1130 2159 1189 2212 hmo
1218 2156 1311 2212 ommia
1338 2153 1439 2211 idcirco
1466 2152 1592 2220 diximus,
1623 2158 1654 2206 ut
1689 2150 1829 2224 quomodo

169 2244 298 2316 Assyrios
311 2243 428 2299 vadens.
444 2241 477 2296 Et
492 2239 553 2312 quis
568 2238 618 2293 isle
634 2236 766 2308 Moyses?
779 2236 850 2291 Num
865 2234 907 2289 his
926 2235 970 2290 iss-
1021 2244 1162 2301 moraliter
1177 2243 1367 2316 accipiendum
1382 2242 1417 2297 sit
1435 2241 1621 2308 ostendamus,
1637 2239 1719 2312 quod
1731 2239 1828 2296 fluvius

168 2332 318 2388 sistendum
333 2338 375 2387 est
398 2329 486 2399 vobis,
508 2335 537 2383 ut
558 2336 595 2392 tu,
617 2327 663 2398 qui
680 2324 814 2380 habitator
837 2323 913 2380 cellae
930 2331 971 2379 est
1020 2333 1116 2389 tertius
1131 2333 1177 2406 qui
1193 2333 1334 2405 egreditur
1357 2331 1467 2386 deloco
1488 2328 1635 2401 uoluptatis
1651 2330 1728 2400 iper
1748 2344 1826 2401 quem

167 2421 335 2478 aedificeris?
349 2423 391 2475 An
405 2435 420 2474 a
434 2417 513 2474 nobis
528 2423 570 2473 est
583 2415 785 2481 retrahendum,
802 2429 836 2468 ne
855 2412 882 2468 id
897 2412 971 2484 quod
1020 2422 1148 2479 devotum
1177 2437 1238 2477 esse
1269 2419 1457 2491 accipiendum
1481 2417 1633 2474 orationem
1661 2417 1826 2490 asserimus)

168 2510 284 2568 dicimus
305 2517 403 2581 putans
427 2523 488 2564 esse
513 2505 636 2570 nimium·
662 2504 785 2559 incutias
810 2500 970 2557 sasiidium?
1021 2511 1111 2567 adhuc
1126 2509 1207 2565 hodie
1221 2509 1271 2566 scd
1286 2506 1464 2580 spiritualiter
1476 2505 1558 2563 vadat
1572 2513 1670 2561 contra
1686 2505 1824 2577 Assyrios.

168 2600 222 2655 Sed
238 2599 298 2671 quis
326 2597 490 2669 sapientium
517 2595 582 2651 dicit
605 2608 667 2649 csse
687 2592 810 2661 nimium,
827 2599 968 2662 quantum·
1019 2600 1091 2654 Ecce
1107 2606 1205 2671 quanta
1220 2614 1252 2654 ac
1267 2596 1355 2669 qualia
1370 2601 1569 2653 contracuucta
1583 2594 1715 2664 adversa,
1733 2600 1824 2651 contra

168 2703 276 2759 cunque
296 2685 378 2742 tuerit
403 2685 431 2741 iu
451 2683 542 2740 verbis
566 2682 711 2754 prolixum,
735 2680 882 2735 dummodo
900 2695 968 2750 pos·
1019 2703 1134 2759 qumque
1150 2686 1257 2754 nocivo,
1272 2686 1357 2742 virius
1370 2683 1511 2749 orationis,
1528 2698 1591 2740 oum
1606 2682 1633 2738 ei
1655 2682 1822 2738 intendimus

168 2777 223 2831 siut
237 2774 345 2845 singula
359 2773 443 2830 verba
457 2771 625 2843 spiritualem
640 2771 668 2824 iu
682 2768 853 2824 audientibus
869 2775 968 2823 sanctae
1019 2775 1149 2831 eomodo
1172 2790 1225 2847 quo
1248 2773 1391 2830 intendere
1409 2773 1552 2842 debemus,
1574 2770 1675 2826 solatia
1698 2771 1779 2827 uobis
1798 2776 1823 2826 et

125 2876 128 2882 ’
168 2862 354 2920 adilicmiouis
381 2877 482 2934 augere
496 2858 673 2932 proiectum?
696 2857 763 2927 Quis
778 2872 846 2929 ergo
860 2854 912 2911 iste
926 2862 968 2911 est
1017 2863 1117 2918 auxilio
1131 2863 1264 2934 impendit
1280 2881 1287 2916 :
1308 2870 1336 2918 ut
1350 2869 1441 2934 patent
1456 2861 1543 2928 nobis,
1560 2861 1634 2932 quod
1648 2875 1821 2933 nequaquam

165 2954 285 3024 Moyses,
301 2951 354 3005 nisi
367 2959 396 3006 tu
412 2951 458 3023 qui
473 2965 555 3006 verus
570 2956 597 3004 et
609 2947 733 3004 sincerus
744 2945 820 3001 cellae
834 2944 967 2999 inhabita·
1019 2953 1106 3008 otioso
1121 2952 1259 3024 scriptura
1276 2950 1350 3017 dicit,
1374 2950 1438 3023 quia
1460 2949 1549 3021 Tigris
1573 2956 1672 3004 contra
1696 2947 1820 3021 Assyrios

165 3049 207 3096 tor
225 3041 277 3096 est
300 3040 371 3096 Nam
385 3055 486 3095 nomeu
501 3039 553 3094 hoc
576 3038 694 3108 Moyses,
720 3035 792 3108 quod
806 3050 883 3089 more
897 3033 966 3089 mul·
1016 3041 1100 3098 uadit.
1116 3043 1148 3096 Et
1164 3039 1225 3113 quis
1240 3040 1286 3096 ille
1303 3047 1344 3096 est
1357 3040 1455 3095 modus
1469 3053 1522 3110 quo
1537 3043 1565 3094 et
1576 3037 1727 3095 intendere
1737 3037 1818 3093 debe·

164 3137 253 3186 torum
277 3129 384 3185 celebre
414 3137 441 3184 et
463 3127 591 3198 frequens
617 3125 742 3193 habetur,
769 3140 802 3179 ex
827 3139 896 3194 aqua
921 3138 965 3178 us·
1015 3130 1101 3185 must
1124 3129 1274 3201 Numquis
1297 3127 1410 3196 nitide,
1441 3126 1548 3199 quaeris,
1571 3125 1619 3198 qui
1639 3126 1818 3182 habitatores

164 3223 288 3290 sumplus
303 3217 504 3288 interpretatur.
520 3216 554 3270 Et
568 3230 659 3270 nonne
683 3222 710 3269 tu
726 3230 758 3269 ex
773 3212 852 3284 aquis
868 3228 898 3266 es
917 3227 964 3266 as·
1015 3218 1102 3285 oeliae,
1132 3218 1223 3274 sciens
1250 3216 1375 3272 nimimm
1403 3215 1452 3270 tibi
1478 3230 1539 3271 esse
1567 3213 1743 3271 fructuosum
1769 3215 1817 3270 hoc

164 3314 299 3378 sumpius,
317 3305 363 3377 uui
378 3305 502 3361 visitante
513 3312 539 3359 le
549 3303 638 3377 gralia
647 3302 736 3369 Dei,a
752 3301 826 3356 fluxu
838 3317 870 3355 ⁰⁸
883 3316 964 3355 mun·
1016 3306 1096 3376 scire,
1113 3305 1278 3362 fructuosius
1293 3313 1384 3360 autem
1399 3311 1524 3376 opereat
1546 3303 1662 3359 veritate
1676 3320 1730 3375 per
1742 3318 1818 3375 expe

163 3395 242 3451 dauae
257 3394 471 3451 conversationis
486 3402 606 3464 ereptus,
632 3400 659 3447 et
674 3391 709 3447 ad
730 3406 841 3446 suarem
857 3404 889 3444 ae
904 3388 964 3443 dul·
1015 3395 1141 3451 medriam
1155 3411 1292 3450 exemere,
1320 3388 1379 3449 Hoc
1403 3400 1495 3448 autem
1508 3407 1564 3447 nou
1577 3408 1593 3446 a
1607 3391 1702 3463 nobis,
1723 3381 1774 3448 sed
1785 3391 1817 3447 ab

162 3483 311 3540 ccmcellar
324 3483 442 3556 quietem
470 3481 641 3538 translatus?
664 3481 719 3537 Sed
734 3480 843 3551 Moyses
866 3476 965 3534 dicitur
1015 3492 1128 3555 experto
1143 3499 1267 3556 quaerere
1297 3483 1423 3549 deberes,
1448 3481 1476 3536 id
1504 3481 1576 3537 euim
1600 3480 1668 3553 quid
1690 3481 1735 3552 sit,
1760 3479 1815 3536 solt

161 3589 259 3629 manus
273 3573 375 3641 leuare,
399 3572 463 3644 quia
486 3570 556 3626 tuin
577 3569 646 3626 calla
669 3568 728 3624 sine
751 3566 961 3633 intermissione,
1015 3572 1183 3644 experientia
1197 3571 1280 3643 capit.
1295 3573 1397 3627 Verum
1424 3569 1486 3642 quia
1512 3569 1576 3625 inde
1590 3584 1641 3625 nos
1656 3569 1760 3643 aliquid
1774 3569 1816 3625 di·

157 3662 233 3732 juxta
259 3661 470 3717 admonitionem
503 3659 692 3730 apostolicam,
715 3657 799 3713 debes
827 3671 905 3711 orare
929 3656 961 3725 (l,
1014 3676 1078 3717 cere
1100 3659 1250 3732 compellis,
1280 3659 1423 3732 loquemur
1450 3658 1524 3731 quod
1552 3657 1688 3714 Dominus
1715 3657 1816 3714 dederit

164 3753 257 3807 Thess.
273 3766 300 3817 v,
317 3752 372 3820 tu).
386 3751 420 3804 Et
433 3748 468 3804 ad
483 3749 570 3804 hoaut
580 3746 715 3820 effugetur
729 3745 849 3811 amalec,
866 3760 962 3800 manus
1013 3749 1102 3817 nobis,
1119 3749 1166 3820 qui
1180 3764 1230 3804 nos
1245 3764 1300 3804 non
1314 3748 1355 3803 vis
1370 3747 1548 3819 philosophos
1564 3747 1662 3818 putari,
1680 3747 1754 3820 quod
1766 3746 1816 3803 for·

161 3838 233 3894 levet
247 3839 373 3908 Moyses;
390 3845 523 3908 quatenus
538 3835 637 3891 lluvius
661 3833 750 3906 Tigris
771 3833 851 3888 vadat
866 3840 962 3888 contra
1013 3838 1095 3894 tussis
1120 3836 1197 3895 fieret
1219 3837 1243 3892 si
1266 3845 1428 3893 taceremus.
1458 3835 1573 3894 videtur
1592 3835 1674 3891 uobis
1700 3835 1816 3909 quodsi

160 3926 299 3997 Assyrios.
317 3925 371 3981 Sed
386 3931 492 3995 oportet
505 3931 535 3978 ut
548 3932 668 3979 montem
690 3921 863 3988 conscendat,
880 3936 963 3991 poue·
1013 3926 1152 3982 fructuose
1168 3941 1245 3982 orare
1267 3926 1417 3993 desideras,
1443 3924 1493 3980 tria
1519 3925 1645 3997 quaedam
1660 3924 1816 3997 diligentis·

159 4022 201 4070 tur
215 4013 284 4085 lapis
298 4029 381 4084 super
396 4028 478 4084 quem
492 4012 596 4077 sedeat,
614 4019 641 4066 et
659 4018 773 4082 uterque
789 4011 855 4080 (tam
869 4012 961 4064 Aaron
1012 4016 1080 4071 sime
1095 4014 1271 4072 considerare
1291 4015 1402 4070 debeas.
1428 4013 1548 4069 Primum
1575 4013 1700 4086 quidem,
1729 4013 1816 4087 qualis

159 4101 288 4159 videlicet
303 4118 384 4174 quam
397 4102 465 4173 Mur)
481 4116 577 4155 manus
592 4099 651 4169 ejus
675 4106 817 4155 sustentet.
834 4097 961 4167 Quandiu
1012 4104 1048 4159 ad
1062 4105 1215 4160 orationem
1224 4104 1351 4160 accedas,
1364 4102 1489 4159 Secundo
1504 4103 1611 4176 qualem
1625 4109 1655 4158 te
1669 4103 1730 4159 Deo
1744 4102 1773 4158 in
1786 4118 1816 4159 ou

158 4192 255 4249 levate
269 4190 378 4260 suerint,
396 4189 535 4262 superabit
551 4189 636 4243 lsrael
649 4196 676 4244 et
691 4186 862 4258 superabitur
877 4187 960 4241 Ama·
1012 4190 1124 4248 offeras.
1143 4192 1235 4248 Tertio
1250 4208 1360 4264 quoque
1374 4191 1481 4265 qualem
1497 4198 1525 4247 te
1545 4198 1607 4262 post
1621 4197 1734 4264 tempus
1752 4205 1815 4248 om·

160 4281 221 4349 lec;
236 4296 299 4336 cum
314 4288 405 4335 autem
421 4279 465 4336 vel
479 4279 513 4333 ad
535 4277 671 4334 modicum
687 4277 764 4349 quusi
779 4277 894 4331 lassatas
909 4275 960 4330 de·
1011 4281 1093 4336 tionis
1107 4281 1246 4337 exhibeas.
1268 4279 1356 4349 Quam
1380 4280 1498 4335 muudus
1526 4279 1654 4337 videlicet
1668 4287 1696 4336 et
1710 4279 1815 4352 quietus

157 4369 279 4441 posuerit
297 4383 405 4434 manus,
432 4367 570 4439 superabit
593 4365 716 4433 Amalec,
742 4372 768 4420 ei
786 4354 996 4435 superabiturD
1011 4370 1046 4425 ad
1062 4385 1123 4425 eam
1138 4369 1241 4436 venias,
1258 4385 1340 4441 quam
1367 4385 1452 4440 purus
1466 4376 1493 4425 ei
1516 4369 1623 4442 integer
1638 4368 1668 4423 in
1689 4384 1722 4425 ea
1751 4384 1815 4441 per.

158 4457 252 4513 lsrael.
269 4457 323 4512 Sed
337 4472 372 4511 ue
386 4458 456 4511 hanc
477 4455 543 4527 ipsis
565 4453 695 4510 Israelitis
720 4453 798 4510 valde
822 4452 962 4524 periculo·
1012 4457 1105 4525 sistas,
1122 4475 1204 4530 quam
1219 4458 1311 4530 gravis
1327 4472 1436 4531 quoque
1464 4457 1523 4529 ipsa
1549 4456 1648 4516 devote
1679 4456 1817 4514 celebrata

159 4562 216 4602 sam
231 4561 329 4601 manns
350 4545 408 4614 ejus
432 4544 619 4599 lassitudinem
643 4543 791 4611 incurrant,
808 4557 854 4596 eas
868 4544 961 4596 Aaron
1011 4554 1039 4602 et
1069 4546 1161 4617 tinisa,
1192 4561 1329 4618 quamque
1357 4554 1478 4602 moturus
1506 4544 1626 4619 quandin
1656 4554 1738 4619 potes
1757 4562 1816 4618 per-

157 4645 184 4693 et
207 4636 264 4691 Mur
287 4640 447 4690 sustentent.
479 4632 550 4702 Quid
580 4632 631 4687 sibi
651 4632 746 4688 volunt
777 4631 864 4686 hac?
886 4630 960 4685 Con·
1010 4650 1141 4702 maneas;
1157 4635 1249 4707 itaque
1263 4636 1297 4691 de
1322 4635 1444 4692 oratione
1472 4643 1498 4690 te
1512 4635 1540 4690 in
1563 4635 1635 4692 cella
1656 4642 1704 4691 tua
1729 4635 1814 4692 intro·

159 4725 273 4783 scendet
297 4731 418 4780 montem
438 4723 564 4794 Moyses,
588 4728 617 4776 ut
648 4728 750 4777 sanctae
772 4719 960 4775 conuersatio·
1010 4724 1132 4791 mittens,
1157 4739 1211 4796 quo
1253 4723 1395 4780 sollicitius
1425 4725 1484 4780 baec
1510 4723 1560 4779 tria
1576 4723 1758 4795 exercueris,
1785 4738 1815 4779 ao

158 4814 202 4869 uis
227 4812 418 4884 apprehendas
442 4811 643 4877 sublimitatem,
668 4817 696 4864 tu
717 4808 762 4880 qui
783 4807 860 4864 cellae
883 4807 960 4862 inha·
1010 4812 1138 4868 nimirum
1153 4812 1242 4868 oratio
1265 4821 1310 4867 tua
1325 4821 1352 4868 at
1365 4811 1502 4885 acceptior
1524 4814 1593 4880 Dec,
1609 4820 1637 4867 et
1651 4811 1816 4870 fructuosior

158 4902 259 4957 bitator
278 4918 318 4957 es.
336 4901 390 4958 Sed
406 4899 652 4970 etsnperlapidom
673 4898 780 4962 sedeas,
797 4895 867 4951 utin
882 4894 960 4949 firma
1010 4901 1061 4957 erit
1074 4901 1132 4957 tibi,
1162 4901 1190 4957 Si
1204 4901 1247 4956 his
1272 4901 1361 4957 modis
1386 4903 1489 4958 Pmmm
1508 4900 1537 4956 in
1556 4901 1629 4956 iliius
1644 4902 1760 4959 momine
1773 4899 1816 4974 qui

156 4990 349 5062 cogitationum
366 4989 527 5043 mundarum
543 4987 700 5055 stabilitate,
717 4994 744 5041 et
763 4984 853 5039 stabili
863 5000 959 5040 aarum
1010 4989 1290 5046 atvocabulodicitur
1318 4998 1345 5045 ot
1369 5007 1398 5046 re
1427 5007 1489 5046 esse
1512 4992 1590 5046 Jesus
1607 4990 1735 5061 petieris,
1751 4991 1813 5046 abs-

156 5076 282 5134 srrmitate
297 5079 464 5150 requiescas.
486 5077 528 5132 nd
543 5083 694 5132 extremum
716 5090 782 5130 vero
805 5090 840 5128 ne
863 5089 959 5127 manus
1009 5095 1062 5150 que
1077 5079 1160 5134 dubio
1176 5079 1249 5151 quod
1260 5079 1299 5134 sic
1313 5079 1383 5151 petis
1412 5078 1580 5150 impetrabis,
1605 5079 1657 5135 sed
1681 5079 1814 5137 universis

154 5172 209 5222 tuae
223 5166 369 5235 lassentur,
390 5175 416 5221 et
435 5166 542 5220 lassatae
563 5164 742 5234 deponantur,
768 5162 802 5216 ab
826 5164 918 5217 Aaron
933 5169 959 5217 ct
1009 5183 1179 5240 quaecuuque
1194 5167 1242 5223 illa
1263 5168 1316 5222 sint
1341 5184 1402 5239 quae
1418 5167 1466 5222 tibi
1488 5167 1629 5225 aduersari
1654 5168 1812 5233 moliuntur,

155 5254 214 5310 Hur
226 5262 419 5310 sustententur.
434 5256 505 5310 Nam
519 5269 554 5308 ne
577 5250 759 5324 cogitationes
775 5259 827 5306 iuae
847 5249 906 5320 (libi
921 5249 959 5304 di·
1009 5254 1154 5312 efficaciter
1184 5263 1210 5312 et
1235 5256 1323 5312 valide
1353 5257 1489 5326 resistere,
1520 5264 1549 5312 ui
1578 5271 1612 5312 eu
1639 5257 1774 5314 devincas
1789 5264 1813 5312 et

153 5342 250 5411 cimus,
276 5344 321 5416 qui
343 5343 480 5398 habitator
506 5342 584 5399 cellae
611 5342 653 5409 es)
671 5340 700 5394 iu
728 5339 850 5396 oratioue
878 5347 956 5410 tepc-
1008 5343 1141 5410 destruas,
1159 5351 1284 5416 potenter
1293 5344 1407 5412 valebis,
1423 5351 1557 5417 quatenus
1576 5343 1639 5416 ipsa
1653 5352 1681 5402 te
1695 5353 1742 5402 tua
1757 5361 1813 5403 cer·

153 5439 240 5499 scant,
256 5446 289 5489 ac
303 5431 417 5505 proinde
437 5447 488 5488 nec
516 5432 574 5488 Deo
598 5435 728 5501 accepta,
750 5443 803 5485 nec
833 5427 881 5484 tibi
896 5427 956 5483 lru·
1007 5438 1064 5486 tum
1078 5432 1244 5505 experientia
1258 5432 1365 5504 reddat,
1394 5433 1509 5507 qualiter
1523 5432 1623 5491 fluvius
1639 5433 1705 5491 'iste
1720 5435 1812 5492 tertius
