3750 5984
174 190 239 246 acar
277 166 289 183 ⁴
625 183 1371 244 sauoomsamso.inconsonantiam.
1769 185 1831 238 roas

170 311 294 368 Francia
315 309 388 368 sacri
411 310 524 366 balsami
554 309 633 381 copia
669 309 792 366 rediviva
827 309 967 365 exuberat.
980 309 1009 370 Α
1023 307 1087 366 villa
1101 324 1174 380 saepe
1184 308 1266 376 dicta,
1282 308 1328 364 ubi
1343 324 1401 365 rem
1410 308 1606 381 prodigiosam,
1629 321 1696 379 qnae
1711 313 1782 361 tunc
1795 303 1830 358 in·

210 400 382 455 Cumautem
404 399 574 470 pervenisset
589 399 622 452 ad
652 406 771 454 castrum
796 397 887 454 Sancti
914 400 970 452 Au·
1022 395 1118 464 notuit,
1130 397 1225 467 paucis
1239 396 1416 467 explicamus.

176 487 283 543 domari
298 488 383 559 (334),
400 487 505 559 quoda
525 494 604 558 portu
621 486 783 542 Wistandiae
809 485 883 557 (333)
912 484 973 541 mil·
1057 485 1147 540 Pistor
1156 484 1266 556 quidam
1280 484 1394 541 farinam
1408 484 1453 540 die
1463 484 1604 540 flaminica
1615 488 1827 554 consperserat,

178 575 250 631 libus
260 575 356 632 decem
371 575 534 646 abiungitur.
554 574 595 629 lhi
619 590 792 646 pammpera
815 573 972 645 fatigatione
1022 573 1096 628 unde
1109 573 1233 645 sequenti
1248 580 1328 630 nocte
1341 589 1427 644 panes
1440 589 1548 646 quoque
1569 571 1683 627 venales
1701 576 1827 626 coxerat

178 662 281 719 diutina
296 670 358 718 ante
373 662 456 718 maris
483 663 639 735 ingressum
672 661 747 716 duxit
773 661 971 732 respirandum.
1023 660 1098 729 Quos
1112 661 1178 716 dum
1192 677 1271 717 mane
1285 662 1423 732 sequentis
1441 660 1515 716 feriae
1529 661 1703 732 protraheret
1729 674 1767 712 ex
1780 656 1828 712 cli·

179 751 244 807 Erat
257 750 404 806 indehaud
423 749 518 820 procul
547 750 626 804 situm
650 749 847 805 monasterium
870 748 973 805 ordinis
1025 749 1108 817 bano,
1124 748 1202 819 panis
1216 749 1326 821 quidam
1340 748 1368 803 in
1382 748 1538 820 pavimento
1547 748 1655 804 fortiter
1663 745 1765 801 allisus
1778 743 1829 800 fra·

179 838 377 904 Cisterciensis,
395 837 474 893 Clara
488 838 588 893 lfareis
603 839 677 908 (336)
702 838 737 893 ab
750 837 847 895 incolis
867 853 973 894 nuncu·
1023 835 1210 904 cturamfecit,
1228 837 1300 893 unde
1314 853 1378 893 mox
1399 835 1541 909 sanguinis
1555 835 1643 902 rivus,
1659 833 1707 906 qui
1728 847 1827 905 panem

180 934 283 998 patum.
312 924 429 980 Instabat
457 925 541 981 etiam
564 933 627 997 post
651 925 771 981 triduum
792 924 911 998 gloriosa
925 941 973 981 so·
1022 924 1237 996 circumquaque
1245 923 1376 992 inliceret,
1388 923 1501 980 effluxit.
1520 922 1581 992 Quo
1591 923 1679 995 pistor
1694 920 1761 978 viso
1777 920 1827 975 tale

149 1013 305 1070 ·lemnitas
326 1013 482 1069 Nativitatis
503 1021 642 1084 perpetuae
666 1013 786 1086 Virginis
813 1022 840 1068 et
866 1013 974 1068 miseri-
1021 1021 1175 1083 portentum
1191 1013 1367 1068 vehementer
1381 1012 1496 1084 expavit.
1509 1012 1612 1067 Panem
1627 1009 1826 1082 deniquecru-

179 1101 280 1158 cordiae
294 1101 396 1156 matris.
411 1100 529 1156 Nolebat
543 1108 633 1157 autem
658 1100 802 1172 episcopus
822 1100 974 1173 elongaris
1024 1108 1114 1156 entum
1125 1100 1261 1156 frustatim
1276 1100 1444 1167 comminuit,
1467 1107 1494 1156 et
1508 1116 1559 1171 per
1579 1097 1705 1170 singulas
1721 1097 1825 1153 fractu·

178 1189 275 1246 vicinia
289 1189 352 1255 loci,
364 1205 418 1260 quo
427 1188 520 1244 divina
533 1188 668 1245 celebrari
683 1188 783 1245 licebat
798 1197 859 1243 ante
875 1188 974 1244 festum
1023 1204 1070 1243 ras
1084 1204 1209 1245 umorem
1224 1188 1355 1262 liquidum
1370 1188 1471 1244 stillare
1489 1187 1565 1244 vidit.
1586 1186 1680 1258 Fregit
1695 1193 1724 1242 et
1741 1200 1824 1256 panes

178 1279 248 1335 adeo
267 1276 437 1350 praclarum,
453 1292 488 1332 ne
502 1276 571 1334 forte
594 1291 661 1331 aura
678 1275 856 1333 dissentiente
873 1276 900 1331 in
916 1279 974 1331 fn·
1024 1275 1181 1348 aliosatque
1197 1277 1276 1343 alios,
1288 1284 1316 1332 et
1328 1278 1356 1332 in
1372 1276 1498 1332 omnihus
1516 1274 1676 1331 fracturosis
1698 1288 1825 1330 cruorem

178 1366 261 1439 gliam
276 1367 312 1422 ad
325 1367 377 1421 boc
392 1364 584 1421 celebrandum
598 1364 687 1419 minus
706 1365 867 1435 tempestive
882 1379 975 1421 occur·
1023 1363 1179 1435 implentem
1216 1363 1277 1421 illos
1309 1364 1428 1436 aspexit.
1461 1363 1628 1420 conterritus
1649 1361 1747 1434 itaque
1775 1368 1824 1414 tam

178 1462 261 1510 reret.
278 1454 342 1524 Ipsa
355 1453 437 1525 igitur
447 1452 502 1518 die,
517 1467 572 1524 qua
586 1452 621 1507 ad
641 1451 769 1508 Sanctum
791 1451 974 1508 audomarum
1023 1460 1198 1507 monstruoso
1210 1461 1307 1508 eventu
1320 1468 1407 1523 panes
1421 1467 1471 1523 per
1494 1466 1578 1507 unam
1592 1450 1653 1511 fere
1672 1449 1823 1505 bebdoma-

178 1542 261 1612 venit,
277 1541 328 1597 sibi
342 1539 534 1597 venam'iucidi
560 1539 633 1606 fecit,
655 1555 710 1610 quo
729 1539 840 1594 liberius
861 1548 888 1595 et
914 1540 974 1594 ala·
1023 1539 1097 1606 dam,
1114 1555 1148 1595 ne
1163 1540 1196 1594 ab
1211 1540 1272 1596 aliis
1287 1540 1454 1606 viderentur,
1470 1539 1625 1596 occultavit.
1644 1538 1702 1594 Sed
1719 1536 1823 1592 interim

176 1629 252 1686 crius
265 1635 327 1700 post
341 1627 455 1699 expletae
469 1627 858 1699 observantiaetempus(quod
873 1626 1010 1717 inlisu-B
1024 1628 1188 1684 mercenarii
1198 1645 1246 1684 seu
1261 1628 1342 1684 vicini
1352 1630 1410 1697 eius
1418 1628 1445 1683 id
1460 1626 1532 1699 quod
1541 1627 1684 1683 acciderat
1697 1626 1736 1680 ad
1749 1640 1825 1680 aures

175 1716 296 1774 botomia
311 1716 371 1788 quis
380 1714 520 1772 vindicare
534 1715 586 1770 sibi
602 1714 682 1784 solet)
710 1715 892 1771 desideratam
907 1731 975 1787 per·
1025 1716 1151 1787 publicas
1165 1716 1328 1772 detulemnt.
1341 1715 1411 1786 Quid
1421 1715 1522 1787 plura?
1532 1714 1706 1770 Resdemum
1716 1712 1824 1785 oppida-

178 1805 279 1864 coleret
301 1803 497 1861 celebritatem.
522 1803 583 1858 lam
608 1803 680 1859 enim
699 1803 796 1858 diebus
819 1803 921 1876 aliquot
948 1803 976 1858 in
1025 1804 1068 1859 nis
1081 1804 1186 1860 cunctis
1200 1805 1315 1861 innotuit
1333 1820 1421 1859 :unus
1436 1804 1517 1860 etiam
1531 1819 1565 1858 ex
1578 1802 1622 1857 his
1632 1802 1757 1872 panibus
1770 1800 1823 1872 epi·

178 1893 295 1966 singulis
304 1891 445 1958 membris,
455 1899 482 1947 et
496 1891 524 1946 in
533 1907 646 1963 corpore
660 1906 710 1947 suo
720 1899 786 1956 toto,
798 1892 976 1963 gravedinem
1025 1906 1109 1964 scopo
1124 1908 1140 1947 a
1155 1892 1327 1949 convicaneis
1343 1891 1494 1957 exhibetur,
1512 1889 1720 1964 frangebatura
1736 1888 1821 1951 nobis,

178 1983 323 2040 cumlento
337 1979 456 2052 quodam
470 1979 564 2036 dolore
585 1988 707 2036 senserat
722 1980 887 2036 accrevisse.
912 1981 976 2036 Post
1024 1988 1051 2037 et
1065 1996 1129 2036 mox
1143 1981 1310 2052 sequebatur
1333 1977 1416 2036 cruor
1439 1980 1595 2046 fracturam,
1612 1993 1646 2034 ac
1674 1976 1823 2033 sihominis

177 2069 356 2127 minutionem
371 2083 437 2124 vero
451 2067 520 2123 adeo
532 2067 560 2123 in
574 2066 724 2124 continenti
737 2068 795 2124 baec
813 2067 873 2138 ipsa
887 2067 975 2123 mole·
1026 2069 1085 2125 sive
1095 2069 1150 2126 vivi
1164 2067 1491 2140 cujuscumqueanimalis
1501 2065 1754 2124 caroincideretur.
1771 2065 1825 2119 flu-

80 2211 82 2217 ,
176 2159 227 2215 stia
240 2164 414 2229 augmentata
428 2163 470 2212 est
484 2163 513 2210 ut
527 2155 562 2211 de
586 2171 689 2222 mensa,
714 2171 767 2228 qua
789 2155 974 2222 discubuerat,
1022 2157 1068 2226 jus
1082 2172 1191 2229 quoque
1207 2156 1286 2227 panis
1313 2155 1429 2212 frustum
1447 2172 1502 2213 non
1524 2155 1663 2211 modicum
1684 2153 1825 2209 nobiscnm

177 2260 240 2303 cum
263 2245 308 2301 vix
328 2243 465 2300 modicum
489 2242 554 2315 quid
578 2250 725 2317 gustasset,
755 2242 861 2299 caeteris
889 2244 976 2300 adhuc
1025 2244 1089 2301 inde
1103 2247 1131 2300 in
1143 2245 1203 2300 sinu
1213 2244 1369 2300 detulimus.
1380 2245 1446 2300 Erat
1467 2252 1556 2300 autem
1570 2243 1649 2315 panis
1676 2242 1824 2297 fermenta-

177 2333 321 2391 edentibus
346 2331 497 2387 abscedere
519 2339 545 2386 et
573 2329 663 2386 lectuli
687 2331 802 2404 quietem
837 2330 913 2386 adire
942 2330 976 2385 sit
1025 2342 1078 2388 tus.
1095 2333 1170 2390 cocti
1180 2333 1283 2404 pariter
1306 2332 1415 2389 inerant
1428 2332 1459 2387 in
1473 2332 1580 2389 clibano
1608 2330 1727 2402 praefato
1741 2345 1824 2401 panes

177 2420 345 2493 compulsus.
366 2419 454 2488 Quem
480 2434 558 2488 mox,
587 2427 616 2474 ut
635 2419 770 2476 cervicem
784 2419 973 2487 reclinaverat,
1024 2422 1111 2493 azymi
1126 2429 1153 2477 et
1168 2420 1332 2488 fermentati,
1349 2421 1398 2475 sed
1414 2421 1502 2492 azymi
1520 2421 1548 2475 in
1562 2434 1611 2474 sua
1625 2416 1824 2491 qualitatepuri

177 2510 261 2566 sudor
301 2507 395 2564 affudit
435 2505 665 2576 affluentissimus,
698 2506 744 2578 qui
765 2507 809 2562 die
841 2507 901 2578 ipsa
920 2515 976 2562 tota
1025 2510 1248 2576 ostendebantur,
1259 2509 1297 2564 nil
1307 2509 1493 2582 prodigiosum
1509 2508 1657 2574 habentis;
1673 2503 1826 2563 fermentati

177 2613 240 2655 cum
262 2595 379 2652 maxima
403 2593 493 2666 parte'
516 2595 605 2651 nocds
631 2595 763 2651 insecutae
807 2594 892 2651 fluere
920 2611 974 2650 nou
1025 2613 1091 2654 vero
1103 2613 1198 2653 omnes
1209 2596 1360 2652 fundebant
1375 2596 1546 2667 sanguinem,
1564 2596 1587 2650 si
1598 2594 1765 2651 fractionem
1779 2607 1824 2648 ac-

175 2684 303 2742 cessavit.
318 2685 432 2739 Tantum
443 2698 551 2755 quoque
560 2682 614 2738 cibi
623 2682 760 2738 fastidium
775 2697 841 2738 moa
849 2682 973 2753 incurrit,
1025 2685 1145 2756 ciperent
1167 2685 1210 2742 vel
1232 2685 1391 2741 sectionem.
1409 2683 1478 2741 Hinc
1507 2683 1663 2740 sentiebant
1692 2681 1823 2746 nonnulli,

176 2781 206 2829 ut
214 2788 265 2844 per
278 2771 345 2826 illud
361 2770 479 2826 triduum
494 2769 632 2841 quidpiam
653 2769 813 2842 gustaverit.
1024 2773 1147 2844 punitam
1157 2773 1241 2828 fuisse
1269 2772 1316 2828 tali
1330 2787 1396 2830 casu
1423 2771 1543 2827 hominis
1571 2770 1663 2843 cupidi
1685 2770 1823 2826 temerita-

212 2861 291 2917 Circa
305 2858 476 2930 vespertinas
491 2865 582 2929 autem
596 2858 679 2914 horas
693 2858 721 2913 in
736 2857 831 2931 vigilia
841 2857 975 2916 festivita·
1024 2869 1090 2930 tem,
1107 2877 1162 2933 qua
1175 2861 1371 2917 dieflominioa
1385 2867 1578 2931 praeparasset,
1603 2860 1679 2932 quod
1701 2857 1823 2930 sequenti

177 2950 211 3006 tis
226 2955 383 3005 memorata
397 2946 534 3017 profectus
548 2953 589 3002 est
600 2947 635 3002 ad
645 2946 801 3002 coenobium
825 2947 974 3018 praenomi-
1024 2948 1092 3005 ferie
1103 2949 1235 3005 maturius
1258 2948 1431 3015 distraheret,
1457 2948 1522 3003 dum
1535 2947 1616 3019 panis
1637 2963 1752 3018 azymus
1766 2951 1825 3017 post

177 3045 278 3104 natum,
293 3036 385 3108 ibique
398 3050 452 3091 amo
477 3042 578 3090 matum
609 3037 753 3104 monacho,
782 3051 972 3108 conversoque

176 3143 231 3185 uno
245 3142 279 3183 ex
302 3124 359 3180 suis
382 3140 475 3180 secum
497 3123 610 3180 retentis
639 3124 816 3195 pernoctavit.
841 3124 971 3196 Reliquos

175 3230 242 3273 vero
256 3229 318 3270 eum
332 3211 410 3284 equis
419 3212 455 3268 ad
469 3211 626 3283 hospitium,
642 3212 714 3268 unde
723 3220 864 3278 venerant,
880 3213 972 3269 redire

173 3302 264 3372 jussit,
279 3301 353 3368 satis,
370 3301 460 3373 quoad
475 3300 558 3366 licuit,
573 3300 764 3357 resistentibus
778 3301 877 3357 abbate
896 3302 971 3372 (337)

177 3401 203 3449 et
217 3390 346 3448 fratribus
359 3390 423 3458 loci,
438 3389 596 3445 universum
609 3389 682 3445 illius
696 3390 854 3445 comitatum
879 3407 971 3446 secum

178 3477 479 3551 summoperedetinere
496 3478 670 3533 certantibus.
699 3478 851 3549 Episcopus
879 3487 972 3534 autem

177 3568 205 3625 in
215 3566 364 3622 infirmaria
374 3566 513 3638 quiescere
523 3565 673 3638 praelegit,
685 3566 762 3635 cujus
773 3567 800 3622 in
810 3567 971 3638 obsequium

144 3644 149 3653 '
177 3655 299 3728 deputati
308 3662 370 3710 sunt
383 3654 438 3710 duo
453 3653 557 3720 fratres,
574 3654 621 3725 qui
635 3654 718 3709 nimia
745 3654 889 3711 devotione
913 3656 971 3724 ejus

176 3743 316 3800 famulatui
328 3742 498 3799 insistebant.
514 3746 537 3798 Α
553 3742 659 3814 quibus,
675 3758 736 3798 cum
751 3743 818 3798 nibil
838 3759 908 3799 escae
922 3760 971 3799 su-

176 3848 253 3888 mere
266 3831 475 3904 cogipotuisset,
491 3830 577 3902 pedes
591 3831 643 3885 sibi
653 3831 813 3896 abluendos,
830 3840 856 3887 et
865 3831 971 3887 officio-

177 3920 285 3975 sissime
300 3918 442 3983 fovendos,
458 3926 486 3973 et
502 3919 683 3990 extergendos
702 3919 860 3990 compulsus
874 3928 914 3975 est
929 3936 972 3975 ex·

177 4006 282 4063 hibere.
295 4005 414 4075 Quorum
428 4005 474 4061 ille
488 4005 655 4078 benignitate
679 4006 746 4061 satis
759 4006 919 4073 delectatus,
932 4008 972 4063 eis

177 4093 329 4152 devotionis
343 4110 399 4151 suae
409 4093 469 4151 vice
482 4093 533 4149 Dei
556 4101 582 4150 et
596 4109 674 4149 suam
692 4094 910 4151 benedictionem
924 4113 971 4152 re·

177 4182 324 4254 pendebat.
339 4182 398 4240 Nec
407 4182 520 4237 multum
534 4189 606 4253 post,
617 4182 786 4238 altereorum
801 4183 829 4237 in
844 4183 972 4239 abbatem

177 4271 263 4343 (333),
280 4279 308 4327 et
321 4270 390 4327 alter
404 4269 432 4327 in
443 4270 565 4340 ejusdem
580 4270 634 4326 loci
645 4270 763 4342 priorem
773 4270 866 4326 favore
880 4271 972 4328 divino

1026 3038 1190 3095 sacraelucis
1215 3038 1407 3109 crepusculum
1436 3051 1599 3108 conspersus
1613 3043 1639 3091 et
1668 3043 1768 3091 coatus
1790 3030 1824 3086 nil

1025 3127 1133 3183 admisit
1146 3126 1322 3193 horrendum,
1338 3133 1365 3181 et
1375 3132 1438 3181 ante
1461 3139 1602 3196 vesperam
1618 3131 1715 3180 contra
1744 3120 1821 3175 insti·

1025 3223 1112 3271 tutum
1126 3215 1154 3270 in
1168 3229 1289 3270 massam
1303 3214 1433 3270 subactus
1448 3213 1671 3277 elfermentatus,
1684 3226 1742 3267 non
1751 3225 1824 3281 qua·

1026 3304 1079 3359 stui
1093 3301 1201 3374 profuit,
1213 3302 1262 3359 sed
1278 3308 1417 3358 auctorem
1427 3317 1506 3357 suurn
1515 3299 1580 3356 fecit
1587 3299 1720 3355 ostentui.
1732 3297 1823 3353 Plures

1026 3391 1160 3463 siquidem
1175 3407 1209 3447 ex
1223 3390 1265 3445 bis
1279 3389 1396 3460 panibus
1409 3406 1460 3460 per
1473 3388 1640 3444 monasteria
1649 3396 1677 3442 et
1686 3384 1824 3442 Ecclesias

1025 3479 1236 3550 circumquaque
1249 3477 1326 3533 missi
1339 3485 1402 3532 sunt
1415 3477 1450 3532 ad
1464 3483 1668 3533 monumentum
1693 3471 1822 3545 posteris,

1026 3576 1053 3623 et
1066 3566 1290 3639 praesumptuosis
1305 3565 1506 3621 solemnitatum
1524 3579 1668 3621 sacrarum
1682 3561 1825 3618 violatori·

1026 3655 1085 3723 bus,
1102 3663 1128 3711 et
1142 3655 1178 3711 ad
1187 3653 1366 3712 correctionis
1381 3653 1573 3710 documentum
1596 3651 1749 3724 diligenter
1758 3664 1823 3705 con·

1026 3743 1165 3800 servandi.

1061 3835 1174 3888 atvero
1187 3829 1283 3887 lfatris
1298 3828 1496 3886 misericordiae
1509 3845 1561 3900 ope
1574 3834 1636 3899 post
1645 3827 1822 3887 celebratam,

1025 3928 1054 3976 ut
1070 3919 1175 3991 praefati
1186 3935 1288 3984 summ,
1303 3917 1330 3972 in
1345 3918 1450 3973 honore
1464 3917 1550 3988 ipsius
1568 3916 1681 3970 missam
1706 3914 1824 3971 famulus

1027 4008 1149 4078 ejusdem
1163 4015 1191 4065 et
1204 4005 1323 4063 vicarius
1346 4005 1538 4062 devotissimus
1556 4006 1637 4076 lingo
1651 4002 1824 4076 agritudinis

1026 4113 1084 4152 suaa
1097 4096 1222 4153 levamen
1236 4110 1291 4153 nan
1302 4093 1438 4149 modicum
1455 4092 1584 4164 percepit.
1609 4094 1715 4148 Exacta
1743 4091 1824 4162 igitur

1026 4185 1071 4241 die
1084 4184 1261 4240 solemnitatis
1275 4197 1336 4238 cum
1351 4180 1442 4237 laetitia
1457 4189 1484 4237 et
1497 4180 1687 4245 exsultatione,
1704 4180 1734 4235 in
1762 4194 1822 4235 era-

1026 4272 1097 4328 stino
1110 4272 1342 4330 Widsendensem
1354 4278 1462 4340 portum
1483 4286 1544 4327 cum
1573 4269 1630 4323 suis
1656 4267 1755 4323 adivit.
1775 4267 1824 4321 Se·

178 4367 330 4431 promotus,
346 4374 396 4414 nos
413 4359 442 4413 in
465 4358 552 4414 exsilii
580 4358 666 4414 nostri
688 4359 834 4430 praesentis
857 4376 972 4415 excursu
986 4355 1132 4432 unentis
1146 4377 1211 4417 vero
1225 4361 1279 4416 diei
1293 4375 1394 4417 aurora
1411 4360 1500 4431 ipsum
1520 4358 1611 4414 navim
1635 4355 1822 4412 conscendere

177 4447 212 4502 ad
227 4462 274 4504 eos
289 4462 434 4519 parumper
443 4447 582 4518 digressos
592 4447 710 4502 humane
725 4447 791 4502 satis
801 4463 974 4520 recognove-
1025 4449 1091 4505 vidit
1106 4449 1246 4523 genitricis
1277 4449 1368 4505 ftlariae
1386 4455 1482 4514 mater,
1511 4445 1669 4524 beatissima
1700 4444 1825 4500 videlicet

178 4542 250 4590 mnt.
263 4535 422 4591 lncrustinn
437 4543 525 4590 autem
554 4535 730 4605 penultimam
744 4535 844 4590 ibidem
873 4535 974 4591 Christi
1022 4538 1110 4593 Anna.
1125 4536 1290 4608 Quaprimo
1306 4537 1446 4593 remissius
1460 4534 1621 4606 spiraverat,
1645 4531 1770 4588 carbasa
1786 4546 1824 4585 re

178 4622 299 4693 pontifex
312 4621 460 4679 celebravit
473 4616 584 4677 missam
597 4640 603 4677 :
616 4637 669 4694 qua
684 4622 975 4694 devotissimeexpleta
1022 4633 1104 4696 penta
1118 4625 1249 4697 implevit.
1266 4625 1359 4682 Solent
1368 4624 1477 4698 quidem
1488 4621 1608 4679 universi
1618 4628 1824 4677 transvectores

176 4710 389 4780 jejunusacibo
397 4710 531 4782 corporali
546 4710 693 4782 hospitium
713 4711 821 4784 repetiit
836 4727 914 4768 suum
929 4711 974 4767 in-
1023 4713 1144 4780 Mariam,
1162 4715 1231 4769 sicut
1252 4713 1334 4768 maris
1357 4712 1465 4770 stollam
1494 4711 1642 4776 attendere,
1660 4716 1690 4763 ut
1716 4722 1825 4765 cursum

214 4886 282 4952 (334)
319 4888 482 4941 audomarum
512 4888 581 4940 anias
609 4895 635 4941 et
664 4890 871 4954 audomaropolts,
904 4890 974 4956 vulgo
1059 4889 1131 4955 (333)
1145 4890 1446 4954 Οὶανωιιανίιοιιε,ὶαῑὶηο,
1460 4889 1553 4940 ordinis
1570 4887 1828 4953 catorciansisegre·

177 4955 341 5015 salat-omer,
351 4955 409 5007 urbs
418 4956 518 5007 artata
529 4961 575 5013 est,
586 4955 655 5017 cujus
664 4957 790 5020 episeopus
797 4957 974 5020 archiepiscopi
1024 4958 1091 5019 glum
1104 4958 1240 5008 conubium
1252 4958 1318 5009 circa
1330 4969 1419 5008 annum
1434 4955 1498 5007 illd
1511 4956 1646 5007 fundamm.

179 5022 365 5074 Cffflmoeffiss
375 5025 413 5073 ⁰⁸¹
424 5021 600 5084 mmmm·
1058 5042 1127 5104 (337)
1140 5042 1185 5103 Qui
1196 5046 1254 5092 tunc
1263 5046 1319 5093 erat
1339 5040 1464 5093 Gerardus
1474 5041 1505 5091 de
1516 5039 1659 5104 &maenia
1672 5040 1701 5092 in
1710 5041 1827 5096 ahbatm

213 5107 284 5173 (333)
295 5107 322 5157 fn
333 5107 453 5159 Chronico
465 5108 492 5157 S.
503 5106 594 5157 Bertini
617 5108 632 5158 b
652 5109 761 5159 hfarteae
773 5108 838 5159 edito
850 5107 898 5158 col.
913 5108 974 5168 688,
1024 5109 1116 5159 efectus
1128 5118 1191 5157 anno
1205 5109 1280 5158 lffltt.

180 5172 213 5225 ¹²²
234 5173 342 5238 “filiun
366 5173 477 5224 ‘smum
498 5175 590 5236 θυίων
612 5177 639 5224 ¹¹²
658 5174 704 5225 ¹¹⁰⁸
720 5177 818 5225 ⁹⁰⁰¹&
840 5174 972 5236 ⁰¹⁸¹²¹⁰⁸·’
1058 5189 1129 5257 (338)
1142 5190 1602 5254 ntentansrtaeticetautLanterna,
1617 5202 1649 5243 ex
1671 5192 1829 5255 quibusprl·

178 5238 470 5318 cantuariamooacbcs,
485 5260 496 5284 ι
511 5239 696 5291 dominamus
712 5240 790 5291 abbas
801 5240 864 5305 apud
877 5240 974 5292 wisan·
1025 5258 1497 5323 mugpsaegm12n00,quoinfflffium
1516 5256 1585 5309 mimi
1597 5259 1656 5309 sunt
1667 5258 1832 5312 macarian-

179 5312 231 5359 lum
242 5307 388 5371 applicuisse
397 5307 545 5371 ⁰⁰tfl⁰t¹¹h
559 5311 607 5359 0¹⁰·
1024 5336 1075 5388 sos,
1086 5325 1148 5378 alter
1159 5338 1218 5379 aero
1230 5325 1333 5379 durate
1341 5324 1436 5379 exsilio.
