3742 5986
177 157 229 211 ιιι
596 158 766 215 GUlGONIS
786 159 797 212 l
816 156 1021 213 centussis
1039 156 1187 214 matonis
1206 159 1346 216 Phtottts
1366 162 1397 217 V.
1778 164 1826 221 fid

212 285 239 339 2.
255 281 448 337 Feneratorum
463 289 489 337 ει
505 284 797 340 excommunicatorum
813 297 927 337 munera
941 297 997 338 nen
1010 281 1168 354 accipimus.

212 383 238 434 3.
255 379 407 435 chartulam
424 397 542 453 quoqne,
559 383 689 455 quamde
705 381 869 455 quibusdam
883 379 984 436 talibus
998 379 1079 434 rebus
1094 379 1353 452 conscripseramus,
1369 381 1431 439 huie
1445 382 1582 455 scripturae
1610 383 1770 455 injecimus.

858 520 1055 579 chl‘lTUbUltl
1070 521 1144 578 XLI.

462 629 494 686 t'r
510 627 593 683 nulla
603 628 672 681 extu
684 636 810 680 eremum
819 619 1026 693 possideantur,
1040 624 1067 675 et
1081 620 1114 676 de
1130 620 1278 692 sepultura
1290 624 1517 695 per-sprincruet.

214 744 238 795 l.
255 740 415 812 cupiditatis
430 742 588 799 occasiones
603 738 682 795 nobis
698 745 724 794 et
752 734 851 792 nostris
866 733 994 806 posteris,
1011 740 1141 804 quantum
1155 733 1214 789 lieo
1225 735 1338 805 jurante
1365 752 1521 808 possumus,
1537 737 1739 809 precidentes,
1756 753 1826 810 pra·

177 839 262 895 sentis
276 841 369 911 scripti
384 841 524 897 sanctione
539 838 692 902 statuimus,
709 842 842 907 quatenus
855 832 908 888 loci
924 831 1002 901 huius
1016 830 1190 898 habitatores,
1208 839 1283 887 extra
1299 847 1355 888 suae
1369 831 1500 888 terminos
1523 833 1607 890 eremi
1629 833 1698 889 nihil
1715 834 1825 890 omnino

177 937 344 1008 possideant,
361 938 388 992 id
416 946 458 993 est
484 953 541 992 non
555 951 646 1009 agros,
663 949 719 989 non
735 932 839 1000 vineas,
856 944 910 985 non
925 929 1028 997 hortos,
1044 943 1099 984 non
1113 928 1253 999 ecclesias,
1269 944 1324 986 non
1338 930 1505 1000 caemeteria,
1521 946 1576 987 uon
1592 931 1761 1002 oblationes,
1776 947 1827 989 nou

176 1033 297 1090 decimas
312 1041 338 1089 et
348 1049 517 1106 quaecunque
531 1030 696 1103 hujusmodi.

834 1150 1121 1208 COMMENTARIUS.

176 1279 282 1337 centius
306 1286 332 1335 et
354 1277 576 1335 honorificentius
600 1291 692 1333 eoram
713 1274 889 1331 sacularibus
912 1273 971 1329 istis
980 1281 1006 1340 Α
1022 1273 1129 1345 possint
1143 1271 1171 1327 in
1185 1273 1254 1329 cella
1269 1274 1343 1344 (nam
1360 1272 1383 1328 si
1398 1290 1468 1330 unus
1482 1275 1516 1330 ad
1539 1275 1568 1331 id
1589 1275 1827 1334 nonconsituare·

175 1367 394 1440 exsequendum,
423 1367 505 1438 paulo
528 1364 682 1437 pretiosiori
696 1363 864 1435 supellectile
887 1362 973 1419 eccle·
1024 1373 1068 1418 tur
1081 1376 1132 1431 pro
1148 1361 1289 1428 omnibus,
1306 1362 1407 1434 singuli
1421 1362 1472 1418 sibi
1487 1364 1632 1435 providere
1646 1375 1825 1439 cogerentur,

175 1455 300 1525 siastica,
325 1455 406 1510 etiam
420 1455 449 1509 in
463 1453 586 1510 ecelesiis
601 1451 702 1508 uostris
717 1451 764 1520 uti,
781 1451 896 1507 maxime
910 1450 973 1522 quia
1023 1458 1050 1505 et
1066 1449 1104 1505 sic
1118 1465 1213 1505 omnes
1228 1465 1243 1503 a
1257 1449 1363 1506 cellulae
1377 1450 1467 1523 quiete
1481 1455 1652 1524 arcerentur)
1666 1470 1673 1520 ;
1691 1455 1759 1527 qui,
1783 1455 1825 1510 in·

176 1545 273 1600 serica
295 1550 385 1599 vestes
408 1551 436 1599 et
461 1550 666 1615 vasaargentea
687 1539 726 1596 sic
749 1538 901 1594 communia
916 1542 972 1608 jam
1024 1553 1119 1609 quam,
1147 1537 1182 1592 ad
1206 1537 1360 1607 hujusmodi
1384 1537 1501 1595 officium
1526 1540 1690 1612 assumitur,
1716 1542 1825 1600 ειιιιει

176 1638 270 1702 erant,
295 1638 324 1686 ut
338 1631 366 1686 in
380 1638 564 1702 contemptum
578 1629 662 1685 diuini
677 1626 764 1685 cultus
780 1626 942 1683 abstinentia
956 1642 973 1682 a
1021 1626 1141 1681 habenas
1153 1626 1291 1697 cupiditati
1307 1626 1434 1697 habendi,
1450 1628 1609 1701 acquirendi
1620 1630 1824 1708 etpossidendi

175 1720 296 1777 vestibus
312 1718 408 1775 sericis
430 1727 457 1775 et
471 1717 633 1790 supellectili
646 1724 792 1790 argentee,
808 1715 902 1772 venire
915 1730 973 1771 me-
1023 1713 1135 1786 qniquid
1148 1721 1236 1785 potest
1251 1721 1278 1769 et
1292 1713 1400 1771 obvium
1416 1715 1505 1784 venit,
1531 1732 1646 1774 necesse
1660 1725 1705 1774 est
1719 1727 1751 1775 nt
1768 1727 1823 1775 ste·

175 1809 227 1864 rito
242 1807 391 1863 timeretur.
413 1807 443 1861 ln
466 1805 630 1879 quibusdam
655 1805 735 1861 etiarn
750 1802 908 1875 regionibus
926 1819 972 1858 res
1022 1802 1070 1856 tim
1085 1817 1147 1857 sese
1160 1801 1302 1873 immergat
1316 1802 1344 1857 in
1358 1803 1568 1876 dissipationes,
1583 1805 1745 1878 discursus,
1763 1805 1824 1866 ert·

173 1912 225 1966 per
239 1895 461 1952 consuetudinem
476 1902 630 1966 temporum
644 1909 678 1949 eo
692 1893 870 1958 devenerunt,
882 1901 910 1946 ut
921 1907 972 1947 sae·
1022 1890 1145 1962 gationes
1168 1897 1194 1946 et
1218 1890 1316 1945 similia
1340 1907 1401 1964 quae
1415 1908 1492 1964 aque
1507 1893 1645 1949 contraria
1662 1901 1730 1950 sunt
1742 1894 1822 1968 spiri·

174 1984 281 2040 culares
296 1983 375 2039 valde
390 1982 652 2048 scandalizarentur,
678 1979 731 2036 uisi
744 1980 868 2037 riderent
882 1977 972 2034 omnia
1022 1978 1059 2033 tui
1074 1993 1131 2034 sua
1154 1978 1350 2050 professionis,
1365 1994 1398 2036 ac
1412 1980 1569 2051 strepitibus
1591 1980 1755 2040 forensibus
1778 1991 1822 2040 aut

175 2078 339 2144 argentost
363 2086 430 2125 auro
454 2068 561 2141 fulgere
584 2069 611 2123 in
636 2067 736 2124 nostris
760 2067 889 2123 altaribus
903 2074 930 2121 et
943 2065 972 2121 in
1022 2065 1184 2122 militaribus
1209 2066 1345 2123 exercitiis
1367 2066 1426 2138 ipsa
1448 2067 1554 2126 cedula
1577 2070 1716 2128 custodia.
1747 2072 1822 2130 Unde

175 2157 336 2230 supellectili
346 2157 543 2214 ecclesiastica.
1021 2154 1134 2210 evidens
1157 2161 1199 2210 est
1219 2154 1295 2209 illum
1309 2154 1406 2227 spiritu
1429 2155 1610 2214 carthusiano
1630 2173 1694 2215 esse
1711 2146 1821 2218 destitn²

209 2246 328 2303 Nimiam
343 2244 517 2301 nihilominus
531 2244 619 2300 inhoc
630 2243 864 2315 sumptuositatem
880 2257 972 2314 repro
1021 2251 1087 2310 tum,
1113 2257 1145 2298 ac
1166 2241 1281 2314 proinde
1295 2257 1406 2300 cessare
1421 2259 1482 2300 esse
1497 2245 1719 2310 Carthasiannm,
1736 2249 1821 2306 statim

174 2334 282 2402 hamus,
297 2334 414 2390 maxime
430 2333 495 2389 dum
509 2340 609 2406 urgent
623 2333 799 2388 necessitates
809 2347 969 2403 pauperum,
1022 2339 1103 2402 atque
1128 2325 1258 2386 in'istam
1274 2330 1448 2402 cupiditatem
1463 2332 1578 2404 decidit,
1604 2350 1688 2407 ιριειιι
1703 2336 1820 2395 sardicen

174 2438 224 2494 pro
248 2422 347 2494 quibus
362 2420 536 2478 sublevandis
551 2420 642 2477 omnia
665 2421 716 2476 ista
737 2419 851 2475 distrahi
871 2419 972 2475 debent
1021 2418 1142 2474 omnium
1167 2417 1304 2474 malorum
1329 2420 1426 2476 merito
1441 2429 1521 2477 vocat
1532 2422 1696 2494 Apostolus,
1724 2432 1821 2498 etpost

175 2510 252 2566 etin
275 2510 352 2567 cibes
375 2495 485 2566 illorum
499 2508 619 2581 erogari.
637 2508 691 2565 Sed
704 2508 765 2563 illas
787 2508 884 2564 domos
899 2507 971 2563 mul·
1020 2505 1096 2562 illum
1119 2506 1152 2563 ll.
1177 2507 1207 2562 P.
1231 2506 1330 2580 Guigo.
1356 2507 1409 2564 Sed
1424 2510 1495 2566 hauc
1518 2509 1638 2567 radicem
1659 2513 1821 2585 perditionis

174 2608 232 2655 turn
255 2598 415 2665 laudamus,
442 2614 503 2669 qua
526 2599 646 2670 (seruata
674 2605 763 2653 tamen
790 2596 819 2650 in
846 2595 1006 2694 omnibns13
1021 2609 1121 2652 uocare
1144 2610 1199 2651 non
1212 2594 1307 2651 dubito
1329 2611 1378 2667 pro
1401 2597 1559 2667 monachis,
1575 2599 1822 2659 maximecarthn·

173 2686 305 2758 religiosa
319 2685 442 2742 decentia
461 2692 487 2741 et
501 2685 623 2741 locorum
636 2683 753 2754 ratione)
772 2683 971 2755 simplicitatem
1022 2681 1116 2751 sianis,
1133 2698 1195 2739 eum
1209 2700 1259 2755 per
1273 2682 1471 2755 professionem
1485 2678 1667 2745 monasticam
1680 2697 1710 2746 ει
1723 2697 1821 2748 statum

173 2773 311 2845 antiquam
326 2773 435 2828 student
450 2788 569 2844 semper,
585 2773 663 2828 etiarn
679 2771 790 2839 inistis,
805 2771 934 2828 aemulari.
1022 2785 1039 2825 a
1070 2787 1100 2826 se
1132 2769 1217 2827 libere
1240 2779 1397 2843 susceptum
1411 2773 1455 2829 isti
1468 2772 1663 2833 infelicissimae
1678 2777 1820 2851 cupiditati

211 2863 297 2917 Porro
320 2861 382 2932 plus
405 2859 450 2916 vel
474 2860 563 2915 minus
586 2860 614 2913 in
636 2861 686 2915 hac
702 2860 815 2915 materia
829 2859 969 2926 adhibere,
1022 2859 1178 2915 renuntiare
1193 2859 1251 2915 fleo
1265 2859 1459 2932 promiserint,
1484 2878 1568 2935 qnam
1589 2871 1689 2937 postes
1714 2864 1744 2922 in
1767 2881 1820 2924 sue

102 2937 105 2940 ’
173 2949 240 3004 nihil
266 2947 369 3005 confert
392 2948 426 3003 ad
454 2947 625 3019 personalem
649 2948 850 3004 observantiam
873 2963 969 3003 mona·
1021 2945 1198 3017 professionis
1226 2955 1409 3020 contemptum
1433 2950 1511 3023 sequi
1525 2950 1664 3022 volentes,
1681 2964 1822 3011 merentur

172 3038 296 3106 chorum,
313 3035 360 3108 qui
374 3036 441 3091 nihil
455 3035 518 3091 inde
533 3035 669 3091 commodi
689 3035 825 3091 hauriunt.
1021 3049 1037 3088 a
1052 3036 1110 3091 Deo
1124 3034 1194 3090 tradi
1207 3035 1235 3090 iu
1251 3037 1397 3107 reprobum
1412 3054 1534 3094 sensnm.

206 3125 288 3180 Num.
298 3129 325 3182 ι.
339 3127 549 3190 Fenerotorum,
566 3132 618 3180 etc.
630 3123 671 3178 lbi
686 3123 791 3180 videtur
803 3138 883 3195 quam
894 3138 971 3179 scru-
1055 3123 1153 3189 Tertio,
1169 3123 1204 3177 ad
1218 3123 1409 3195 temperandas
1433 3125 1630 3185 sollicitudines
1653 3142 1755 3188 eornm
1776 3130 1819 3207 qui

171 3211 268 3284 pulose
291 3211 358 3268 Boni
381 3212 475 3268 l‘atres
497 3210 600 3267 nollent
628 3211 827 3267 communicare
851 3210 970 3282 peccatis
1020 3210 1055 3266 ad
1070 3210 1270 3281 providendum
1283 3212 1490 3269 necessitatibus
1504 3214 1586 3272 totius
1599 3227 1756 3276 conventus
1778 3234 1820 3276 so·

172 3298 280 3356 alienis.
1019 3297 1190 3365 ιιιειιοιιιιιι,
1208 3298 1254 3371 qui
1284 3315 1336 3356 nec
1365 3302 1557 3373 temporalium
1576 3320 1684 3377 rerum,
1714 3307 1821 3366 neceni

208 3441 274 3496 em
291 3439 361 3495 XLL
377 3469 411 3480 -
426 3441 576 3511 mquam
600 3439 635 3494 ad
659 3439 866 3510 explicationem
889 3438 969 3508 hujus
1018 3385 1142 3458 ipsorum
1165 3385 1250 3442 ullam
1263 3386 1474 3446 sollicitudinem
1498 3391 1600 3449 habere
1613 3393 1719 3451 debent
1733 3413 1767 3454 ex
1780 3395 1820 3454 ani

944 3526 950 3538 ,
1018 3472 1131 3529 instituti
1145 3475 1320 3547 praescripto,
1336 3484 1416 3549 atque
1430 3478 1464 3534 ad
1478 3479 1695 3538 subveniendum
1711 3483 1819 3543 familia

171 3527 280 3599 fflpimli
299 3527 485 3592 deveniamus‘
498 3528 622 3599 quaedam
636 3528 757 3583 ”manda
771 3526 892 3594 venium‘
906 3544 968 3626 qm(
1018 3561 1133 3635 integrae
1147 3577 1181 3619 ac
1194 3563 1324 3620 oneribus
1334 3573 1389 3620 tunt
1404 3566 1484 3623 certis
1494 3574 1551 3623 tum
1565 3569 1727 3629 casualibus
1741 3566 1819 3630 totins

172 3617 223 3672 bus
238 3616 273 3672 ad
286 3632 397 3671 sensum
411 3616 447 3672 R·
466 3616 496 3670 Ρ·
513 3615 648 3713 (ἷῑῖἰὲοῃῑὸ
661 3616 882 3714 θϋῧιυθψοώ
896 3632 968 3687 Pffl‘
1019 3649 1190 3719 monasterii,
1214 3658 1319 3707 certum
1338 3661 1379 3710 est
1399 3654 1554 3710 habendam
1582 3673 1645 3715 esse
1672 3659 1818 3719 honestant

170 3705 232 3803 ⁰1¹¹?
247 3703 408 3803 fflpiffnfium
424 3703 694 3801 109¹⁰Fd¹⁸p⁰⁰²mst
719 3712 746 3758 ³²
766 3703 829 3759 ¹d⁶⁰
844 3719 906 3802 Ψ
920 3719 968 3759 ⁸¹¹⁸
1018 3737 1205 3794 sufficientiam
1218 3739 1350 3797 bonorum
1362 3743 1559 3815 temporalium.
1571 3745 1724 3805 Honestam
1739 3764 1806 3808 roco

171 3808 264 3863 penus
274 3800 423 3863 attigimus,
436 3791 480 3847 hrc
494 3799 593 3846 iterum
604 3798 727 3861 repetere
738 3791 966 3848 nondnhrtamus.
1018 3842 1079 3900 φη
1102 3826 1246 3899 quamdam
1272 3829 1461 3886 rationabilem
1483 3831 1633 3890 latudinem
1654 3835 1768 3906 habent,
1783 3791 1819 3894 52:

207 3896 315 3962 Primo,
341 3903 446 3952 cerium
468 3903 508 3951 0⁵2
531 3895 598 3949 nihil
622 3911 684 3951 2⁸⁵0
704 3895 794 3968 micis
813 3896 967 3967 0l³l2⁰⁵il¹¹m
1016 3922 1046 3969 ut
1060 3914 1187 3985 quando,
1211 3915 1269 3972 siue
1280 3932 1330 3988 per
1343 3916 1509 3977 calamitates
1523 3935 1685 3980 communes
1701 3924 1818 3999 sireper

170 3983 298 4040 solitariae
312 3984 373 4039 ritae
386 3982 608 4054 professoribus,
625 3998 706 4056 qnam
720 3982 853 4054 cupiditas
872 3979 1004 4056 acqui-(i
1018 4001 1154 4059 desectum
1167 4002 1310 4060 solutionis
1324 4020 1341 4060 a
1355 4005 1566 4065 conductoribus
1591 4026 1685 4066 rerum
1708 4021 1816 4070 „osu-2.

170 4072 248 4128 rendi
264 4080 290 4128 ει
312 4071 470 4143 possidendi
485 4071 556 4126 bona
571 4070 740 4143 temporalia,
757 4071 824 4169 ultra
847 4071 875 4127 id
895 4071 967 4144 quod
1019 4106 1078 4145 sum
1085 4131 1093 4160 ‚
1118 4091 1222 4147 reditus
1236 4108 1342 4149 annuus
1357 4109 1412 4150 non
1425 4094 1533 4170 integre
1547 4097 1717 4171 percipitur,
1730 4100 1816 4174 pofflt

169 4159 353 4217 necessarium
369 4168 410 4215 est
423 4159 455 4215 ad
469 4160 583 4258 frenesta
605 4167 633 4215 et
656 4160 746 4258 quiete
770 4160 916 4216 vivendum
939 4161 967 4216 in
1017 4178 1192 4235 nihilominus
1215 4181 1404 4238 communibus
1427 4183 1586 4258 indigentiis
1608 4186 1710 4246 domus
1726 4188 1816 4263 provi.

170 4265 221 4306 suo
236 4256 322 4317 statu,
349 4248 528 4306 consideratis
543 4248 753 4304 circumstantiis
777 4264 964 4320 personarum,
1017 4267 1077 4323 deri
1086 4268 1190 4340 absque
1198 4269 1316 4342 vagandi
1326 4278 1353 4326 et
1360 4273 1499 4343 quarendi
1510 4275 1723 4334 necessitudine.
1736 4277 1816 4349 Quod

169 4346 323 4409 temporum
338 4346 365 4393 θῑ
379 4338 534 4410 decimum
548 4337 589 4393 Ad
605 4337 670 4409 (fuid
686 4336 757 4392 enim
772 4337 846 4393 lenit
867 4352 966 4437 imni·
1017 4371 1049 4412 eo
1073 4355 1173 4427 justius
1201 4356 1229 4412 in
1250 4357 1376 4414 domibus
1399 4360 1500 4417 nostris
1515 4362 1596 4420 debet
1609 4365 1736 4436 admitti,
1761 4382 1815 4440 qus

170 4427 237 4482 chus
252 4425 286 4480 ad
300 4425 436 4490 cellulam,
449 4425 473 4479 si
487 4425 525 4480 ibi
539 4425 670 4494 inclusus,
682 4433 772 4481 mente
787 4433 814 4481 et
823 4425 966 4482 desiderils
1017 4445 1166 4501 secundum
1177 4444 1301 4517 spirirum
1312 4446 1489 4518 pmfessionis
1500 4459 1602 4509 „mem
1615 4454 1742 4512 tenacius
1752 4455 1815 4512 hof.

169 4514 204 4568 ad
212 4512 377 4584 possidenda
385 4513 543 4585 temporalia
550 4513 676 4570 anhelet?
687 4513 830 4582 Quomodo
841 4514 875 4569 ad
880 4514 966 4585 pedes
1016 4548 1076 4587 refe
1090 4532 1222 4588 debemus
1235 4533 1270 4588 ab
1284 4535 1414 4592 exercitio
1428 4538 1557 4610 vagandi,
1572 4542 1717 4611 quaerendi
1730 4535 1757 4600 ει
1772 4557 1815 4600 21.

169 4600 269 4656 Christi
295 4616 324 4656 Se
340 4616 414 4698 'cum
441 4602 527 4655 Mllii
551 4601 680 4700 recipici)
711 4608 737 4656 θῑ
759 4601 804 4672 Ρῑθ
828 4602 886 4671 θιΰι
910 4602 966 4701 Oli?
1016 4626 1154 4676 ternorum
1171 4619 1280 4677 favores
1294 4630 1322 4678 et
1336 4623 1409 4680 dona
1423 4625 1501 4681 uobis
1515 4627 1691 4699 conciliandi,
1707 4639 1738 4687 ut
1750 4646 1814 4704 pos·

168 4688 272 4745 fruetur
285 4689 420 4744 audiendo
431 4688 513 4744 verba
524 4688 633 4755 Chrtsti,
646 4706 668 4742 st
683 4695 774 4745 mente
789 4696 814 4745 θῑ
824 4689 965 4746 desiderils
1016 4707 1101 4763 simus
1111 4708 1259 4767 subsistere
1272 4728 1279 4777 3
1295 4719 1321 4766 el
1331 4711 1444 4783 merito,
1461 4729 1524 4770 nam
1534 4714 1562 4772 id
1572 4716 1704 4775 solilgpiae
1713 4727 1814 4778 nostra

167 4793 217 4848 l)er
241 4778 370 4833 mundum
395 4775 562 4849 diligetur?
583 4777 644 4831 N⁰fl
669 4784 773 4831 lanium
787 4776 899 4845 issufilssr
916 4777 965 4833 5θᾶ
1015 4795 1180 4867 professioni
1193 4804 1220 4853 et
1234 4797 1355 4855 instituto
1370 4800 1553 4860 carthusiensi
1573 4820 1688 4876 prorsus
1703 4816 1813 4864 contra·

168 4865 248 4920 etiam
263 4866 373 4921 stultum
389 4880 450 4921 esse
465 4864 609 4962 dicendum
625 4871 676 4931 est,
692 4881 722 4920 se
743 4864 771 4919 in
794 4863 861 4920 cella
876 4864 964 4922 inclu-
1014 4883 1084 4939 rium
1104 4892 1154 4940 est,
1178 4885 1255 4942 Unde
1270 4887 1393 4958 sequitur
1405 4905 1489 4946 unum
1504 4907 1520 4947 e
1533 4881 1640 4949 duabus
1653 4893 1813 4969 eligendum

168 4953 253 5020 sisse»
270 4961 299 5007 1¹¹
314 4955 354 5009 5ἱο
368 4960 597 5023 0⁰⁰⁰1¹P¹S⁰0¹¹²¹ae
611 4951 690 5008 siena
712 4952 873 5009 laniemur·
1015 4987 1092 5039 esse,
1109 4980 1153 5028 aut
1177 4973 1298 5030 instituto
1313 4976 1498 5034 carthusiensi
1512 4980 1683 5051 renuntiare,
1701 4991 1749 5040 aut
1760 4985 1813 5041 btt-

206 5058 342 5124 Secundo,
359 5074 428 5129 qrras
444 5056 650 5124 sollicitudines,
668 5065 733 5130 quot
747 5058 855 5114 labores
868 5065 894 5114 et
908 5066 965 5114 stu·
1013 5059 1079 5115 bere
1093 5061 1282 5131 possessiones
1296 5078 1329 5120 ac
1344 5064 1447 5121 reditus
1462 5066 1509 5138 qui
1523 5067 1669 5138 sufficiant,
1684 5072 1768 5129 modo
1786 5071 1813 5128 in

166 5145 211 5199 dia
226 5145 344 5216 requirat
359 5145 547 5216 temporalium
562 5161 649 5201 rernm
665 5162 745 5216 cura,
770 5156 835 5218 quot
855 5145 963 5203 discur-
1013 5147 1110 5203 morali
1123 5148 1264 5206 latitudine
1278 5151 1437 5222 constituta,
1449 5153 1484 5209 ad
1494 5157 1722 5215 sustentationem
1732 5160 1813 5217 totius

168 5249 215 5288 sus
238 5240 264 5288 et
282 5231 449 5288 diflicnltates
479 5232 565 5304 pariat
589 5232 773 5304 experimento
807 5233 964 5305 quotidiano
1014 5246 1164 5291 conventus
1179 5244 1206 5293 et
1220 5238 1347 5295 adonera
1361 5240 1432 5296 illius
1452 5244 1597 5314 portanda.

164 5321 280 5377 uidetur.
305 5319 357 5389 Qui
379 5336 445 5391 ergo
466 5337 500 5376 en
525 5320 651 5377 solitariis
675 5321 784 5394 eligitur
799 5321 833 5376 ad
847 5319 999 5390 officiumn
1050 5324 1097 5379 llis
1121 5325 1216 5395 positis
1233 5326 1379 5383 dicendum
1394 5336 1435 5385 est
1457 5339 1577 5388 mentem
1601 5330 1630 5389 S.
1650 5334 1813 5397 institutoris

164 5409 280 5478 ordinis,
292 5408 335 5466 cni
350 5423 457 5464 annexa
471 5416 513 5465 cst
527 5425 590 5465 cura
604 5409 767 5482 providendi
781 5408 856 5477 aliis,
873 5416 902 5464 ut
914 5425 964 5480 per
1012 5411 1114 5481 nostri,
1137 5420 1238 5485 etpost
1252 5414 1329 5471 illum
1343 5416 1376 5473 lt.
1392 5417 1478 5474 Patris
1493 5416 1637 5492 Guigcnis,
1652 5421 1684 5479 in
1695 5422 1751 5503 illis
1765 5424 1814 5483 tri·

163 5496 242 5553 nnius
267 5497 446 5554 ministerium
470 5497 561 5555 catari
583 5498 674 5555 itariae
702 5496 834 5554 exercitio
862 5512 961 5554 vacare
1011 5499 1062 5555 bus
1085 5515 1170 5574 supra
1191 5501 1288 5560 noetis
1311 5503 1482 5575 consistere,
1507 5508 1582 5581 quod
1603 5523 1638 5567 ex
1658 5515 1719 5581 lam
1732 5511 1812 5574 dictis
