3750 5984
58 235 129 324 ll'l'i
776 221 988 283 bll’lolltra.
1635 227 1705 284 illd

57 355 197 413 memorie
209 356 243 413 Α.
259 354 347 422 tertio,
364 368 471 411 summo
485 351 612 426 pontifice
634 365 718 424 super
740 349 783 407 bis
806 364 857 405 au·
869 349 895 411 Δ
908 349 970 420 pale
985 351 1144 409 auctoritate
1158 352 1289 410 adbibere
1304 351 1497 410 testimonium.
1518 350 1566 408 liis
1581 349 1706 422 testibus,

57 444 181 501 ctoritate
195 450 329 515 patrante,
347 442 418 499 siout
431 443 459 498 in
477 441 621 515 privilegio
637 440 759 510 eiusdem
775 437 860 510 patris
910 438 946 493 lt.
966 439 1065 496 abbate
1079 440 1115 495 de
1139 440 1261 511 Nostele,
1287 441 1417 513 magistro
1440 440 1576 511 Stephano
1600 437 1709 495 lineol-

56 533 97 588 cis
112 532 210 588 collato
224 531 405 602 inspeximus.
912 524 1014 581 niensis
1027 526 1159 584 Ecclesiae
1169 528 1341 595 cancellario,
1350 529 1481 603 magistro
1490 529 1633 594 Womero,
1649 541 1709 581 ma·

95 619 266 691 Sepulturam
280 635 389 691 quoque
402 634 553 691 pauperum
572 626 599 674 et
622 618 759 690 hospitum
773 617 820 690 qui
834 615 862 672 in
911 612 998 686 gistro
1017 614 1137 671 Geraldo
1171 616 1206 672 de
1228 617 1342 686 Rowell,
1366 616 1500 690 magistro
1517 613 1652 673 Richardo
1675 614 1711 672 de

57 706 119 777 ipso
132 707 259 778 hospitali
273 707 453 774 decesserint,
468 706 512 762 vel
526 721 622 761 eorum
637 706 725 778 quiin
740 713 863 762 extrema
912 701 1058 769 claleveel,
1073 711 1100 758 et
1114 702 1205 758 multis
1220 703 1291 759 aliis.

59 794 196 852 voluntate
217 795 245 850 in
260 795 397 851 territorio
412 794 539 865 hospitali
562 810 592 850 se
613 794 783 860 devoverint,
804 793 863 848 sine
1293 827 1326 882 fl·

57 883 207 939 vicinarum
232 882 410 940 ecelesiarum
443 881 540 951 injuria
571 882 686 939 liberam
710 897 773 939 essa
795 895 863 936 sau·
1729 909 1732 913 -

59 971 159 1027 cimus,
915 948 1019 1004 Cbortu
1034 950 1143 1005 domini
1159 952 1280 1021 lingonis
1295 949 1419 1033 episcopi
1432 953 1460 1005 ei
1474 949 1714 1022 capitulilinccl·

92 1059 245 1115 libertates
259 1059 287 1114 in
311 1074 378 1131 quas
402 1059 434 1115 ll.
458 1058 538 1114 bonae
561 1058 702 1115 memoria
727 1057 810 1114 abbas
833 1056 862 1113 S.
948 1020 1365 1093 '‘ie''‘ssd‘dwwpan‘bu'
1379 1020 1505 1077 ‘mmai
1519 1019 1553 1075 ὅθ
1576 1019 1664 1077 θθῒῦῧ·

60 1145 151 1202 blariae
164 1147 199 1203 de
214 1146 296 1202 Prato
310 1147 345 1203 de
361 1148 540 1218 legrecestre
555 1153 582 1202 et
596 1145 719 1217 ejusdem
735 1145 789 1202 loci
803 1160 866 1202 ccu-
949 1123 1134 1196 (mmmm
1154 1127 1263 1198 Α’ῑθῑῐθ·
1289 1134 1354 1181 ¹⁰m·
1371 1127 1392 1192 1·
1415 1141 1446 1197 P·
1467 1128 1529 1192 ⁸⁸¹2
1552 1124 1596 1183 ed·
1622 1124 1714 1195 1673·)

60 1241 157 1289 ventus
172 1233 212 1289 eis
226 1234 400 1298 contulerint,
424 1233 494 1290 siout
508 1234 536 1289 in
550 1249 643 1290 eorum
668 1233 769 1305 scripto
792 1232 864 1289 vidi·
949 1228 1083 1285 Omnibus
1098 1230 1198 1286 Christi
1213 1229 1338 1286 fidelibus
1359 1232 1395 1287 ed
1418 1246 1487 1303 quos
1500 1246 1622 1302 praesens
1645 1230 1715 1288 scri·

61 1337 121 1376 mus
136 1321 259 1394 digestus
274 1322 347 1379 felici
371 1322 553 1394 perpetuitate
571 1322 701 1393 gaudere,
727 1329 753 1377 et
771 1328 866 1377 nostra
913 1325 990 1389 ptum
1005 1319 1170 1389 pervenerit,
1187 1320 1266 1374 Hueo
1282 1320 1330 1374 Dei
1346 1316 1434 1392 gratia
1448 1318 1647 1376 lincolniensis
1662 1318 1718 1392 epi·

61 1404 175 1460 solidari
196 1405 403 1462 confirmatione
427 1421 590 1472 censemus;
608 1406 665 1462 Vir.
685 1413 715 1460 ut
738 1404 865 1461 Salomon
914 1421 1024 1476 scopus,
1046 1405 1160 1461 salutem
1174 1405 1202 1459 in
1216 1405 1343 1462 Domino.

60 1493 184 1563 praedicti
198 1494 341 1565 hospitalis
355 1509 515 1551 oeoonomus
528 1502 555 1549 et
568 1509 743 1550 successores
762 1492 804 1547 sui
818 1493 866 1548 ha·
949 1493 1063 1549 Noverit
1077 1494 1240 1549 universitas
1255 1502 1355 1561 vestra,
1372 1509 1424 1549 nos
1439 1494 1474 1549 de
1491 1509 1605 1550 assensu
1629 1501 1656 1551 et
1668 1510 1717 1552 vo·

62 1580 145 1636 beant
159 1581 305 1638 ecclesiam
320 1581 392 1638 inter
406 1581 708 1654 septennatispraedicti
721 1580 865 1652 hospitalis
914 1582 1016 1637 luntate
1039 1582 1198 1638 dileetomm
1228 1581 1386 1637 inebriato
1420 1581 1546 1650 filiorum,
1569 1582 1713 1639 Willielmi

60 1666 174 1723 liberam
190 1677 217 1724 et
229 1669 348 1740 quietam
362 1670 396 1724 ab
411 1669 485 1726 omni
495 1668 674 1738 subjectione,
689 1668 717 1723 in
733 1683 787 1740 qua
800 1683 901 1758 per-B
915 1669 1013 1725 deceni
1029 1677 1055 1725 et
1068 1669 1178 1741 capituli
1197 1669 1284 1725 nostri
1307 1668 1462 1737 lincolnia,
1487 1668 1586 1725 divinae
1608 1670 1718 1741 pietatis
1767 1679 1770 1684 '

63 1762 144 1827 petuo
159 1756 280 1813 divimm
294 1757 449 1815 celebretur
464 1756 592 1822 officium,
607 1763 633 1810 et
643 1755 782 1826 sepultura
796 1770 865 1827 pau·
917 1756 1024 1827 intuitu,
1052 1757 1161 1813 dedisse
1185 1764 1211 1813 et
1235 1757 1407 1814 concessisse
1432 1755 1539 1813 dilectis
1560 1755 1668 1813 filiabus
1690 1757 1719 1813 in

60 1859 157 1914 perum
173 1851 202 1900 et
215 1844 323 1901 familiae
338 1861 403 1914 suae,
421 1853 448 1902 et
461 1843 637 1901 servientium
652 1859 763 1900 suorum
778 1851 804 1900 et
818 1859 867 1916 pe·
918 1843 1037 1911 Christo,
1053 1844 1218 1901 monialibus
1231 1845 1321 1902 Sancti
1336 1844 1475 1901 Michaelis
1499 1851 1580 1900 extra
1603 1845 1720 1918 burgum

61 1932 247 2003 regrinorum,
264 1942 290 1989 et
304 1933 440 2006 integram
461 1933 618 1988 facultatem
634 1931 749 2003 regendi
763 1940 790 1988 et
804 1931 866 2002 ple·
897 1933 1107 1999 stauneforde,
1124 1933 1192 1989 duas
1214 1941 1307 2005 partes
1329 1933 1453 1990 ecolesiae
1473 1932 1509 1989 de
1533 1932 1632 2004 Corby,
1658 1949 1719 2005 quae

61 2019 166 2074 nariam
184 2020 391 2093 dispositionem
415 2021 547 2088 omnium,
572 2036 632 2092 qua
650 2019 685 2076 ad
709 2019 867 2091 praedictum
917 2021 952 2077 de
963 2021 1034 2077 dono
1050 2021 1184 2077 blathildae
1198 2022 1232 2077 de
1243 2022 1320 2088 Diva,
1338 2029 1364 2077 et
1390 2022 1424 2078 de
1437 2021 1510 2077 douo
1535 2020 1670 2078 ascelina
1683 2021 1719 2079 de

60 2107 195 2178 hospitale
208 2109 353 2181 pertinent.
917 2110 1079 2166 Watervilla
1095 2118 1123 2165 et
1137 2110 1276 2165 haeredum
1290 2125 1420 2186 suorum;
1437 2110 1472 2166 de
1487 2110 1559 2166 douo
1573 2109 1655 2165 etiam
1669 2111 1721 2166 Ha·

104 2198 300 2254 Confessiones
314 2205 402 2253 autem
411 2212 563 2268 pauperum
578 2203 605 2252 et
614 2194 783 2252 infirmorum
799 2211 868 2253 con·
918 2197 1005 2253 monis
1018 2199 1115 2265 Pecbe,
1133 2198 1168 2253 ad
1182 2197 1305 2268 ipsarum
1332 2197 1491 2253 monialium
1514 2197 1721 2255 advocationem

64 2289 225 2348 solationem
238 2285 345 2359 integre
359 2285 488 2355 habeant,
504 2292 530 2343 et
544 2284 571 2340 in
595 2291 758 2356 perpetuum
771 2283 867 2356 praesi-
917 2285 1054 2357 pertinent
1071 2301 1077 2339 :
1093 2286 1234 2342 habendas
1253 2285 1366 2351 eisdem,
1383 2294 1408 2342 et
1432 2284 1460 2340 in
1484 2284 1604 2357 propriis
1625 2285 1721 2342 usibus

60 2378 153 2434 deant.
921 2374 947 2428 in
963 2381 1125 2445 perpetuum
1135 2373 1318 2445 possidendas
1336 2388 1342 2428 :
1359 2372 1721 2447 salvaliugonisdeOsber·

100 2466 141 2520 Ex
155 2461 301 2519 donatione
314 2476 381 2518 vero
395 2459 507 2517 Roberti
523 2460 628 2517 comitis
643 2460 678 2516 de
688 2460 868 2533 legrecestre
918 2462 990 2532 neby
1004 2462 1127 2533 portione
1149 2478 1198 2516 sua
1221 2462 1333 2528 ibidem,
1358 2461 1448 2534 quoad
1470 2460 1587 2528 vixerit;
1604 2467 1630 2516 et
1644 2460 1721 2518 salva

65 2551 179 2608 liuberti
193 2549 305 2607 secundi
311 2548 426 2619 junioris
441 2549 508 2603 duas
522 2562 600 2604 acras
620 2556 646 2604 et
668 2547 816 2614 dimidiam,
834 2547 869 2603 de
903 2549 1020 2605 vicaria
1035 2556 1177 2620 perpetua,
1193 2566 1256 2605 cum
1271 2565 1367 2605 manso
1381 2548 1557 2620 competenti,
1573 2564 1654 2621 quam
1669 2549 1720 2605 lli·

67 2641 138 2697 creis
150 2639 227 2707 juxta
241 2646 347 2694 curtem
361 2636 503 2707 hospitalis
512 2644 538 2692 et
548 2644 632 2691 totam
643 2643 745 2692 terram
755 2635 789 2691 de
799 2635 869 2691 creis
918 2637 1002 2692 larius
1017 2637 1176 2708 capellanus
1191 2636 1294 2693 obtinet
1317 2637 1351 2692 de
1375 2636 1440 2693 dicti
1461 2635 1643 2708 portionibus,
1669 2635 1722 2693 sibi
1757 2636 1761 2649 '

64 2728 162 2784 subtus
177 2735 281 2783 curtem
295 2724 402 2781 illomm
417 2725 451 2780 de
467 2739 553 2796 grave
567 2723 676 2779 Domini
691 2723 797 2779 comitis
812 2722 868 2778 sic·
919 2733 945 2780 et
962 2725 1169 2780 suecessoribus
1192 2725 1249 2781 suis
1278 2724 1409 2780 dictarum
1436 2723 1592 2796 portionum
1613 2723 1722 2782 vicariis

69 2824 99 2873 ut
113 2816 198 2887 septis
213 2813 270 2869 suis
283 2813 439 2870 includitur.
462 2813 594 2868 Eridano
616 2812 739 2881 ejusdem
763 2810 870 2867 comitis
917 2813 1066 2884 assignata.
1085 2813 1223 2869 Praedicta
1247 2820 1338 2868 autem
1364 2811 1499 2868 moniales
1522 2813 1615 2869 omnia
1638 2827 1722 2869 onera

71 2905 140 2960 duas
164 2904 285 2976 virgatas
318 2910 406 2968 terrae,
432 2916 514 2956 unam
546 2900 651 2956 scilicet
685 2916 747 2971 quae
770 2907 812 2955 est
834 2899 869 2955 de
919 2901 1085 2972 episcopalia
1100 2909 1126 2956 et
1139 2899 1377 2956 arcltidiaconialia
1391 2899 1558 2970 saepedictas
1574 2899 1642 2955 duas
1656 2914 1722 2971 par·

67 3000 141 3048 terra
155 2991 190 3046 de
205 2997 311 3046 assarta
326 3006 387 3044 cum
403 2988 554 3060 quietancia
569 2988 706 3060 pannagii,
728 3004 789 3058 quae
803 3003 869 3059 per·
920 2996 961 3043 tes
975 2988 1170 3061 contingentia,
1188 2987 1369 3053 sustinebunt,
1395 2986 1478 3042 salvis
1494 2987 1575 3043 etiam
1589 2986 1618 3041 in
1631 2986 1722 3042 omui·

66 3080 133 3135 tinet
147 3080 182 3134 ad
198 3076 694 3149 llalsovvetcumblessuagioquaead
710 3039 904 3146 praedietam⁰
920 3077 970 3130 bus
998 3075 1198 3147 episcopalibus
1230 3074 1490 3142 consuetudinibus,
1524 3073 1723 3131 Linoolniensis

67 3167 202 3240 virgatam
226 3166 351 3237 pertinet,
386 3172 510 3235 quaest
534 3165 562 3217 in
589 3162 713 3229 Brakele‚
737 3163 771 3217 ad
791 3170 871 3234 eaput
918 3162 1051 3219 Ecclesiae
1078 3164 1209 3236 dignitate
1227 3164 1322 3234 :quod
1354 3170 1381 3217 ut
1405 3169 1562 3234 perpetuam
1586 3160 1724 3218 obtineant

66 3254 151 3310 lontis
166 3255 201 3310 de
216 3252 402 3318 Gotdevvelle;
419 3258 447 3308 et
461 3266 541 3306 unam
555 3250 638 3306 aliam
660 3250 793 3323 virgatam
809 3267 870 3323 quae
919 3249 1084 3318 firmitatem,
1100 3258 1264 3322 praesentem
1279 3251 1404 3306 chartam
1427 3249 1518 3323 sigillo
1541 3257 1653 3316 nostro,
1669 3264 1724 3306 uns

63 3343 180 3415 pertinet
201 3342 235 3398 ad
255 3341 380 3408 brakele,
405 3355 468 3396 cum
488 3339 646 3412 messuagio
671 3353 730 3404 suo,
751 3354 813 3410 quae
826 3345 867 3394 est
919 3354 981 3395 oum
997 3338 1087 3410 sigillo
1100 3337 1223 3410 praedicti
1239 3336 1349 3408 capituli
1364 3336 1582 3392 nostriduximus
1595 3336 1721 3393 munien-

64 3431 161 3486 subtus
171 3431 249 3498 juxta
263 3428 380 3484 rivulum
394 3428 518 3497 ejusdem
543 3427 624 3482 fontis
639 3442 719 3498 quam
734 3425 868 3498 virgatam
918 3427 993 3482 dam.

32 3512 42 3524 “
67 3519 209 3574 vaerman
225 3525 300 3589 pater
311 3516 433 3590 magistri
447 3515 600 3572 Salomonis
620 3515 714 3570 tenuit.
955 3514 1003 3570 llis
1018 3514 1143 3579 testibus,
1157 3513 1308 3570 Willielmo
1332 3513 1446 3582 decano,
1476 3513 1581 3568 Joanue
1604 3527 1724 3585 praecen-

103 3606 144 3662 Ex
161 3604 307 3661 donatione
323 3603 439 3660 Gilberti
453 3604 487 3660 de
503 3605 594 3659 Monte
608 3617 682 3657 xxm
696 3617 777 3658 acras
791 3609 871 3656 terrae
919 3611 988 3670 tore,
1005 3611 1057 3660 ete.
1074 3604 1151 3673 Data,
1168 3610 1238 3671 etc,
1264 3603 1292 3657 in
1319 3601 1441 3673 capitulo
1464 3599 1725 3669 lincolniensium

70 3695 99 3750 in
112 3693 248 3749 dominico
264 3709 314 3748 suo
337 3699 510 3748 mensuratas
533 3707 583 3762 per
605 3690 736 3762 perticam
760 3689 789 3742 in
807 3688 870 3744 Sto·
920 3691 983 3746 Kal.
1004 3691 1075 3758 blaii,
1092 3691 1266 3763 pontificatus
1282 3690 1368 3746 nostri
1382 3705 1454 3745 xvrr.

67 3782 167 3853 obinga
182 3781 209 3836 in
223 3790 299 3851 parte
322 3796 419 3836 versus
443 3779 556 3836 Brakele
571 3788 597 3834 et
620 3785 727 3850 pratum
751 3776 870 3847 llinges-

67 3870 141 3936 bam,
156 3876 237 3939 prout
251 3869 344 3924 charta
359 3868 445 3938 ipsius
460 3866 575 3923 Gilberti
587 3865 685 3922 exinde
701 3864 769 3920 lacta
783 3862 871 3918 maui-
1289 3831 1336 3886 ΠΙ·

65 3957 155 4014 lestat.
172 3957 211 4012 Ex
227 3955 298 4012 dono
315 3954 399 4011 lleliae
411 3955 446 4010 de
456 3955 555 4010 Hiutou
570 3962 679 4025 pratum
690 3952 762 4024 quod
773 3951 872 4008 dicitur
923 3954 1027 4010 Cbarlo
1042 3956 1164 4027 lingonis
1178 3954 1388 4013 lincolniensis
1412 3953 1507 4024 episco'
1525 3953 1536 4008 i
1557 3952 1727 4010 donatorum

63 4045 234 4111 Herlesham,
250 4050 277 4099 el
291 4042 362 4098 abud
387 4051 495 4114 pratum
518 4042 591 4114 quod
616 4041 716 4097 dieitur
739 4040 869 4096 Ferbam.
956 4028 1149 4108 deopassianus
1162 4027 1334 4081 monasterio
1351 4025 1378 4082 S·
1398 4024 1491 4080 Oliva!
1516 4023 1568 4079 'de
1584 4023 1727 4096 3⁰²·de

65 4135 107 4189 Ex
121 4133 193 4188 dono
208 4131 301 4187 tlieiae
315 4131 350 4186 de
364 4129 469 4187 Romeli
480 4137 595 4202 quatuor
609 4143 689 4184 acras
703 4127 823 4183 terrain
838 4141 872 4183 ea
956 4109 1082 4152 mum
1097 4101 1126 4152 θ’
1140 4097 1325 4163 mmmm·

66 4227 145 4290 parte
159 4220 273 4275 culturae
288 4219 322 4274 de
337 4217 542 4284 werveldiche,
559 4224 585 4272 et
601 4231 634 4271 ea
653 4224 729 4287 parte
743 4231 804 4287 quae
821 4231 871 4271 ex·
956 4201 1269 4272 (¹¹¹⁰”12822'00'2‘1'2912'0-
1289 4207 1355 4255 ‘0¹¹¹-
1372 4200 1392 4266 Ι,
1409 4215 1438 4270 Ρ·
1456 4201 1517 4263 350,
1535 4197 1579 4253 ed·
1596 4197 1689 4269 ¹⁶73·)

67 4308 188 4363 tenditur
202 4322 299 4362 versus
314 4306 433 4361 llalsow.
957 4307 1049 4372 lluoo,
1064 4306 1114 4361 Dei
1129 4305 1220 4379 gratia
1234 4304 1431 4361 lincolniensis
1442 4302 1597 4374 episcopos,
1612 4302 1724 4360 univer-

103 4396 143 4450 Ex
157 4396 228 4450 dono
244 4394 355 4449 Thomas
380 4393 458 4449 Sorel
473 4399 500 4448 et
523 4392 641 4448 Simonis
664 4390 712 4445 filii
727 4391 784 4460 ejus
800 4384 905 4462 qua-D
920 4394 958 4450 sis
973 4402 1075 4450 sanetae
1087 4395 1180 4449 metris
1191 4376 1324 4449 Eeelesita
1339 4390 1402 4445 liliis
1417 4390 1543 4448 salutem.

65 4490 127 4537 tuor
140 4497 218 4539 aeras
234 4481 260 4536 in
277 4481 435 4546 Siresbam;
452 4487 537 4535 totam
548 4494 656 4552 quoquo
674 4486 775 4534 terram
789 4492 870 4549 quam
958 4483 1158 4554 Religiosorum
1172 4481 1292 4538 virorum
1311 4479 1391 4548 iustis
1415 4479 1590 4550 petitionibus
1614 4477 1724 4552 episco-

64 4570 159 4625 bobuit
183 4570 211 4624 in
235 4568 354 4638 Esvvich,
379 4569 447 4624 siout
471 4569 572 4624 obartm
596 4566 760 4622 donatorum
781 4565 870 4621 mani·
920 4572 991 4642 palis
1005 4570 1152 4626 auctoritas
1167 4569 1282 4624 sollicite
1298 4568 1381 4623 debet
1401 4565 1555 4639 suffragari,
1579 4583 1613 4623 ne
1640 4567 1726 4624 bcne·

64 4657 172 4713 lestans.
362 4715 367 4723 ,
920 4659 982 4716 froia
1010 4658 1050 4715 eis
1075 4657 1203 4714 canonice
1227 4656 1326 4712 collata
1354 4656 1561 4730 malignantium
1592 4655 1727 4727 inquieta-

100 4745 249 4799 Libertates
265 4744 346 4800 etiam
362 4750 389 4799 ct
407 4743 510 4799 liberas
533 4742 745 4798 consuetudines
768 4741 870 4813 praedi·
921 4748 1040 4804 tionibus
1063 4745 1233 4817 aliquatenus
1264 4743 1464 4815 perturbentur,
1500 4750 1544 4799 aut
1568 4742 1727 4814 importunis

65 4832 117 4889 llis
131 4831 261 4887 fratribus
276 4846 434 4900 ⁰⁰⁰0⁰⁵⁸³⁵s
452 4831 521 4887 ⁵501st
532 4830 560 4884 51¹
577 4829 680 4887 chartis
695 4838 870 4901 Pstis⁰¹l⁰l¹1m
920 4835 1108 4892 vexationibus
1123 4832 1284 4888 alienentur.
1303 4831 1419 4888 Proinde
1435 4827 1615 4887 dilectisfiliis
1630 4828 1728 4886 nostris

66 4921 236 4977 continentur
268 4935 444 4991 expresse...
484 4920 627 4975 statuimus
648 4926 675 4974 et
698 4919 871 4989 praeoipimus
921 4925 1013 4980 abbati
1036 4931 1063 4979 et
1093 4922 1234 4977 monachis
1268 4920 1302 4975 de
1326 4919 1481 4991 bardeney,
1509 4919 1536 4974 in
1562 4916 1729 4973 monasterio

64 5007 260 5063 inviolabiliter
278 5008 432 5063 observari.
458 5008 492 5062 Ut
514 5006 644 5079 igitur....
669 5006 829 5062 donationes
844 5009 871 5061 et
921 5014 949 5068 s,
967 5011 1089 5068 oswaldi
1104 5010 1194 5065 divina
1209 5008 1299 5082 gretia
1321 5008 1506 5081 congregatis,
1532 5021 1627 5060 ornnes
1641 5020 1686 5061 res
1700 5013 1728 5061 et

65 5095 207 5150 libertates
222 5095 380 5151 memoratis
399 5094 537 5160 iratribus,
555 5093 626 5149 sicut
641 5095 741 5149 chartae
755 5094 871 5150 donato·
921 5099 1111 5173 possessiones
1126 5112 1219 5152 eorum
1236 5096 1369 5163 interris,
1394 5096 1420 5149 jn
1446 5091 1610 5158 hominibus,
1636 5091 1664 5147 in
1678 5108 1726 5150 ec.

65 5198 126 5237 rum
140 5189 272 5237 testantur
285 5197 492 5253 praeconeessae,
516 5189 597 5252 prout
622 5181 815 5236 rationabiliter
829 5181 870 5236 eis
921 5188 1022 5254 etesiis,
1039 5187 1065 5242 in
1081 5185 1194 5242 decimis
1209 5193 1235 5240 et
1249 5184 1278 5237 in
1292 5182 1399 5239 caeteris
1424 5182 1515 5248 rebus,
1536 5197 1597 5253 quae
1611 5180 1637 5235 in
1652 5196 1726 5252 prse-

65 5277 128 5324 Slffll
152 5268 240 5336 laelii,
265 5279 402 5341 perpeluae
434 5270 588 5324 Slflbililfllis
612 5269 750 5325 obtineam
774 5269 869 5324 firma·
920 5277 1070 5332 sentiarum
1083 5276 1154 5344 iuste
1169 5281 1197 5329 et
1210 5270 1341 5328 canonice
1357 5269 1507 5341 possident,
1526 5276 1553 5324 et
1570 5268 1725 5325 authentica

64 5365 197 5423 menium,
213 5365 314 5413 ssoslrae
328 5357 541 5414 confirmalionis
569 5357 673 5414 eisdem
696 5357 867 5413 duximus···-
920 5365 1022 5436 scripta
1036 5364 1147 5429 habent,
1176 5358 1326 5433 episcopali
1346 5359 1509 5415 auctoritate
1532 5355 1725 5415 confirmamus

65 5459 163 5500 aro...
180 5445 280 5501 sidium
294 5454 320 5501 el
335 5447 370 5501 ad
391 5446 514 5501 notitiam
529 5453 699 5516 posterorum
721 5462 804 5518 super
825 5446 869 5501 bis
920 5463 946 5509 et
960 5452 1103 5525 praesentis
1116 5450 1210 5522 scripti
1224 5446 1373 5505 munimine
1397 5447 1568 5504 roboramus.
1585 5443 1723 5515 Quaecun-

64 5533 194 5604 praesenti
210 5533 312 5606 scripto
328 5541 354 5592 et
369 5533 452 5606 sigilli
475 5533 561 5589 nostri
580 5532 747 5606 appositione
762 5533 868 5607 episco·
920 5556 1050 5614 queergo
1066 5539 1206 5598 Gilbertus
1229 5539 1263 5595 de
1286 5537 1377 5596 Gaunt
1407 5535 1522 5609 primus,
1549 5541 1576 5592 et
1603 5531 1661 5593 ntis
1688 5533 1723 5593 da
