3742 5986
102 170 152 225 'lll
519 168 691 226 GUlGONlS
710 170 722 224 l
744 168 948 227 CARTHUSlAE
971 167 1119 227 lillllOlllS
1141 167 1282 226 PlilORiS
1300 167 1335 224 V.

762 294 959 352 CAPITULUhl
986 297 1114 354 XXXVl.

723 411 761 466 lic
781 410 935 483 hospitibus
953 411 1149 483 suscipiendis.

142 528 167 579 l.
192 526 244 581 Pro
259 524 395 597 episeopis
410 534 435 581 et
449 526 592 582 abbatibus
612 534 639 583 et
667 527 771 583 eunctis
785 526 813 581 in
828 527 959 599 religioso
973 526 1065 582 babitu
1080 525 1235 583 constitutis
1250 525 1329 597 (tales
1351 523 1423 580 enirn
1439 537 1456 577 a
1479 521 1572 594 priore
1587 521 1625 577 ad
1641 534 1759 576 mensam

106 623 310 696 suscipiuntur),
327 624 350 678 si
365 624 410 679 tali
426 625 494 680 bora
512 625 647 692 venerint,
660 625 791 694 ieiunium
808 625 964 691 abeodem,
981 621 1159 694 nisisit1ol.,
1175 621 1266 695 fuerit]
1276 621 1455 692 praecipuum,
1467 616 1602 685 solvitur3
1619 614 1761 673 nonenim

105 721 149 777 vel
165 721 307 794 gyrovagi,
323 721 365 777 val
379 739 394 776 a
410 721 542 794 religione
557 721 671 793 refugae,
688 723 731 778 vel
747 738 873 793 personas
886 721 960 778 laica
975 721 1011 776 ad
1026 719 1084 789 ejus
1096 735 1219 775 mensam
1249 717 1350 789 suscipi
1369 723 1583 774 consueverunt.

140 823 167 877 2.
184 819 313 892 Episcopi
327 827 416 876 autern
436 827 462 874 et
476 820 588 875 abbates
608 821 692 876 etiarn
706 820 801 875 sedem
816 820 915 891 prioris
928 827 984 876 tarn
1014 818 1042 872 in
1071 817 1186 874 ecclesia
1202 831 1283 888 quam
1311 815 1339 869 in
1365 814 1472 871 caeteris
1500 818 1596 868 tenent
1608 810 1694 868 locis.
1710 808 1759 867 Sed

104 915 230 987 ,episcopi
245 916 454 987 benedictiones
471 916 552 971 etiam
572 917 657 983 dant;
673 916 787 972 abbates
807 916 865 972 sola
897 916 971 974 sedis
998 914 1205 974 honorificentia
1220 921 1282 972 suut
1296 913 1437 983 contenti;
1452 910 1664 969 benedictiones
1678 916 1761 966 summ

102 1014 179 1083 Juxta
192 1029 295 1070 morem
309 1015 440 1071 sacerdos
454 1015 682 1070 hebdomadarius
702 1015 803 1072 tribuit.

142 1114 168 1166 3.
185 1111 269 1181 Quos,
285 1111 312 1166 id
327 1118 369 1167 est
384 1112 528 1184 episcopos
543 1120 570 1167 et
584 1113 707 1179 abbates,
724 1128 786 1169 curn
800 1111 912 1168 veniunt
925 1111 1048 1170 inclinati
1067 1121 1095 1171 et
1108 1129 1195 1187 usque
1210 1113 1246 1169 ad
1269 1121 1370 1170 terram
1385 1110 1463 1168 hexis
1483 1110 1615 1185 genibus,
1649 1115 1761 1166 eaemros

106 1217 196 1265 autem
214 1217 370 1266 reverenter
383 1217 487 1265 tanturn
500 1210 685 1281 supplicantes
713 1210 879 1266 osculamur.

141 1311 168 1364 t.
184 1309 215 1362 ln
241 1307 376 1379 superiori
400 1316 489 1363 autern
504 1308 585 1364 domo
609 1324 662 1362 non
687 1307 739 1361 nisi
769 1307 891 1380 religiosi
918 1308 1146 1381 hospitasjaeere
1178 1313 1388 1365 consueverunt.
1409 1307 1442 1362 Et
1472 1304 1603 1378 quoniam
1618 1303 1657 1360 de
1672 1303 1759 1375 priore

106 1422 198 1464 sermo
212 1421 242 1462 se
265 1405 364 1474 intulit,
378 1405 532 1462 addendum
547 1413 588 1463 est
603 1405 710 1477 qualem
726 1422 756 1462 se
771 1406 799 1461 in
814 1413 947 1478 susceptae
965 1407 1063 1463 domus
1083 1406 1201 1479 negotiis
1218 1406 1304 1464 soleat
1319 1403 1458 1463 exhibere.

787 1547 1077 1606 COMMENTARIUS.

106 1663 255 1738 primorum
268 1664 377 1719 Patruus
390 1663 513 1735 vestigiis
527 1662 702 1731 inherentes,
720 1663 758 1719 ibi
772 1679 901 1736 expresse
910 1669 937 1726 A
952 1682 1007 1738 qua
1019 1673 1099 1737 parte
1112 1664 1194 1720 debet
1215 1663 1342 1734 imputari
1367 1663 1419 1718 ista
1445 1662 1575 1733 mutatio,
1592 1679 1660 1736 quae
1681 1661 1757 1720 estin

106 1753 259 1809 notaverint
273 1753 388 1809 sormam
414 1759 441 1807 et
471 1752 756 1824 circumspectionem,
778 1768 838 1825 qua
848 1769 906 1807 ser·
953 1754 1051 1810 melius
1062 1753 1141 1821 lacta,
1153 1752 1301 1807 dummodo
1312 1767 1356 1806 res
1370 1750 1442 1807 intra
1456 1758 1542 1807 metas
1557 1751 1661 1807 mentis
1675 1759 1757 1807 statu·

107 1841 194 1897 vande
208 1848 281 1896 esset
306 1840 416 1912 quando
444 1840 589 1911 capitulum
606 1841 736 1914 generale
759 1840 787 1894 in
814 1841 905 1914 aliqua
954 1850 1045 1898 torum
1067 1856 1176 1912 semper
1197 1839 1378 1896 contineatur.

107 1947 136 1987 re
151 1930 271 2002 rigorem
286 1929 388 1984 ordinis
409 1928 584 1984 minuendum
599 1945 661 1984 esse
683 1936 826 1992 censeret:
848 1944 904 1984 ser·
989 1929 1072 1985 Num.
1087 1932 1114 1986 i.
1128 1928 1255 2000 Episcopi
1263 1931 1360 1983 autern
1370 1926 1533 1994 et'obbctes,
1550 1936 1605 1984 eto.
1618 1926 1756 1984 Iudeedo-

106 2018 262 2075 vataetiam
287 2016 411 2071 similiter
431 2016 552 2071 libertate
576 2017 758 2072 observantiis
785 2016 905 2089 antiquis
954 2033 1050 2074 cernor
1077 2024 1209 2089 quantum
1233 2016 1336 2070 distare
1355 2015 1505 2071 debeamus
1520 2015 1555 2071 ab
1580 2014 1659 2072 omni
1673 2016 1759 2088 specie

107 2106 209 2179 aliquid
220 2105 284 2162 novi
298 2112 324 2160 et
339 2104 456 2160 durioris
469 2104 597 2173 addendi,
616 2104 689 2175 quod
704 2105 738 2160 ad
762 2103 844 2161 finem
859 2105 904 2160 in·
949 2106 1113 2179 jurgiorum,
1135 2119 1263 2177 quianon
1278 2119 1341 2158 raro
1360 2112 1510 2159 nascuntur
1522 2103 1606 2160 bodie
1622 2120 1677 2176 pro
1696 2120 1757 2178 gra·

107 2195 192 2251 stiurti
206 2193 293 2249 nostri
303 2193 524 2265 consequendum
539 2192 629 2264 magis
652 2192 817 2259 conducere,
834 2209 904 2265 pen·
952 2194 1033 2250 dibus
1048 2192 1202 2249 servandis.
1219 2192 1349 2249 Videmus
1369 2191 1441 2247 eninr
1469 2192 1544 2264 quod
1573 2192 1600 2247 in
1634 2193 1757 2249 omnibus

105 2290 163 2341 sata
191 2291 343 2352 temporum
369 2295 549 2352 personarum
564 2286 591 2334 et
605 2279 834 2350 experientiarum
856 2296 904 2336 ra·
953 2281 1089 2353 episcopis
1104 2281 1265 2353 dignitatem
1280 2280 1449 2336 characteris
1464 2280 1624 2337 indistincte
1639 2282 1757 2338 honora·

106 2367 188 2431 tione,
205 2364 414 2420 sibivideretur.
430 2363 510 2433 Quod
531 2363 629 2419 eodem
653 2364 735 2418 modo
751 2365 803 2420 huc
818 2379 905 2435 usque
953 2371 1043 2426 verint
1060 2370 1141 2441 primi
1155 2371 1251 2424 Patres
1279 2368 1375 2434 nostri,
1399 2376 1508 2424 servata
1536 2376 1631 2425 manen
1655 2384 1759 2441 semper

107 2456 279 2510 observatum
295 2469 356 2509 esse
377 2452 434 2507 suis
461 2452 530 2508 locis
551 2451 730 2523 probabitur,
747 2453 840 2523 sieque
854 2467 905 2508 nee
954 2458 1087 2531 singulari
1102 2457 1255 2515 reverentia
1268 2472 1317 2529 pro
1327 2456 1456 2528 episcopo
1466 2457 1637 2513 dioecesano.
1654 2458 1698 2514 Ab
1710 2457 1758 2513 boc

107 2551 227 2600 amente
237 2558 288 2598 nec
302 2558 318 2597 a
333 2541 423 2596 littera
437 2541 465 2595 in
479 2542 531 2596 hoc
546 2555 608 2611 otp-
631 2542 665 2595 35
680 2556 730 2611 per
744 2541 776 2595 R·
794 2541 823 2594 P·
838 2540 906 2595 Gui·
954 2562 1020 2619 ergo
1031 2545 1127 2618 spiritu
1141 2560 1284 2618 nunquam
1299 2545 1430 2600 aberrare
1440 2545 1593 2612 debemus;
1608 2548 1661 2602 cui
1672 2546 1756 2603 bono-

108 2648 209 2706 gouem
223 2645 364 2701 expressa,
386 2628 534 2701 capitulum
549 2627 679 2700 generale
694 2627 808 2698 ordinis,
824 2637 905 2700 atque
954 2652 1025 2701 rem,
1042 2635 1176 2691 bonorem
1191 2632 1447 2704 superabundanter
1461 2633 1551 2704 potius
1576 2650 1662 2705 quam
1676 2648 1757 2705 parce

107 2721 170 2776 ideo
183 2718 286 2775 ordinis
300 2733 400 2797 eorpus
415 2718 569 2783 aberrasse,
599 2716 698 2788 cuique
727 2717 841 2772 cordato
857 2732 906 2787 pa·
955 2721 1104 2789 reddendo,
1116 2729 1146 2775 ut
1160 2721 1187 2775 in
1203 2722 1255 2777 hoc
1270 2727 1437 2794 cognoscant
1451 2736 1558 2787 ornnes,
1582 2721 1660 2794 quod
1673 2721 1754 2777 simus

107 2807 184 2864 cilice
199 2815 225 2862 et
251 2806 278 2860 in
304 2805 401 2876 spiritu
424 2805 562 2861 charitatis
587 2819 632 2858 res
660 2820 777 2876 pensare
804 2804 905 2861 volenti
954 2811 1105 2882 primorum
1137 2809 1376 2864 carthusianorum
1403 2808 1539 2881 discipuli,
1571 2809 1752 2866 humilitatem

107 2895 280 2969 perspicuum
310 2894 374 2950 erit.
954 2898 1048 2964 animi,
1074 2898 1269 2953 humanitatem
1297 2896 1528 2966 conversationis,
1545 2897 1755 2968 hospitalitatem

142 2986 208 3041 Cae.
224 2984 355 3039 xxxvl.
373 3013 409 3023 —
422 2982 503 3038 Num.
522 2985 548 3038 l.
564 2985 618 3038 Pro
633 2983 770 3055 episcopis
785 2987 812 3038 et
823 2982 942 3083 ribbo-B
955 3003 987 3043 ac
1002 2987 1138 3042 sinceram
1148 2985 1321 3041 dilectionem
1337 2985 1364 3039 in
1379 2985 1505 3041 omnibus
1520 2985 1689 3043 exhibendo.

109 3074 184 3130 tibus
201 3073 322 3138 cunctis,
339 3079 391 3128 ete.
414 3073 474 3126 iarn
489 3086 551 3142 cap.
582 3074 615 3125 la
641 3069 730 3126 fuerat
744 3087 904 3142 expressum
989 3075 1058 3130 lbid.
1075 3073 1291 3131 benedictiones
1306 3074 1757 3145 aotemjnxcamorensacertos

107 3160 222 3233 qualiter
235 3168 262 3215 et
276 3176 357 3231 quarn
374 3159 492 3230 benigne
515 3159 638 3230 hospites
665 3167 757 3214 essent
771 3174 788 3214 a
801 3175 905 3230 procu·
956 3162 1189 3220 hebdomadarius
1211 3162 1323 3217 tribuit.
1343 3161 1393 3217 ilic
1418 3161 1495 3218 loeus
1523 3161 1671 3218 coblirmat
1686 3162 1757 3235 quod

104 3257 197 3305 ratore
213 3247 387 3319 suscipiendi.
399 3247 479 3304 Nune
493 3262 557 3303 vero
572 3246 604 3303 R.
622 3248 651 3303 P.
676 3246 767 3320 Guigo
782 3246 905 3303 declarat
952 3253 1007 3323 jam
1022 3251 1139 3306 diximus
1153 3250 1188 3305 de
1203 3249 1337 3321 frequenti
1359 3249 1433 3321 apud
1447 3266 1498 3306 nos
1524 3250 1677 3307 missarum
1691 3266 1758 3309 eon-

106 3336 242 3410 quomodo
258 3352 274 3389 a
299 3336 388 3405 priore
403 3333 504 3407 suscipi
527 3335 654 3401 debeant,
672 3335 718 3406 qut
732 3336 812 3390 tetiam
836 3334 904 3389 hos·
954 3339 1120 3398 vestualium
1136 3338 1342 3405 celebratione,
1359 3353 1420 3394 eum
1439 3355 1570 3410 expressa
1585 3337 1634 3394 fiai
1658 3340 1758 3397 mensio

104 3424 241 3498 pitalitatis
268 3424 357 3498 gratia
376 3423 508 3493 jejunium
547 3424 652 3478 ordinis
681 3422 792 3496 trangit,
820 3431 845 3478 et
869 3423 904 3478 ad
955 3426 1330 3485 sacerdotisbebdomadarii.
1342 3426 1420 3481 Unde
1429 3427 1525 3481 raritas
1535 3427 1583 3482 illa
1597 3427 1757 3496 missarum,

104 3530 227 3571 mensam
250 3529 305 3569 non
325 3521 429 3568 mutum
457 3512 601 3584 episcopos
625 3519 651 3568 et
665 3511 788 3577 abbates,
813 3512 862 3568 sed
877 3519 904 3567 et
958 3518 993 3573 de
1009 3531 1064 3588 qua
1078 3515 1199 3587 loquitur
1223 3515 1256 3570 ll.
1272 3515 1303 3568 P.
1335 3512 1425 3587 Guigo
1439 3514 1468 3569 in
1491 3513 1659 3587 quibusdam
1681 3515 1759 3585 locis,

103 3603 256 3661 cunctosin
271 3602 401 3676 religioso
416 3601 508 3656 habitu
531 3600 693 3657 constitutos
717 3600 839 3672 recipere
855 3600 903 3656 de·
955 3605 1039 3679 louge
1064 3604 1144 3660 aliter
1157 3603 1336 3676 intelligenda
1351 3610 1393 3657 est
1406 3618 1489 3674 quarn
1504 3603 1617 3676 quidam
1641 3619 1759 3663 censae·

103 3682 158 3749 bet.
175 3690 257 3760 Quod
277 3707 348 3746 nunc
367 3689 543 3760 temperatius
572 3696 722 3755 exercetur,
738 3704 774 3744 ne
798 3705 831 3744 ex
855 3704 903 3744 ne·
954 3700 1026 3750 runt.

104 3780 229 3837 cessitate
243 3780 323 3835 toties
338 3777 504 3848 suscipiendi
518 3777 649 3848 hospites,
674 3778 733 3848 ipse
744 3777 820 3847 prior
834 3775 904 3832 asui
988 3781 1070 3836 Nurn.
1087 3783 1113 3834 3.
1129 3779 1210 3846 Quos,
1222 3777 1251 3834 tt
1265 3783 1308 3836 cst
1323 3779 1474 3852 episcopos,
1488 3787 1540 3836 etc.
1557 3779 1701 3838 Habemus
1715 3780 1758 3839 hit

104 3868 186 3925 officii
208 3867 307 3921 muniis
323 3866 486 3921 retrahatur.
507 3865 586 3922 Unde
599 3866 627 3919 in
640 3864 780 3919 modernis
795 3865 903 3920 statutis
953 3869 1069 3942 qualiter
1093 3866 1250 3922 humilitatis
1279 3867 1485 3940 spiritumque
1514 3867 1587 3923 intus
1614 3868 1758 3925 abundare

104 3955 132 4011 id
146 3954 277 4011 limitatur
291 3953 325 4008 ad
341 3952 473 4024 hospites,
490 3952 589 4023 quibus
604 3952 631 4007 id
648 3953 792 4009 commode
807 3954 902 4025 negari
953 3957 1095 4020 debemus,
1112 3955 1328 4010 otiamexterius
1343 3955 1476 4012 inactum
1493 3956 1627 4013 reducere
1656 3956 1757 4014 debea-

103 4060 158 4101 non
172 4050 271 4115 potest,
287 4042 430 4112 etinsuper
440 4041 549 4096 additur·
561 4059 568 4095 ε
582 4040 692 4110 Quanto
704 4042 808 4107 rarius,
822 4046 903 4098 tanto
954 4061 1033 4111 mus;
1049 4059 1101 4101 nee
1115 4058 1237 4117 unquam
1252 4043 1325 4114 apud
1339 4059 1390 4100 nos
1401 4042 1545 4100 admittere
1561 4044 1697 4117 quidquid
1706 4060 1757 4102 sas·

103 4134 216 4190 meiius.
231 4130 367 4200 Quantum
382 4129 452 4185 enirn
468 4130 599 4200 temporis
621 4129 766 4184 insumitur
779 4129 807 4184 in
824 4129 903 4185 simi·
954 4133 1055 4191 cularis
1068 4133 1156 4188 fastus
1171 4139 1216 4186 aut
1231 4131 1370 4202 supercilii
1385 4140 1495 4189 tenuem
1518 4133 1600 4189 habet
1617 4133 1756 4190 umbram.

102 4221 185 4292 libus,
206 4220 279 4293 quod
306 4219 371 4275 alibi
393 4219 559 4275 fructuosius
587 4218 818 4290 impenderetur?
832 4218 903 4288 Quot
952 4222 1161 4295 Supplicontes,
1180 4219 1207 4274 id
1224 4219 1359 4292 significat
1387 4220 1460 4292 apud
1473 4236 1524 4277 nos
1548 4220 1754 4278 inchoationem

103 4309 240 4382 superflua
265 4309 351 4365 verba
367 4306 566 4380 proferuntur?
585 4308 639 4364 lies
662 4307 722 4379 ipsa
736 4307 863 4379 loquitur.
953 4309 1089 4381 corporis,
1106 4324 1161 4380 qua
1177 4307 1355 4364 salutationes
1369 4308 1492 4377 facimus,
1504 4307 1560 4364 imo
1570 4324 1604 4365 ea
1617 4308 1756 4365 utimurin

135 4397 203 4453 lbid.
221 4398 281 4454 Non
296 4397 373 4452 enirn
387 4399 527 4469 pyrooapi,
538 4404 601 4464 eto,
614 4398 657 4453 oct
666 4412 793 4468 personae
805 4397 894 4463 tahon
917 4377 940 4439 0
956 4397 1072 4455 ecclesia
1085 4397 1145 4453 loco
1155 4395 1364 4469 genuflexionis.
1376 4397 1555 4466 ostentamen
1566 4396 1631 4454 inde
1642 4397 1755 4454 evidens

103 4493 167 4557 ete,
192 4488 410 4553 consueuerant,
427 4492 478 4541 eto.
494 4484 556 4540 Non
570 4484 693 4540 absolute
713 4484 811 4539 dieitur
826 4483 897 4556 quod
956 4495 997 4543 est
1025 4486 1098 4557 quod
1122 4484 1209 4540 forma
1235 4484 1369 4540 salutandi
1384 4484 1410 4539 in
1439 4484 1534 4542 osculo
1552 4494 1661 4553 sancto,
1677 4491 1756 4558 prout

103 4574 165 4631 laici
178 4573 212 4628 ad
227 4574 285 4642 ejus
299 4588 422 4628 mensam
437 4588 552 4642 prorsus
572 4587 628 4626 non
643 4572 832 4642 suscipiantur,
850 4571 899 4628 sed
955 4574 1019 4630 dicit
1031 4572 1187 4645 Apostolus,
1204 4573 1277 4644 apud
1291 4589 1341 4629 nos
1357 4589 1467 4645 semper
1481 4573 1560 4629 luerit
1576 4573 1603 4629 in
1618 4591 1691 4641 usu;
1707 4572 1755 4630 sed

103 4672 208 4721 tanturn
222 4662 320 4718 dicitur
334 4660 408 4732 quod
422 4674 477 4715 non
492 4660 526 4714 sit
540 4667 700 4715 consuetum
717 4661 813 4715 eosibi
828 4660 899 4717 reci·
954 4664 1007 4719 hac
1020 4661 1107 4718 lorma
1136 4660 1272 4717 salutandi
1299 4663 1429 4718 utendum
1452 4670 1556 4718 mutum
1579 4669 1633 4731 est,
1663 4662 1755 4718 habits

102 4768 178 4826 pere,
195 4751 264 4808 sicut
288 4748 456 4821 recipiuntur
474 4748 520 4802 alii
534 4749 581 4820 qui
595 4748 622 4802 in
649 4748 779 4821 religioso
807 4749 900 4804 habitu
955 4751 1059 4808 ratione
1069 4765 1250 4822 personarum
1264 4759 1291 4807 et
1306 4751 1446 4820 decentiae,
1462 4758 1616 4824 temporum
1624 4760 1652 4808 et
1662 4750 1754 4825 reqio-

103 4849 165 4898 sunt
174 4837 374 4912 constituti,qui
383 4837 473 4893 cuncti
483 4837 676 4908 suscipiuntur,
688 4834 897 4904 laicivero'non,
955 4857 1033 4896 num.

102 4931 155 4987 nisi
169 4930 241 4987 illius
254 4926 393 5002 qualitatis
409 4926 463 4981 sint
478 4926 520 4982 cui
532 4925 559 4981 id
575 4926 670 4999 negari
685 4943 740 4981 non
759 4928 856 4998 possit,
874 4935 900 4982 et
985 4930 1066 4986 Num.
1082 4933 1109 4986 t.
1124 4932 1157 4986 ln
1171 4930 1314 5003 superiori
1326 4934 1424 4985 cute-tn
1451 4929 1530 4986 domo
1544 4927 1665 5009 nonani
1677 4927 1750 4984 reii-

101 5017 129 5073 in
143 5019 194 5075 boc
208 5017 335 5074 convenit
351 5031 447 5072 sensus
462 5015 495 5070 ll.
511 5015 543 5070 P.
561 5014 696 5088 Gaigonis
720 5031 779 5071 eum
795 5015 901 5071 moder·
950 5020 1030 5087 piosi,
1048 5027 1099 5075 eto.
1129 5019 1169 5073 lbi
1198 5033 1263 5090 ergo
1293 5024 1397 5071 tanturn
1423 5016 1630 5089 pernoctabant,
1648 5015 1694 5088 qui
1715 5014 1750 5071 ad

102 5106 145 5162 nis
172 5106 276 5160 statutis
299 5105 345 5160 ubi
369 5104 477 5171 dicitur,
506 5120 567 5175 cop.
586 5107 612 5163 3.
642 5120 661 5158 ιι
684 5112 766 5175 part,
792 5120 819 5158 n.
836 5108 866 5159 3l
891 5121 898 5158 :
949 5107 1210 5178 mensamapriore
1237 5104 1374 5160 debebant
1389 5106 1500 5176 suscipi,
1516 5104 1543 5159 in
1570 5104 1684 5161 chorum
1708 5101 1760 5158 in·'

103 5195 186 5252 Prior
203 5194 325 5249 indomo
349 5209 400 5249 suo
422 5209 487 5250 curn
512 5192 667 5264 hospitibus
686 5192 900 5249 advenientibus
950 5194 1038 5267 gredi,
1063 5203 1090 5249 et
1112 5195 1147 5249 ad
1176 5193 1342 5265 colloquium
1370 5193 1476 5249 admitti
1498 5209 1561 5250 cum
1586 5192 1750 5256 monacbis;

101 5282 361 5355 nondcbctpossim
371 5281 764 5352 etindiffcrcntcrcorncdera
774 5280 897 5338 settcn·
947 5297 1010 5337 nam
1022 5283 1101 5338 simul
1115 5283 1168 5339 ista
1182 5282 1311 5355 conjungi
1326 5282 1448 5338 videmus
1462 5298 1495 5338 ex
1515 5282 1567 5338 boc
1587 5281 1649 5338 loco
1672 5286 1698 5338 et
1718 5295 1752 5337 ex

103 5377 166 5429 tum
186 5388 250 5429 cunt
270 5370 394 5426 honestis
405 5371 533 5442 personis
556 5373 585 5426 et
609 5370 723 5437 tatibus,
736 5369 833 5443 quibus
846 5368 897 5426 boc
948 5371 1068 5442 capitulo
1082 5371 1198 5428 decimo.

101 5459 417 5533 commodcncporinon
430 5460 588 5530 poterit,·et
604 5459 772 5516 tuncetinm
791 5461 897 5530 quanto
984 5461 1067 5516 Porro
1082 5467 1167 5517 totum
1190 5462 1243 5518 boo
1271 5460 1417 5533 capitulum
1446 5458 1563 5516 retertur
1585 5456 1614 5513 in
1629 5455 1751 5531 antiquis

99 5548 205 5617 rodus,
219 5544 595 5618 toutometius.Temporam
605 5546 685 5604 etiam
694 5544 792 5603 raboni
806 5560 840 5603 ex
851 5544 899 5603 ali·
948 5547 1055 5604 statutis
1068 5556 1140 5620 part.
1157 5564 1187 5618 u,
1203 5564 1264 5622 cap.
1281 5552 1307 5618 9,
1323 5565 1371 5605 nn.
1387 5551 1432 5619 at,
1449 5551 1475 5617 3,
1491 5551 1509 5608 h
1524 5549 1606 5605 etit.
