3742 5986
62 116 114 170 369

366 113 557 172 expostulo
573 115 611 172 IN
623 112 814 172 EPISTDLAS
842 113 955 172 PAULI.
971 144 1006 157 -
1019 113 1058 171 IN
1072 112 1181 171 EPIST.
1197 115 1245 171 AD
1264 112 1408 170 Phialen.

1659 109 1711 164 3Ἷο

66 235 222 293 carnalibus
235 235 319 304 idem,
335 237 384 293 sed
397 237 463 293 illud
477 238 549 294 idem
564 237 599 294 ad
615 239 689 310 quod
703 237 861 310 intelligen—
877 240 927 299 A«
946 238 1089 309 deprecor,
1106 237 1224 309 idipsum
1239 253 1336 309 sapere
1349 235 1377 291 in
1393 220 1525 292 Domino,
1532 232 1621 289 Etiam
1642 244 1713 302 rogo

63 323 132 379 dum
147 322 200 380 fide
208 327 400 398 pervenimus,
413 329 441 382 et
453 333 560 396 oportet
568 332 596 380 ut
603 341 823 400 permaneamus
832 325 863 382 in

64 413 165 469 eadem
180 414 288 484 rapula,
304 413 331 468 id
347 413 431 469 estin
447 414 544 469 eadem
566 414 728 470 rectitudine
744 413 861 468 vivendi.

65 501 102 556 Ut
116 507 209 557 sutem
223 501 251 555 in
266 501 363 557 eodem
377 502 571 572 permaneatis,
588 518 604 556 o
620 517 679 567 vos,
693 505 811 573 fratres,
821 517 862 557 es·

67 592 128 644 iaie
136 591 194 645 mei
202 591 371 654 imitatores,
383 589 455 660 quia,
472 589 496 644 si
505 590 642 661 opponitis
652 605 706 656 me,
718 605 799 661 quem
809 604 864 644 non

64 675 168 732 videtis
181 692 236 732 non
245 692 328 748 posse
335 676 446 741 imitari,
462 677 497 732 ad
507 678 559 733 boc
570 677 723 748 respondeo
740 692 747 732 :
765 676 864 733 Obser-

63 767 142 829 aaie,
159 763 188 819 id
200 763 392 837 estdiligenter
401 764 583 833 considerate,
596 782 642 821 eas
656 766 704 837 qui
713 766 754 820 ita
766 781 863 821 secun·

64 851 133 906 dum
144 849 225 907 fidem
236 853 396 918 ambulant,
412 854 487 910 sicut
499 853 587 909 adbuc
597 853 716 916 habetis,
726 853 819 917 credo,
836 852 863 906 in

63 936 202 992 memoria
228 940 351 1008 sormam
366 939 474 1003 nostri,
504 936 732 1008 quemadmodum
746 935 864 991 doceba-

64 1039 129 1079 mus
140 1031 167 1080 ct
180 1024 338 1079 vivebamus
349 1024 413 1079 dum
421 1025 492 1095 apud
503 1040 551 1080 vos
562 1041 695 1080 essemus.
708 1024 862 1079 sicutenim

65 1110 168 1168 faciem
184 1111 302 1167 hominis
318 1111 380 1167 olim
395 1112 447 1168 visi
471 1112 532 1183 quis
554 1112 699 1183 recolligit,
720 1111 759 1167 sic
774 1118 800 1167 et
815 1126 864 1167 vos

62 1197 182 1254 formam
199 1207 300 1255 nostrae
314 1199 446 1256 doetrinae
461 1207 488 1255 et
502 1215 619 1255 morum.
644 1201 709 1255 Ideo
724 1199 801 1264 dico,
819 1198 865 1270 qui

63 1286 101 1341 ita
128 1287 279 1343 secundum
311 1288 426 1342 formam
456 1295 577 1343 nostram
604 1287 761 1353 ambulant;
779 1287 865 1343 malti

64 1375 146 1431 caim
159 1377 309 1432 amiciunt
324 1375 352 1429 in
366 1391 469 1448 genere
493 1376 567 1442 mali,
583 1393 649 1449 qaas
668 1375 768 1430 multos
791 1390 864 1446 soepc

64 1478 129 1519 cum
154 1463 226 1534 apud
241 1479 290 1518 vos
305 1478 391 1533 eram,
408 1463 533 1520 dicebam
562 1465 634 1520 vohis
656 1480 718 1519 esse
733 1464 864 1519 inimicos

917 347 928 376 v
945 335 971 381 et
985 334 1023 392 te,
1039 327 1175 382 Germane
1190 340 1311 396 compar,
1329 324 1428 393 adjuva
1455 322 1514 378 illas
1530 337 1591 393 quae
1604 334 1711 374 mecum

915 436 926 461 a
945 413 1136 470 laboraverunt
1149 415 1176 468 in
1191 413 1340 485 Evangelio
1356 429 1417 468 cum
1429 411 1578 475 Clemente,
1592 416 1618 464 et
1627 415 1711 463 caete·

915 525 925 549 a
945 502 982 556 ris
996 502 1166 571 adjutoribus
1180 502 1259 567 meis,
1276 517 1390 573 quorum
1402 499 1512 554 nomina
1521 506 1585 553 sunt
1599 497 1627 551 in
1642 495 1713 549 libro

916 612 927 641 ι
945 591 1020 646 vitae.
1037 589 1161 646 Gaudete
1176 590 1204 644 in
1219 590 1335 645 Domino
1363 604 1483 660 semper,
1500 587 1597 642 iterum
1626 584 1688 639 dico
1705 599 1712 636 :

916 698 927 729 ι
947 679 1079 734 Gaudete.
1097 678 1331 734 blodestiavestra
1342 685 1407 732 nota
1431 677 1464 732 sit
1481 675 1608 731 omnibus
1620 671 1713 728 homi·

917 766 1035 821 «nibus.
1066 767 1197 822 Dominus
1222 766 1293 821 enim
1323 781 1407 836 prope
1423 773 1474 821 est.
1502 763 1576 819 Nihil
1605 760 1714 817 solliciti

916 875 927 906 ι
945 854 1012 923 sitis,
1026 855 1074 910 sed
1088 855 1116 909 in
1130 855 1205 910 omni
1229 854 1351 910 oratione
1379 863 1406 909 et
1430 851 1632 915 obsecratione,
1649 863 1711 904 cum

916 943 1092 1016 «gratiarum
1121 943 1227 999 actione
1252 941 1397 1014 petitiones
1417 949 1515 996 vestrm
1543 940 1711 993 innotescant

916 1032 1018 1102 «apud
1029 1033 1126 1086 Deum.
1141 1031 1176 1085 Et
1194 1045 1247 1101 pax
1262 1030 1325 1095 Dei,
1351 1044 1411 1101 quae
1433 1035 1579 1098 exsuperat
1602 1039 1711 1080 omnem

917 1134 1067 1186 «sensum,
1095 1117 1326 1174 custodiatcorda
1355 1124 1442 1171 vestra
1465 1124 1490 1170 et
1519 1111 1713 1186 intelligentias

916 1229 927 1258 ι
945 1207 1093 1263 vestraein
1109 1207 1215 1262 Christo
1232 1208 1308 1261 Jesu.
1325 1206 1365 1260 De
1380 1213 1489 1269 caetero,
1507 1202 1616 1270 iratres,
1634 1216 1712 1272 quea-

916 1316 927 1347 «
945 1311 1052 1366 cunque
1067 1303 1130 1350 sunt
1144 1311 1219 1361 vera,
1236 1309 1405 1366 quecunque
1419 1292 1530 1362 pudica,
1542 1304 1712 1362 quecunque

917 1406 928 1434 ι
941 1384 1026 1454 justa,
1043 1398 1214 1454 quaecunque
1245 1391 1349 1448 sancta,
1379 1396 1548 1452 quecunque
1571 1376 1710 1441 amabilia,

917 1494 928 1522 ι
945 1486 1115 1544 quaecauque
1131 1471 1209 1526 bonai
1224 1469 1312 1537 iamae,
1329 1469 1352 1523 si
1367 1485 1420 1540 qua
1434 1468 1530 1532 virtus,
1547 1466 1570 1521 si
1587 1464 1714 1537 qualaus

63 1553 149 1608 ms
162 1551 280 1618 camis,
295 1551 360 1606 dum
376 1551 448 1606 enim
463 1550 572 1607 aliunde
589 1568 671 1624 quam
686 1567 736 1622 per
759 1549 928 1645 crucifi-B«
947 1558 1107 1629 disciplina,
1116 1559 1175 1613 aas
1184 1557 1309 1629 cognate.
1322 1555 1390 1625 Quae
1399 1565 1424 1611 er
1433 1554 1577 1622 didicistis,
1595 1561 1713 1609 aracoe-

10 1639 16 1658 ’
63 1655 129 1694 ¹⁰¹⁰
143 1639 280 1695 Ch'ss‘um
296 1638 708 1709 dicufllh⁰ffliflemlu⁵lifi⁰³rii
725 1655 773 1711 ΡΓΟ
789 1645 863 1694 cello
918 1647 1033 1717 «pistis,
1049 1654 1076 1701 et
1090 1645 1215 1710 audistis,
1231 1653 1257 1699 et
1271 1643 1377 1698 vidistis
1393 1644 1419 1697 in
1442 1659 1498 1708 me,
1514 1643 1573 1696 baec
1595 1640 1713 1712 cogitate

62 1726 330 1783 inimiffin‘lffssmci
345 1727 456 1783 Christi·
485 1728 561 1783 Τῑῑῦθ
576 1728 599 1782 Si
622 1728 746 1784 dicebam
775 1726 864 1792 V0bi⁸2
918 1742 973 1790 ·et
988 1734 1070 1805 agite,
1088 1741 1114 1789 et
1128 1734 1200 1788 Deus
1215 1732 1291 1803 pacis
1302 1732 1352 1786 erit
1363 1730 1513 1787 vobiscum.
1527 1728 1643 1783 Gavisus
1652 1742 1712 1780 sum

62 1815 420 1872 ”mwaust’midemdiffl
444 1815 677 1885 d0¹0sssssllltm⁸s
695 1814 864 1870 elfledam·
917 1830 1038 1878 «autem
1058 1822 1084 1876 in
1100 1821 1216 1876 Domino
1245 1821 1429 1885 vehementer,
1458 1817 1586 1890 quoniam
1602 1815 1712 1871 tandem

63 1903 177 1958 ”⁸⁶⁰¹st
191 1919 294 1970 00ffl¹¹¹2
311 1911 337 1959 02
351 1903 386 1958 de
409 1904 568 1960 seductione
592 1904 686 1959 veslri·
918 1934 929 1958 a
948 1909 1096 1982 aliquando
1111 1908 1273 1964 refloruistis
1286 1923 1337 1978 pro
1349 1905 1511 1971 mesenam,
1524 1905 1593 1960 sicut
1611 1911 1712 1958 etsen-

100 1991 139 2048 Ul
151 1990 187 2046 lb
201 1992 358 2061 hul'lssfflfflfi
372 2007 509 2047 ⁰⁰¹¹⁵0¹1511
523 1992 712 2063 Philippenses
731 1990 862 2056 reltflhal.
918 2021 929 2046 a
946 1998 1064 2053 tiebatis.
1082 1996 1215 2067 Occupati
1225 2004 1315 2051 alitem
1331 1994 1424 2050 eratis.
1443 1994 1504 2049 Noa
1516 1992 1593 2064 quasi
1603 1998 1713 2062 propter

62 2079 203 2152 iml'mbll‘
219 2079 270 2134 iffis
289 2079 414 2150 P⁵0Ud⁰3
430 2088 536 2150 partem
552 2095 615 2135 lew
630 2096 705 2134 suam
721 2079 862 2150 flDPPObflh
918 2107 929 2136 ι
947 2087 1091 2158 penuriam
1101 2086 1173 2141 dico.
1184 2085 1245 2155 Ego
1256 2084 1328 2140 enim
1338 2082 1421 2139 didici
1431 2082 1458 2136 in
1470 2077 1711 2153 quibussuhiciens

61 2167 161 2224 dicens
180 2183 187 2222 z
203 2169 282 2223 Finis
297 2185 415 2242 qaorum
426 2168 597 2225 inimicorum
608 2169 708 2224 Christi
719 2176 759 2223 cst
774 2170 864 2224 inier-
917 2196 928 2223 a
946 2191 1017 2229 sum.
1030 2174 1093 2230 Scio
1105 2172 1282 2239 abominari,
1304 2171 1360 2228 scio
1370 2179 1396 2226 et
1413 2166 1714 2238 abundare,11hiqueet

61 2238 135 2323 itas]
146 2256 334 2311 idestaeterna
345 2257 490 2321 damnatio,
504 2265 530 2312 et
540 2258 612 2313 Deus
623 2273 742 2326 qaorum
751 2261 793 2311 est
802 2271 867 2311 ven·
917 2287 928 2311 a
947 2263 975 2316 in
989 2262 1116 2317 omnibus
1130 2261 1269 2315 institutus
1284 2276 1355 2325 sum,
1370 2267 1397 2313 et
1408 2257 1507 2323 satiari,
1523 2264 1549 2311 ct
1560 2254 1672 2321 esurire,
1685 2260 1712 2309 et

64 2348 121 2410 ier,
138 2343 504 2415 idquodconiinelzfifi
514 2361 565 2416 pro
574 2360 607 2399 eo
616 2344 689 2415 quod
700 2344 862 2411 dominetur,
917 2350 1094 2414 “abundum
1111 2359 1137 2404 et
1148 2349 1290 2419 penuriam
1313 2348 1377 2418 pati,
1397 2345 1494 2401 Omnia
1504 2359 1616 2415 possum
1638 2341 1713 2396 ineo

65 2431 94 2487 id
109 2438 154 2487 est
169 2447 242 2488 esca.
255 2433 342 2488 Deum
356 2433 429 2488 enim
439 2449 489 2504 per
502 2448 592 2488 escam
608 2448 638 2487 se
652 2430 790 2502 purificari
800 2446 864 2486 cre·
918 2461 928 2487 a
948 2438 995 2509 qui
1011 2454 1054 2493 me
1068 2436 1202 2493 confortat
1218 2433 1410 2508 [consortavitl.
1436 2434 1625 2489 Verumtamen
1642 2429 1713 2484 bene

63 2520 152 2586 (lunii
168 2520 360 2591 quochiest,
373 2521 610 2577 estaeflllribtluffl·
623 2519 731 2576 Velit&
742 2521 865 2588 Quorum
917 2550 927 2574 α
945 2525 1058 2595 lecistis,
1087 2524 1320 2581 communicantes
1346 2520 1514 2577 tribulationi
1527 2534 1605 2574 meae.
1630 2517 1710 2572 Scitis

67 2609 144 2665 Deus
159 2612 258 2664 uenter
268 2612 391 2674 esi,·non
399 2608 472 2663 enim
482 2608 574 2663 amore
585 2608 634 2663 Dei
645 2607 803 2678 praedicant,
816 2607 865 2662 sed
917 2619 1045 2676 «autem,
1067 2617 1094 2665 et
1121 2625 1169 2665 vos
1203 2608 1402 2679 Philippenses,
1429 2605 1503 2677 quod
1528 2604 1554 2658 iu
1574 2601 1710 2673 principio

66 2703 97 2751 ut
111 2703 236 2751 ventrem
245 2695 382 2767 impleant,
395 2698 524 2767 etqloric
546 2698 670 2768 ipsorum
690 2695 736 2768 qai
755 2703 864 2751 terrena
916 2698 1097 2770 «Evangelii,
1129 2697 1238 2769 quando
1261 2695 1399 2765 proiectus
1428 2708 1518 2748 suma
1542 2689 1711 2756 thiemonis,

63 2783 186 2855 sapiunt.
196 2783 224 2838 id
240 2792 280 2840 cst
301 2784 347 2855 qui
361 2783 482 2840 carnalis
498 2792 636 2840 sectantur
651 2791 679 2839 et
692 2784 806 2850 docent,
823 2790 864 2838 est
916 2786 1019 2841 «nulls
1052 2784 1117 2839 mihi
1154 2783 1277 2840 Ecclesia
1314 2779 1524 2838 communicavit
1542 2778 1569 2832 in
1607 2777 1712 2833 ratione

62 2873 292 2943 inconfusione.
313 2871 445 2928 Dicuntur
459 2887 530 2927 emm
550 2872 674 2927 truncati.
694 2873 864 2927 Erubescere
917 2896 928 2924 ι
947 2874 1003 2929 dati
1018 2881 1045 2928 et
1059 2871 1172 2942 accepti,
1189 2871 1241 2926 nisi
1256 2885 1306 2925 vos
1330 2868 1391 2936 soli,
1408 2868 1470 2940 quia
1484 2875 1510 2922 et
1534 2864 1710 2920 Thessaloni-

65 2959 150 3015 etiam
164 2966 289 3031 possunt,
305 2959 369 3014 dum
384 2959 422 3014 illi
438 2959 585 3016 rationales
598 2961 722 3027 credunt,
738 2976 768 3015 se
780 2960 863 3029 justi·
878 2929 928 3010 ⁰·
947 2978 1006 3018 cam
1022 2960 1107 3016 semel
1136 2968 1161 3014 et
1180 2958 1223 3013 bis
1246 2958 1273 3012 in
1302 2974 1381 3012 usum
1408 2956 1474 3010 mihi
1510 2954 1622 3009 nisistis.
1651 2953 1714 3008 Non

63 3046 140 3103 liceri
173 3062 225 3117 per
246 3047 457 3103 immolationem
491 3047 655 3103 irrationalis
683 3048 761 3103 hirci.
792 3047 865 3101 Finis
917 3074 928 3098 a
946 3050 1009 3122 quia
1025 3064 1117 3120 quaero
1133 3045 1296 3113 detum,sed
1311 3044 1421 3116 requiro
1439 3044 1554 3100 fructum
1569 3041 1714 3097 abundau-

64 3150 160 3191 corum
176 3142 218 3190 est
232 3133 365 3205 interitus,
383 3136 431 3191 sed
441 3140 550 3204 nostra,
567 3152 621 3191 non
631 3136 717 3192 solum
728 3136 863 3201 voluntas,

64 3225 115 3279 sed
130 3223 213 3280 etiam
228 3227 403 3281 conversatio
414 3224 460 3296 qui
477 3240 584 3281 crucem
599 3224 699 3279 Christi
713 3223 863 3296 diligimus,

64 3312 152 3369 estin
173 3312 251 3368 coeiis
261 3332 272 3380 ;
286 3312 405 3368 terrenis
429 3313 502 3368 enim
517 3312 683 3384 postpositis,
707 3311 866 3366 anhelamus

63 3399 99 3456 ad
115 3399 250 3456 caelestia.
269 3401 353 3467 Unde,
369 3401 396 3456 id
425 3409 465 3455 est
493 3402 566 3472 quia,
585 3399 758 3456 conversatio
773 3407 866 3454 nostra

66 3488 145 3544 estin
156 3488 244 3556 coelis,
255 3489 307 3545 hac
316 3488 414 3545 fiducia
428 3488 518 3545 securi
533 3493 734 3561 exspectamus
747 3488 782 3543 ad
790 3487 866 3557 judi-

64 3577 139 3633 cium
154 3577 325 3633 saluatorem
346 3579 498 3633 Dominum
518 3582 648 3632 nostram
662 3578 757 3633 iesum
774 3575 867 3631 Chris-

65 3670 139 3733 mm,
154 3666 204 3738 qai
216 3681 316 3736 carpas
331 3665 514 3731 humilitatis,
526 3665 554 3718 id
569 3672 610 3719 est
625 3664 784 3733 abiectioris
800 3679 867 3718 nos·

66 3757 121 3810 iroe
136 3756 201 3823 (nos
215 3752 288 3808 enim
298 3768 348 3823 per
361 3760 504 3823 peccatum
519 3752 701 3823 nosmetipsos
717 3751 867 3820 abjecimus

65 3856 81 3895 a
95 3840 184 3915 gloria
195 3839 223 3894 in
231 3855 285 3911 qua
294 3840 395 3896 conditi
406 3842 528 3911 eramus)
541 3858 548 3895 :
561 3856 672 3911 corpus,
683 3840 804 3911 inquam,
815 3840 868 3895 hoc

918 3147 999 3192 rtem
1027 3137 1055 3191 in
1080 3136 1185 3192 ratione
1199 3143 1302 3191 vestra.
1328 3132 1423 3188 liabeo
1452 3140 1541 3187 autem
1556 3130 1662 3195 omnia,
1689 3136 1715 3183 et

918 3224 1065 3281 «abundo.
1090 3223 1219 3295 Repletas
1240 3237 1300 3276 sum
1325 3220 1446 3290 acceptis
1462 3220 1498 3274 ab
1525 3218 1713 3289 Epaphrodito

918 3336 929 3365 ι
947 3330 1008 3385 quae
1022 3312 1132 3367 misistis
1150 3311 1178 3365 iu
1194 3310 1305 3365 odorem
1331 3307 1472 3363 suavitatis
1501 3307 1618 3361 hostiam
1633 3320 1715 3360 accc-

918 3424 929 3453 «
947 3411 1030 3472 ptam,
1046 3401 1199 3471 placentem
1215 3398 1281 3453 Deo.
1307 3397 1381 3452 Deus
1404 3402 1494 3450 autem
1514 3409 1590 3448 meas
1605 3393 1715 3462 impleat

919 3511 930 3540 ι
948 3505 1028 3545 omne
1045 3487 1209 3543 desiderium
1225 3493 1347 3540 vestrum
1361 3482 1512 3539 secundum
1528 3480 1636 3535 divitias
1652 3495 1715 3533 suas

919 3577 973 3631 rin
989 3575 1076 3647 gloria
1099 3575 1126 3629 in
1157 3573 1265 3628 Christo
1287 3572 1361 3628 lesu.
1393 3572 1451 3626 Deo
1479 3577 1571 3625 autem
1598 3575 1626 3622 et
1645 3565 1716 3621 Patri

919 3689 930 3713 α
948 3673 1041 3719 nostro
1056 3662 1144 3734 gloria
1158 3662 1301 3717 insaecula
1316 3659 1490 3715 seculorum.
1506 3661 1603 3712 Amen.
1632 3655 1715 3711 Salu-

920 3760 1002 3807 vtate
1026 3767 1133 3808 omnem
1165 3758 1289 3805 sanctum
1314 3748 1342 3803 in
1364 3747 1472 3802 Christo
1499 3746 1575 3800 iesu.
1596 3743 1717 3798 Salutant

920 3861 932 3892 v
949 3856 998 3896 vos
1013 3839 1062 3925 qui
1075 3854 1183 3894 mecum
1199 3845 1262 3892 sunt
1286 3835 1394 3891 fratres.
1419 3834 1543 3889 salutent
1556 3847 1605 3888 ros
1620 3845 1716 3886 omnes

66 3929 243 4000 refarrnnhii,
261 3927 370 4000 quando
387 3928 460 3983 enim
475 3928 591 3998 primum
608 3927 745 3983 hominem
755 3926 866 3992 creavit,
920 3951 931 3976 a
950 3927 1046 3994 sancti,
1062 3927 1179 3982 maxime
1194 3932 1284 3981 autem
1301 3924 1346 3995 qui
1370 3923 1405 3978 de
1419 3922 1536 3978 Caesaris
1547 3920 1628 3975 domo
1642 3926 1713 3972 sunt.

65 4015 96 4071 in
104 4015 191 4071 multa
204 4031 267 4071 eum
277 4015 402 4072 claritate
411 4015 547 4071 formavit.
563 4016 593 4069 ln
604 4015 803 4070 resurrectione
817 4030 869 4068 au·
920 4016 1045 4072 «Gratia
1059 4014 1168 4070 Domini
1195 4013 1280 4068 nostri
1308 4013 1374 4067 lesu
1398 4009 1499 4065 Christi
1527 4024 1590 4065 cam
1616 4005 1715 4076 spiritu

67 4112 125 4160 tem
146 4103 244 4173 majori
266 4103 355 4160 adhuc
373 4103 497 4159 claritate
521 4103 680 4158 reformabit
702 4119 803 4175 corpus
820 4120 871 4160 aa·
920 4112 1049 4169 «vestro,
1066 4106 1162 4158 Amen.
1178 4125 1189 4149 n

67 4194 166 4248 strum
179 4191 390 4262 commoratum
400 4192 521 4263 corpori,
532 4190 560 4245 id
575 4199 616 4246 est
629 4190 657 4244 in
667 4190 763 4245 endem
778 4188 869 4262 ligura

67 4277 289 4350 positumlnqua
303 4295 380 4333 suum
395 4294 496 4349 corpus
519 4277 579 4344 erit,
600 4294 650 4333 nec
665 4277 773 4348 corpori
789 4293 867 4332 mor-
882 4277 909 4337 D
1200 4264 1358 4305 ⁸¹P⁰⁵¹T¹⁰·

69 4366 193 4433 illimis,
209 4366 283 4438 ‘1¹10d
296 4365 371 4437 i>rius
385 4366 487 4432 habuit,
517 4365 566 4420 Sed
587 4365 696 4436 corpori
724 4366 869 4421 clamasti
955 4375 1076 4432 269
1085 4374 1119 4430 Et
1129 4373 1193 4445 quia
1204 4373 1370 4443 reformabit
1388 4386 1438 4426 nos
1455 4369 1502 4441 qui
1521 4382 1717 4424 conversamur

67 4470 148 4522 iwt
167 4468 248 4526 qum
262 4453 413 4509 clamidem
432 4452 640 4508 imffl⁰r¹⁸¹i¹³²l⁸
661 4453 766 4524 θθθθΡῑῑ
780 4454 807 4507 in
822 4468 868 4508 le·
918 4467 951 4521 ia
962 4465 1048 4529 celis,
1058 4464 1165 4535 itaque,
1174 4464 1281 4532 fratres
1291 4460 1357 4526 mci,
1371 4458 1411 4515 sic
1421 4457 1563 4513 nobiscum
1574 4471 1719 4512 conversa·

69 4541 252 4609 runcatione,
269 4549 296 4596 et
310 4541 337 4595 in
351 4541 404 4598 bac
418 4542 512 4597 eadem
528 4541 651 4597 claritate
661 4540 870 4597 immortalitatis
918 4551 994 4606 mini,
1006 4547 1363 4613 Fratresdieocharissimi,
1375 4561 1426 4617 pro
1433 4546 1491 4615 jam
1501 4544 1571 4600 bene
1581 4543 1675 4613 gestis,
1689 4546 1717 4597 ei

72 4645 177 4702 θΘΓῙᾺῑ8
191 4637 314 4684 ⁰⁰⁵¹m¹¹¹
329 4629 496 4686 fflsfflfflssbil·
512 4631 546 4685 E‘
562 4630 614 4685 ¹¹⁰⁰
632 4630 781 4685 ”Olfflldum
799 4628 872 4700 qu⁰d
920 4637 1185 4702 desiderantissimi,
1197 4635 1275 4690 idest
1287 4635 1333 4706 qui
1348 4649 1392 4689 me
1408 4633 1521 4687 multum
1542 4629 1716 4686 desideratis.

68 4726 165 4775 ΜΝ
179 4716 318 4772 humilium
333 4718 392 4785 eius
406 4716 456 4772 full
475 4717 596 4774 clarim-
622 4716 690 4786 Quia
710 4725 799 4772 &ulem
818 4732 871 4787 ΡΟ·
921 4728 970 4783 Vel
981 4726 1222 4789 desideratissimi,
1233 4722 1261 4777 id
1272 4731 1313 4778 est
1324 4721 1470 4793 plurimum
1481 4736 1496 4774 a
1507 4735 1551 4774 me
1561 4716 1717 4773 desiderati.

67 4813 128 4861 lens
143 4804 180 4860 sit
194 4802 351 4870 reformare,
363 4805 456 4860 subdit
471 4805 565 4860 dicens
583 4819 589 4859 :
606 4803 771 4860 helormabit
784 4819 871 4876 agens
922 4813 1050 4869 v05d100
1064 4812 1198 4884 wadium
1208 4827 1303 4867 meum
1318 4810 1345 4864 jn
1360 4808 1507 4880 praesenri;
1528 4807 1631 4863 bonum
1646 4805 1719 4862 enim

68 4893 229 4951 'mmm
238 4895 433 4963 wenilonem
446 4909 453 4957 3
470 4893 498 4947 in
512 4909 568 4965 Μ
581 4892 741 4963 ⁰l³0r2150¹1e
752 4906 807 4946 ¹¹0ss
821 4907 871 4946 s0·
921 4901 988 4956 mibi
1002 4908 1044 4956 est
1057 4899 1180 4972 gaudere
1193 4898 1228 4954 de
1250 4906 1342 4953 vestra
1360 4895 1528 4969 perfectione
1542 4913 1549 4960 3
1565 4910 1615 4950 vos
1629 4898 1658 4950 ei
1674 4911 1720 4950 co-

69 4978 871 5053 11¹¹ss¹¹0⁰sawt»Sed0⁶³¹ssP0⁸⁸ll⁸i02⁸0mttii⁸ttbj5⁶0rffl
921 5006 993 5046 rana
1007 5005 1071 5044 mea
1079 4987 1106 5042 in
1118 4986 1218 5051 laturo,
1234 5001 1284 5057 pro
1294 4984 1372 5040 vohis
1381 4984 1454 5038 enim
1463 4983 1590 5039 coronari
1600 4981 1720 5038 conlido.

922 5080 987 5144 Vos,
1000 5076 1106 5142 iratres,
1125 5078 1200 5131 state
1214 5075 1246 5129 in
1260 5074 1378 5129 Domino
1394 5074 1445 5139 sic,
1456 5072 1484 5127 id
1494 5080 1535 5128 est
1543 5071 1586 5128 vel
1595 5071 1663 5127 sicut
1672 5085 1722 5125 vos

379 5132 491 5189 CAPUT
505 5133 551 5188 lv·
923 5163 1064 5231 docui,vel
1073 5164 1142 5220 sicut
1153 5178 1239 5234 usque
1249 5161 1332 5217 modo
1342 5159 1465 5223 stetistis,
1478 5159 1548 5215 sicut
1557 5157 1722 5215 charissimi

109 5281 121 5311 r
139 5260 253 5330 itaque·
264 5255 362 5312 iratres
383 5255 438 5311 mei
452 5254 605 5312 charissimi
634 5262 660 5310 et
674 5252 875 5310 desideratissi·
924 5255 958 5310 de
968 5252 1115 5325 preterito.
1131 5250 1169 5306 ita
1183 5249 1344 5306 charissimi
1360 5265 1408 5319 pro
1423 5247 1514 5303 lutura
1524 5246 1609 5300 bono.
1620 5243 1721 5299 Vosita

72 5373 85 5402 ι
103 5347 153 5413 mi,
170 5344 301 5420 gaudium
323 5360 416 5399 meum
441 5352 467 5399 et
490 5359 591 5400 corona
615 5359 692 5408 mea,
710 5342 749 5398 sic
764 5350 832 5398 state
847 5342 874 5396 in
924 5342 951 5396 in
966 5339 1103 5398 communi
1114 5340 1269 5404 adnione03
1286 5338 1334 5392 sed
1349 5337 1492 5402 brodium,
1504 5333 1581 5404 quasi
1593 5348 1653 5405 qum
1667 5331 1722 5388 cito

75 5462 88 5490 a
106 5435 237 5501 Domino,
253 5433 416 5490 charissimi.
432 5432 567 5489 Evodiam
580 5448 663 5504 rogo,
679 5438 706 5487 et
719 5431 875 5506 syntychen
924 5428 1085 5496 consentiat,
1101 5442 1175 5499 rapa,
1192 5430 1220 5483 ei
1235 5425 1406 5499 syntychen,
1431 5439 1491 5494 quae
1506 5421 1596 5480 minus
1617 5419 1725 5483 videtur
