3742 5986
66 127 101 180 aa
396 120 586 179 uxrosrrro
606 86 851 180 ru‘nrrsronas
871 123 983 179 raunr.
999 123 1084 177 -nv
1103 121 1211 179 nrrsr.
1232 121 1280 180 ao
1299 123 1383 182 nou.
1687 130 1722 185 aa

64 255 178 321 accepta
192 245 393 319 opportunitate
406 263 459 320 per
472 247 650 317 mundatum,
681 247 796 305 seduxit
815 265 869 316 mc,
883 252 910 310 Α
924 246 996 321 lege,
1012 247 1075 303 inde
1090 255 1205 319 apparet
1219 249 1293 320 quod
1307 249 1391 306 texet
1404 249 1473 306 ratio
1497 249 1577 306 simul
1591 251 1719 320 sentiant,

63 336 457 407 utconsentirempeccato;et
471 338 609 409 parilitati
622 338 755 394 seducere
770 337 874 394 occidit
924 336 987 392 licet
1001 335 1147 392 carnalitas
1169 336 1325 408 praevaleat.
1356 341 1426 412 Ago,
1455 339 1549 412 inquit,
1566 340 1633 395 illud
1648 341 1722 413 quod

65 442 121 495 me,
137 425 331 499 precipitando
342 425 370 479 in
380 432 470 480 actum
480 426 595 498 peccati.
607 427 642 481 Et
652 426 873 499 quandoquidem
923 425 978 491 odi,
996 424 1023 479 id
1038 432 1079 481 est
1093 425 1159 481 illud
1175 426 1248 497 quod
1263 427 1335 482 nolo.
1352 429 1493 485 Stantem
1507 428 1645 484 rationalis
1658 431 1723 486 nolo

66 515 228 570 mandatum
243 521 302 569 erat
316 514 350 568 ad
364 514 457 581 vitam,
474 513 603 586 exculpe
618 515 722 585 peccati
737 515 874 571 inversum
923 514 997 570 illud
1010 515 1081 587 qaod
1096 514 1212 569 carnalis
1225 518 1310 585 sacto,
1322 532 1385 571 ecoe
1397 517 1453 585 iam
1464 518 1683 588 contentioteqi,
1695 518 1723 573 id

68 613 110 659 est
126 603 162 659 ad
173 611 299 659 mortem.
310 603 402 673 lqt'tar
414 604 462 659 tea
476 608 578 660 sancta
588 611 639 673 est,
650 604 677 658 id
687 612 728 659 est
736 612 875 676 praecepta
923 609 974 668 est,
991 602 1063 658 idem
1078 602 1172 658 volens
1187 604 1264 659 testis
1278 621 1337 660 sum
1363 604 1419 678 legi
1433 605 1467 660 de
1492 606 1544 662 hoc
1558 606 1629 680 qaod
1652 607 1724 663 botta

66 691 140 765 legis
151 700 244 747 sancta
259 699 331 757 sunt,
340 695 368 747 ct
377 692 558 759 mandatum,
569 691 597 747 id
614 701 655 748 est
664 709 733 764 opus
752 709 875 765 praecep
901 681 904 686 ⁸
924 694 975 747 cst.
991 689 1217 763 Quandoquidem
1232 708 1285 764 eqo
1303 692 1442 748 rationalis
1468 694 1532 749 nolo
1559 693 1626 750 illud
1649 694 1723 769 quod

66 788 169 850 torum,
186 780 358 849 utiejunare,
374 779 441 835 dare
465 779 678 852 eleemosynam,
693 782 755 850 hcc,
776 781 872 854 inquit,
924 779 1041 834 carnalis
1056 779 1127 836 facio
1143 779 1223 850 (illud
1237 796 1309 838 nunc
1339 781 1469 837 illativum
1496 782 1558 852 est),
1587 784 1657 854 Erqo
1673 799 1722 855 eqo

65 868 227 924 mandatum
244 872 387 934 sanctum,
404 869 431 923 id
447 876 488 924 est
502 869 634 925 sancitum
650 877 676 925 et
697 869 832 925 firmatum
847 872 875 926 in
924 867 1061 922 rationalis
1070 870 1132 940 jam
1143 885 1200 925 nott
1225 885 1325 941 operor·
1352 871 1426 926 titud
1454 870 1528 943 quod
1556 887 1599 927 me
1614 871 1724 928 nolente

64 957 139 1013 bono
150 966 200 1012 est.
213 958 263 1012 Est
273 957 352 1013 etiam
364 959 472 1027 justam
485 958 639 1030 equitatem
648 960 803 1014 servansad
811 976 874 1031 pro·
924 963 1053 1026 operatur
1067 971 1141 1021 caro,
1159 958 1206 1013 sed
1219 962 1378 1029 peccatum,
1395 958 1423 1012 id
1438 966 1488 1026 est,
1505 958 1592 1014 lomes
1606 961 1721 1031 peccati,

67 1046 184 1101 aunum.
198 1045 253 1108 ,Est
268 1044 348 1100 etiam
362 1046 477 1110 bonum,
490 1046 517 1101 id
531 1054 572 1101 est
582 1047 647 1102 utile
661 1047 784 1118 implenti
797 1048 873 1108 illud.
925 1045 995 1116 quod
1010 1053 1150 1115 peccatum
1178 1046 1299 1112 iactitat,
1315 1046 1342 1101 id
1367 1055 1417 1113 est,
1435 1047 1545 1103 assidue
1571 1056 1724 1105 remoratur

68 1135 151 1190 llodo
166 1133 333 1190 sufficienter
346 1134 472 1204 probavit
487 1134 577 1208 legem
592 1152 653 1191 esse
678 1136 776 1191 bonam
790 1137 818 1191 in
833 1153 873 1192 se.
923 1135 955 1188 itt
969 1149 1013 1188 mc
1032 1132 1145 1188 carnali.
1174 1135 1209 1188 Et
1236 1149 1299 1189 vere
1318 1142 1457 1205 peccatum
1484 1135 1586 1191 habitat
1613 1137 1641 1192 ni
1666 1153 1720 1205 me,

117 1223 173 1278 Sed
187 1223 291 1279 diceret
304 1222 415 1277 Judaeus
432 1240 439 1277 ε
454 1222 516 1278 Non
543 1239 610 1280 curo
634 1240 668 1280 an
684 1224 727 1281 lex
744 1225 814 1280 bona
829 1226 873 1292 sit,
925 1220 988 1290 quia
1029 1221 1129 1276 bonum
1157 1237 1211 1277 non
1253 1221 1355 1277 habitat
1407 1223 1435 1277 in
1471 1239 1525 1279 me.
1563 1223 1642 1293 Quod
1683 1225 1724 1283 sic

66 1329 131 1368 curn
146 1311 182 1366 sit
196 1310 264 1365 milri
279 1327 360 1366 carisa
374 1311 565 1367 damnationis.
582 1312 642 1380 Quo
666 1321 760 1369 contra
776 1314 874 1369 Paulus
924 1308 961 1363 ait
977 1323 983 1362 τ
1000 1310 1061 1366 Scio
1072 1310 1186 1382 quidem
1199 1311 1266 1382 quio
1281 1311 1384 1367 bonum
1412 1328 1470 1367 noa
1484 1311 1640 1369 habitatin
1664 1329 1721 1380 me»

65 1400 166 1472 probat
182 1415 233 1470 per
260 1399 351 1472 legem
380 1400 517 1455 neminem
543 1400 678 1468 damnari,
709 1402 758 1457 sed
785 1403 874 1473 potius
925 1398 977 1455 hoc
991 1397 1066 1470 quod
1079 1398 1140 1454 dico
1154 1398 1182 1452 in
1205 1415 1247 1454 me
1275 1407 1326 1466 est,
1354 1399 1384 1455 id
1412 1403 1454 1455 est
1478 1401 1510 1455 t'n
1533 1417 1620 1458 corne
1646 1417 1720 1470 saec,

65 1489 182 1545 enutriri
195 1488 223 1542 in
236 1487 321 1543 bono.
342 1488 474 1559 Corrupta
492 1505 557 1544 vero
586 1497 680 1545 natura
709 1491 776 1560 haec,
793 1507 873 1548 causa
923 1487 1004 1542 idest
1018 1487 1045 1541 in
1060 1503 1103 1542 me
1117 1486 1227 1543 carnali.
1248 1489 1283 1542 Et
1310 1487 1363 1543 hoc
1389 1489 1488 1558 prohat
1503 1506 1510 1543 :
1527 1489 1597 1545 Vere
1620 1490 1723 1546 bonum

66 1588 108 1634 est
124 1576 294 1647 compellens
308 1577 341 1631 ad
356 1584 506 1648 peccatum.
522 1578 600 1634 Unde
625 1579 665 1635 sic
679 1580 717 1635 ait
733 1594 739 1634 :
756 1578 872 1648 Quando
886 1591 978 1665 Bnon
988 1575 1090 1630 habitat
1100 1575 1126 1630 in
1138 1591 1221 1631 carne
1230 1591 1302 1643 mea,
1314 1591 1378 1631 narn
1388 1592 1476 1648 neque
1486 1578 1721 1648 pervolantatem,

66 1665 349 1738 quidemmandatum
369 1673 490 1720 sanctum
506 1674 558 1734 est,
581 1684 645 1738 erqo
669 1667 735 1723 illud
756 1669 871 1742 quadiu
922 1679 1010 1735 neque
1038 1680 1087 1734 per
1114 1672 1214 1721 actum.
1244 1665 1295 1720 Per
1323 1664 1487 1720 voluntatem
1530 1666 1640 1739 quidem
1668 1683 1724 1724 non

64 1771 95 1810 se
104 1757 210 1811 bonum
221 1757 263 1810 est
271 1753 345 1810 credi
353 1753 436 1809 debet
446 1757 519 1826 quod
529 1756 599 1811 mitt
608 1758 768 1827 factumest
783 1774 868 1825 mors,
920 1752 1032 1807 habital·
1048 1753 1120 1808 Nam
1135 1754 1206 1808 velle
1221 1752 1323 1808 bonnm
1340 1753 1454 1824 adjtissel
1477 1756 1550 1811 milti
1565 1755 1677 1822 carnali,
1694 1756 1723 1812 id

64 1842 93 1897 id
110 1850 152 1897 est
167 1857 250 1897 causa
266 1841 433 1912 compellens
446 1858 490 1897 me
503 1844 539 1898 ad
561 1844 699 1899 mortem?
714 1845 791 1901 tosti
806 1846 868 1913 hoo,
920 1848 961 1896 est
976 1840 1180 1911 quodammodo
1196 1841 1365 1912 approximat
1380 1842 1456 1898 carni
1468 1858 1474 1897 :
1487 1859 1568 1899 nemo
1583 1844 1655 1899 enim
1670 1852 1724 1900 tam

65 1930 178 1985 utillud
209 1930 282 2002 quod
313 1930 413 1985 bonurn
442 1938 483 1986 est
512 1930 545 1985 sit
572 1947 655 1987 causa
681 1949 741 2004 quae
769 1934 869 1988 malurn
921 1929 1019 2000 impius
1035 1929 1098 2001 quia
1112 1929 1258 2001 aliquando
1287 1930 1382 1985 saltem
1411 1931 1512 1987 bonum
1540 1931 1614 1989 velit.
1644 1933 1724 2003 Quod

65 2018 166 2074 efficiat
179 2017 186 2074 l
204 2018 359 2074 Mandatum
375 2018 467 2091 utique
481 2020 555 2090 quod
579 2019 681 2076 bonum
695 2029 745 2088 est,
759 2038 813 2077 non
828 2030 870 2078 est
920 2017 943 2071 si
957 2017 1070 2087 adjacet,
1082 2033 1149 2090 ergo
1164 2033 1219 2072 non
1234 2017 1337 2073 habitat
1351 2018 1379 2073 in
1386 2035 1441 2085 me,
1452 2019 1522 2076 velle
1530 2020 1631 2076 bonum
1646 2021 1722 2091 adja-

65 2107 133 2161 milri
149 2105 249 2161 iactum
264 2122 358 2173 mors;
378 2107 427 2163 sed
453 2112 612 2179 peccatum,
627 2108 655 2163 id
679 2117 719 2165 est
741 2118 870 2182 corrupta
919 2114 971 2163 cet.
987 2107 1040 2162 Sed
1051 2106 1186 2178 perficere
1197 2107 1300 2163 bocum
1310 2107 1376 2162 illud
1385 2108 1555 2166 nullomodo
1570 2111 1683 2167 invenio
1693 2111 1722 2166 in

64 2203 167 2251 natura
184 2209 190 2248 :
220 2194 264 2250 vel
292 2193 417 2250 diabolus
445 2195 616 2252 instimulans
644 2206 785 2269 peccatum
803 2214 808 2253 :
832 2199 870 2254 ita
919 2209 1003 2250 oarne
1018 2210 1088 2249 mea.
1101 2194 1171 2250 Vere
1184 2193 1315 2266 perlicere
1329 2196 1430 2251 bonum
1443 2204 1550 2252 nonest
1564 2197 1592 2252 in
1606 2206 1723 2255 me'car·

66 2284 131 2339 dico
146 2287 180 2338 ut
193 2287 339 2355 appareat,
356 2283 383 2338 id
399 2291 449 2353 est,
479 2292 509 2339 ut
535 2294 719 2357 cognoscatur
733 2303 795 2343 esse
808 2304 870 2360 pec·
919 2282 1062 2339 ualidam
1073 2298 1125 2354 ego
1133 2283 1250 2340 carnalis
1261 2300 1319 2340 aaa
1329 2285 1403 2355 facio
1416 2285 1465 2340 icoc
1474 2287 1576 2341 bonam
1582 2286 1654 2358 quod
1663 2287 1723 2345 oola

68 2375 169 2428 catum
179 2392 189 2438 ,·
200 2371 423 2444 illudopcrctam
434 2374 558 2428 estmilti
568 2377 688 2431 mortem
697 2376 867 2448 perbonam,
919 2370 1070 2427 rationalis·
1085 2371 1139 2427 Sed
1152 2388 1202 2444 ⁶90
1217 2371 1334 2428 carnalis
1350 2373 1400 2429 hoc
1425 2374 1543 2439 malam,
1560 2375 1632 2446 qood
1657 2377 1722 2434 noto

65 2459 95 2514 id
110 2467 153 2514 ost
168 2466 282 2530 accepta
292 2460 463 2516 occasiones
476 2461 538 2533 lege
552 2479 615 2535 quae
626 2462 697 2519 hona
712 2472 761 2528 est.
779 2465 870 2537 coegit
919 2459 1069 2515 rationalis.
1085 2459 1135 2516 Vel
1150 2460 1229 2516 aliter
1244 2478 1251 2515 :
1269 2461 1340 2517 Vere
1350 2461 1484 2532 perficere
1504 2462 1605 2518 bonum
1617 2479 1652 2519 ex
1666 2472 1722 2522 toto

65 2563 112 2602 me
126 2547 217 2620 magis
231 2563 356 2619 peccare,
382 2549 557 2619 prevaricari
586 2550 667 2606 etiarn
695 2552 768 2623 quod
795 2552 870 2624 prius
895 2619 898 2624 Ι
919 2563 974 2604 non
988 2548 1098 2603 invenio
1112 2548 1141 2603 in
1157 2564 1211 2603 me.
1227 2549 1297 2604 Nam
1311 2549 1391 2604 etiarn
1406 2550 1458 2606 hoc
1468 2551 1569 2606 bonum
1583 2567 1638 2608 non
1651 2551 1723 2609 t'acio

64 2651 122 2690 non
137 2644 209 2690 erat.
230 2634 378 2706 Operatmn
392 2645 442 2704 est,
454 2636 527 2706 dicit,
542 2638 636 2710 itaper
650 2640 750 2694 bonum
767 2644 801 2696 at
807 2657 872 2713 pec·
920 2638 993 2709 quod
1010 2637 1110 2692 bonum
1125 2652 1187 2693 esse
1201 2652 1348 2712 cognosco,
1362 2646 1388 2694 et
1399 2638 1461 2695 ideo
1471 2638 1563 2696 iacere
1573 2641 1645 2697 volo.
1660 2642 1723 2698 Non

65 2729 168 2780 catam
180 2725 233 2793 fiat
244 2745 253 2791 ,·
266 2741 388 2796 peccans
401 2742 474 2781 nune
501 2725 529 2781 in
553 2726 614 2801 lege
636 2745 722 2801 supro
749 2730 869 2800 priorem
920 2725 993 2782 enim
1011 2725 1101 2781 omnia
1119 2726 1192 2782 bona
1207 2726 1274 2781 mihi
1289 2735 1353 2783 uota
1367 2735 1438 2783 sunt.
1460 2728 1500 2783 De
1515 2743 1549 2784 eo
1572 2730 1645 2801 quod
1659 2730 1724 2786 dixit

65 2813 193 2878 modum,
205 2812 283 2884 idest
293 2813 449 2884 priusquam
459 2814 619 2870 lexdaretur
630 2833 681 2888 per
689 2817 869 2888 mandatum,
920 2814 1046 2885 superius
1058 2813 1176 2869 adalind
1187 2815 1720 2890 probandumznonquodvolohccaqo,

65 2900 93 2955 id
109 2908 151 2956 est
161 2917 210 2972 per
224 2900 305 2957 42
315 2902 566 2972 prevaricationem
578 2904 696 2959 mandati
710 2905 798 2977 magis
807 2923 871 2979 pec·
920 2903 1020 2959 iterum
1032 2904 1085 2959 hoc
1094 2919 1145 2974 per
1154 2903 1226 2958 aliud
1238 2903 1364 2974 probato,
1376 2903 1458 2960 inlert
1467 2904 1561 2961 dicens
1577 2905 1722 2975 :Quando-

66 2989 867 3066 cans.Verelexnonestoperatamortem‚sedpeccatum.
920 2991 1029 3064 quidem
1043 2991 1721 3066 egorationalisnolomclamqaodcqooarnalis,

66 3078 137 3133 Nam
152 3094 203 3132 nos
218 3077 319 3133 scimus
328 3079 363 3134 ab
374 3079 532 3135 auctoritate
545 3080 599 3136 vim
614 3081 741 3138 habente.
759 3084 869 3140 Scimus
919 3096 987 3151 ergo
1002 3096 1049 3152 eqo
1064 3080 1206 3137 rationalis
1220 3097 1276 3138 coa
1289 3097 1388 3154 operor
1399 3082 1472 3138 titud
1480 3082 1591 3149 malum,
1603 3084 1651 3140 red
1660 3101 1724 3157 pcc·

68 3167 165 3238 utique
178 3167 244 3238 quic
260 3167 307 3223 lex
317 3172 360 3223 cst
375 3168 545 3239 spititualis,
561 3168 589 3223 id
611 3178 661 3236 est,
678 3170 720 3226 vel
737 3170 800 3226 data
820 3188 870 3242 per
918 3168 1255 3241 cutum,idestcorruptio
1265 3170 1722 3243 naturaezquoupeccetumtaottat

72 3254 205 3326 Spiritum
220 3262 355 3324 sanctum,
382 3255 427 3311 vel
451 3257 572 3312 nutriens
594 3257 718 3329 spiritum
740 3260 867 3328 hominis,
918 3257 950 3312 ia
965 3274 1010 3313 me
1023 3256 1135 3324 menali,
1151 3266 1280 3328 operatur
1293 3257 1360 3314 illud
1375 3258 1487 3314 malum.
1511 3260 1618 3331 Repetit
1631 3261 1722 3317 locum

68 3359 184 3414 quornm
200 3342 316 3399 alterum
340 3343 363 3398 si
386 3344 430 3414 sit,
447 3352 552 3400 constat
577 3346 640 3418 quia
663 3362 717 3402 non
732 3355 773 3403 est
787 3364 869 3404 causa
919 3344 990 3399 unde
998 3343 1107 3410 inierat,
1123 3345 1229 3416 siquod
1241 3347 1305 3403 colo
1316 3347 1389 3402 illud
1400 3348 1484 3417 facio.
1495 3346 1721 3421 Quandoquidem

68 3431 177 3486 mortis.
194 3432 248 3486 Lex
261 3431 354 3503 utique
370 3439 411 3488 est
425 3433 584 3505 spiritualis,
598 3435 648 3491 sed
663 3452 711 3507 eqo
726 3453 789 3491 sum
803 3454 869 3493 ccr—
920 3448 972 3504 ego
988 3431 1127 3487 rationalis
1137 3432 1201 3487 nolo
1210 3431 1320 3502 malum,
1333 3433 1377 3488 lert
1387 3441 1477 3490 autern
1486 3435 1567 3505 (sicut
1576 3437 1720 3506 probatum

66 3521 156 3588 nutis,
168 3519 195 3574 id
206 3527 247 3574 est
257 3520 401 3576 adhaerens
411 3519 561 3577 carnalitati
571 3540 578 3589 ;
589 3524 777 3591 venundatus,
789 3542 869 3597 quem
919 3525 971 3594 est)
982 3520 1084 3575 malum
1095 3520 1218 3576 similiter
1227 3536 1283 3576 non
1292 3520 1358 3589 vult,
1372 3522 1521 3594 lqiturego
1529 3523 1665 3579 rationalis
1675 3527 1721 3581 itt·

68 3608 175 3679 primus
185 3624 344 3681 parenspro
354 3617 436 3682 gustu
446 3610 520 3681 pomi
529 3612 714 3667 venundedit:
730 3629 782 3670 nec
795 3614 831 3668 ita
841 3622 870 3669 ut
919 3610 1000 3666 uenio
1016 3610 1103 3680 lcqem
1118 3624 1180 3664 esse
1195 3608 1305 3677 bonam,
1323 3608 1350 3663 id
1365 3617 1406 3664 est
1414 3609 1506 3665 utilem
1514 3610 1580 3664 mihi
1595 3611 1721 3668 rationali

66 3697 120 3752 sim
135 3696 224 3752 solum
237 3697 265 3752 in
280 3705 401 3769 peccato,
418 3699 468 3753 sed
478 3699 559 3754 etiam
567 3701 617 3756 aad
624 3705 740 3772 peccato
750 3723 760 3770 ,·
771 3702 834 3774 quia
844 3710 870 3758 et
920 3697 1020 3753 volenti
1035 3695 1125 3753 iacere
1140 3696 1252 3753 bonum.
1265 3698 1320 3752 Lex
1347 3696 1449 3753 bonurn
1477 3698 1590 3766 docens,
1606 3706 1632 3755 et
1651 3701 1721 3758 ratio

66 3786 90 3840 si
104 3785 179 3853 volo,
196 3793 223 3841 et
236 3785 282 3841 diu
296 3785 403 3853 laboro,
419 3804 469 3858 per
477 3803 521 3843 me
529 3796 620 3843 tamen
629 3805 742 3863 surgere
750 3807 867 3863 nequeo.
920 3787 1022 3841 bunum
1037 3785 1143 3853 volens,
1153 3785 1349 3842 consentiendo
1363 3785 1391 3841 in
1401 3786 1473 3842 bono
1481 3802 1511 3842 se
1518 3786 1635 3844 invicem
1645 3788 1721 3846 inve·

103 3874 155 3930 Hic
169 3873 262 3945 incipit
276 3875 420 3931 ostendere
435 3875 509 3947 quod
521 3876 570 3932 lex
583 3884 610 3933 et
636 3878 773 3934 rationalis
787 3879 869 3937 homo
920 3874 1006 3929 niunt.
1014 3875 1121 3932 Veienti
1131 3877 1226 3946 sunere
1236 3876 1336 3931 dottam
1347 3883 1374 3931 et
1380 3875 1560 3943 nonfacieuti,
1571 3876 1717 3944 benedico,

65 3963 96 4018 in
109 3963 250 4019 voluntate
265 3963 331 4020 boni
357 3965 549 4034 consentiant;
567 3966 615 4022 sed
642 3974 732 4023 tamen
759 3969 794 4023 ab
822 3968 869 4025 illo
920 3964 1053 4035 quoniam
1067 3964 1177 4018 malam
1191 3963 1361 4020 carnalitatis
1370 3963 1482 4035 adjacet
1493 3965 1565 4021 mitt
1575 3965 1719 4022 rationali:

67 4053 160 4120 tertio,
177 4051 207 4106 id
221 4059 262 4108 est
276 4067 294 4107 a
307 4062 436 4125 corrupta
462 4062 560 4110 nature
583 4064 753 4127 superantur.
769 4057 804 4113 Ει
817 4058 870 4114 hoc
920 4058 947 4107 et
961 4060 1104 4123 propterea
1118 4051 1219 4107 bonurn
1234 4051 1307 4124 quod
1321 4052 1385 4109 volo
1399 4052 1533 4124 perficere
1548 4070 1665 4127 nequeo.

67 4141 103 4195 de
119 4139 299 4196 rationalitate
314 4141 386 4213 quod
400 4142 471 4198 bona
487 4143 522 4197 sit
549 4150 575 4199 et
599 4144 700 4199 bonnm
727 4143 790 4201 velit
805 4161 870 4201 con·
955 4138 1423 4213 NotaquouiarnPaulusfrgurative
1436 4142 1487 4196 sub
1499 4157 1618 4212 persona
1628 4159 1676 4199 sua
1686 4143 1721 4200 de
1816 4180 1819 4188 ·

67 4228 214 4284 venientes
226 4229 333 4300 probat.
351 4229 425 4286 Sicut
440 4231 510 4287 enim
520 4230 596 4288 silex
606 4232 679 4289 mata
693 4241 776 4300 esset,
792 4235 871 4290 dator
920 4228 1046 4284 omnibus
1056 4228 1183 4300 loquitur,
1195 4229 1399 4284 assumenssibi
1408 4245 1565 4300 personam,
1577 4241 1721 4291 nuncaute

67 4316 140 4389 legis
154 4315 217 4372 inde
232 4317 440 4389 vituperaretur,
468 4319 508 4375 sic
522 4320 602 4376 etiam
619 4321 643 4376 si
656 4322 786 4376 naturalis
801 4317 904 4378 ratioD
918 4317 998 4374 43
1016 4316 1106 4389 legem
1121 4333 1194 4372 nunc
1208 4317 1237 4372 in
1251 4317 1325 4390 lege.
1346 4319 1417 4373 Vere
1440 4318 1542 4374 bonum
1569 4319 1677 4378 invenio
1691 4321 1720 4378 in

68 4406 266 4461 adversaretur
280 4407 362 4474 bono,
376 4409 449 4477 juste
472 4408 517 4480 qui
539 4409 673 4466 rationem
693 4411 806 4466 dederat
834 4412 868 4468 de
916 4422 970 4462 me·
987 4406 1058 4462 Nam
1073 4421 1126 4477 ego
1140 4405 1317 4462 condelector
1332 4407 1385 4478 letti
1399 4407 1449 4463 Dei
1463 4426 1472 4463 ··
1488 4407 1553 4479 quia
1566 4416 1593 4464 et
1606 4408 1654 4465 illa
1667 4410 1720 4468 bo-

69 4492 144 4548 maio
158 4492 271 4549 rationis
285 4495 503 4552 calumniaretur.
521 4497 591 4553 Vere
601 4499 653 4553 sub
667 4507 781 4570 peccato
797 4515 866 4556 sum.
916 4511 982 4550 num
996 4493 1053 4550 vult
1067 4501 1093 4549 et
1107 4509 1159 4566 ego
1174 4510 1234 4550 cum
1246 4510 1288 4550 ea.
1300 4493 1480 4551 condelector
1488 4495 1550 4553 dico
1562 4498 1720 4557 secandum

70 4583 143 4638 liam
157 4581 230 4654 qaod
244 4599 296 4655 ego
311 4599 419 4657 operor,
433 4584 491 4641 sive
506 4585 665 4642 dimittendo
680 4587 781 4642 bonum
796 4588 869 4661 quod
918 4583 1084 4640 interiorem
1101 4584 1255 4650 hominem,
1273 4583 1338 4655 quia
1352 4582 1464 4640 interior
1484 4585 1565 4641 homo
1579 4586 1721 4644 rationalis

70 4670 164 4741 ntique
178 4678 220 4725 est
246 4671 351 4742 operari
373 4672 485 4740 malurn,
515 4673 573 4730 sive
601 4673 726 4731 iaciendo
754 4676 868 4745 malum,
918 4671 976 4728 vuit
991 4671 1100 4744 quidem
1129 4671 1255 4727 bonum:
1286 4671 1337 4728 etsi
1365 4680 1481 4745 nequeat
1507 4674 1625 4745 operari.
1650 4675 1719 4732 Cum

70 4757 155 4830 quod,
171 4758 292 4831 inquam,
308 4774 409 4831 operor
422 4777 475 4835 ego
499 4762 644 4831 sensualis,
674 4765 802 4836 intettiqti
816 4780 869 4839 ego
919 4759 1001 4815 modo
1011 4759 1108 4815 dixerit
1123 4760 1197 4833 quod
1207 4760 1251 4816 lex
1274 4766 1301 4816 et
1324 4760 1493 4817 rationalitas
1507 4761 1609 4817 bonum
1623 4763 1718 4833 velint,

70 4845 212 4901 manualis
225 4863 285 4902 non
299 4862 361 4904 esse
376 4850 557 4920 operandum.
577 4851 647 4907 Vere
662 4866 763 4923 operor
776 4852 870 4909 dimit·
919 4848 1038 4904 ostendit
1051 4856 1195 4920 utrumque
1212 4848 1366 4921 superaris
1387 4849 1474 4918 tertio,
1491 4849 1519 4905 id
1534 4858 1576 4907 est
1589 4866 1607 4906 a
1620 4867 1720 4908 carna-

69 4934 154 4989 tendo
167 4934 279 5001 bonurn,
296 4936 369 5008 quod
383 4936 505 5011 intelligo
519 4954 574 4995 non
602 4955 663 4995 esse
686 4941 866 5013 operandum.
919 4937 1003 5004 litate,
1021 4936 1093 5008 quod
1108 4937 1217 4992 tertium
1231 4937 1349 4993 ostendit
1373 4937 1557 5008 superandum
1585 4956 1647 4997 esse
1670 4957 1720 5013 per

71 5023 133 5078 lion
148 5024 225 5079 enim
241 5040 290 5096 cqc
305 5025 355 5082 ltoc
369 5025 472 5082 bonum
486 5029 557 5101 quod
571 5044 624 5101 ego
639 5028 777 5085 rationalis
789 5031 870 5098 volo,·
920 5025 1046 5098 gratiam,
1063 5032 1089 5081 et
1104 5026 1156 5081 hoc
1170 5025 1235 5081 satis
1250 5025 1347 5082 idonee
1369 5024 1440 5084 iacit.
1456 5028 1524 5083 Cum
1539 5028 1611 5083 enim
1626 5029 1719 5103 legem

68 5118 94 5166 et
109 5126 175 5166 vere
189 5126 290 5182 operor
303 5112 427 5170 iaciendo
440 5114 542 5170 malum
568 5117 641 5189 quod
668 5117 793 5191 intelligo
816 5133 872 5174 non
921 5113 1044 5169 ostendat
1057 5113 1174 5185 deprimi
1189 5130 1239 5185 per
1253 5113 1451 5184 carnalitatem,
1464 5131 1516 5173 nec
1529 5131 1578 5172 eos
1605 5117 1652 5189 qui
1666 5119 1718 5174 sub

70 5214 133 5254 esse
148 5200 326 5270 operandum.
342 5202 412 5257 Nam
426 5219 479 5275 ego
494 5204 608 5260 carnalis
621 5207 697 5276 socio
712 5207 786 5262 iliad
800 5206 872 5279 quod
921 5200 983 5272 lege
997 5199 1105 5257 luerunt
1119 5202 1265 5275 quidquam
1288 5203 1351 5259 boni
1380 5201 1489 5271 iecisse,
1517 5205 1571 5260 nisi
1589 5221 1638 5278 per
1650 5221 1714 5278 gra·

69 5304 124 5360 ego
139 5288 279 5344 rationalis
293 5288 352 5346 odi.
371 5290 406 5345 Et
420 5307 492 5348 nunc
521 5293 583 5364 quia
610 5293 653 5349 lex
682 5294 832 5366 spiritualis
846 5305 875 5353 et
921 5290 996 5361 tiam,
1012 5307 1061 5363 per
1073 5290 1127 5347 hoc
1140 5291 1221 5362 plane
1235 5291 1345 5348 Judaeos
1358 5290 1479 5348 insinuat
1506 5293 1607 5349 debere
1622 5292 1720 5362 subiici

70 5372 208 5440 bonusest,
223 5373 392 5431 rationalitas
418 5391 484 5433 vero
510 5392 572 5435 mea
598 5377 698 5436 bonum
726 5379 783 5435 vult
809 5395 872 5438 cum
921 5378 1029 5451 penitus
1042 5378 1135 5450 gratie
1150 5379 1210 5446 Dei,
1240 5387 1268 5436 et
1294 5396 1350 5436 non
1376 5380 1493 5452 amplius
1519 5380 1584 5453 legi.
1600 5382 1652 5436 Per
1665 5381 1720 5439 hoo
