3742 5986
109 189 161 248 679
518 185 690 245 GUIGONIS
711 188 722 242 1
744 186 947 245 CARTHUSIAE
970 183 1118 244 netoals
1142 184 1281 243 aaronis
1304 185 1337 242 V.
1711 187 1763 240 68⁰

140 314 167 365 6.
185 310 254 365 Sunt
277 306 359 363 etiam
380 307 425 364 hic
449 308 520 366 villae
542 309 684 382 proxima,
710 310 781 366 notis
805 309 883 366 nobis
907 307 996 382 plenae
1018 311 1196 382 pauperibus,
1222 326 1276 382 quo
1300 306 1405 382 portari
1428 304 1607 379 distribuique
1623 305 1763 378 possit,si

106 407 171 480 quid
194 407 273 463 nobis
296 406 429 479 reliquum
452 407 542 463 suerit.
568 409 626 464 Hoc
648 408 721 464 enim
745 407 842 464 melius
864 407 1017 480 rectiusque
1039 418 1176 481 putamus,
1191 416 1220 465 ut
1234 410 1258 465 si
1277 408 1343 482 quid
1363 404 1517 480 plusculum
1540 403 1760 461 distribuendum

109 514 160 575 est,
176 505 241 561 illuc
255 504 345 576 magis
360 505 490 577 quidquid
503 513 545 561 est
559 505 727 577 deportetur,
744 520 825 578 quam
840 505 904 563 inde
919 506 972 562 huc
986 507 1130 564 multitudo
1145 516 1266 564 vocetur.

146 604 173 658 t.
190 603 291 658 Vemm
304 602 351 674 qui
365 603 462 658 domus
476 603 555 673 hujus
578 619 713 675 expensas
727 602 842 673 nos'erit,
857 619 912 660 non
923 603 959 661 de
974 605 1118 677 superfluis
1132 613 1235 679 quaeret
1250 604 1315 678 quid
1337 602 1477 671 iaciamus,
1492 601 1541 658 sed
1555 601 1648 674 potius
1663 608 1759 675 stupe·

111 701 150 756 bit
165 716 248 772 quare
261 715 316 755 nen
329 714 470 771 egeamus.

145 801 171 853 8.
188 798 262 866 llaec,
277 797 376 854 iratres
396 796 574 865 dilectissimi,
591 797 613 854 si
627 797 758 870 prolixius
772 797 841 855 torte
861 811 942 870 mam
964 797 1054 854 decuit
1077 799 1214 872 prosecuti
1234 797 1430 872 loquaciusque
1448 811 1552 866 sumus,
1581 795 1710 869 patimini
1733 805 1759 854 et

111 896 251 970 indulgete
265 894 356 953 nobis.

786 1043 1071 1104 COMMENTARIUS.

111 1203 148 1257 tis
160 1205 172 1257 t
185 1197 348 1256 Doctissime
363 1196 443 1253 simul
458 1204 485 1253 et
498 1195 645 1252 fortissime
659 1195 704 1252 hic
728 1195 805 1250 diluit
819 1196 941 1268 argu-A
957 1206 1061 1255 tantum
1074 1199 1212 1270 possuntt
1227 1198 1299 1268 Quot
1322 1197 1404 1254 boum
1426 1195 1525 1251 aratris
1545 1194 1582 1251 ad
1602 1193 1756 1267 providen-

109 1296 201 1345 menta
223 1286 416 1353 mordentium,
433 1285 479 1359 qui
502 1285 604 1341 nodum
629 1301 738 1355 semper
761 1284 789 1338 in
814 1283 905 1355 scirpo
956 1287 1021 1343 dum
1036 1288 1070 1344 de
1087 1288 1129 1342 his
1150 1304 1210 1359 quae
1225 1293 1264 1343 tot
1285 1286 1425 1343 hominurn
1445 1284 1655 1341 necessitatibus
1679 1282 1756 1339 suffi-

108 1385 270 1450 quaerentes,
286 1376 339 1431 hoe
354 1391 426 1446 saepc
442 1382 546 1430 tantum
561 1373 663 1429 residui
684 1372 784 1429 habent
799 1389 832 1428 ex
849 1372 905 1428 suis
955 1376 1050 1432 ciant?
1073 1376 1151 1432 Certe
1171 1375 1309 1447 octoginta
1332 1374 1405 1430 mille
1436 1372 1514 1428 libris
1534 1373 1617 1428 annui
1652 1371 1756 1427 reditus

109 1465 233 1538 argutiis,
250 1464 323 1536 quod
339 1463 391 1518 sibi
405 1478 505 1519 nornen
519 1463 619 1517 malum
634 1461 757 1528 fecerint,
774 1469 800 1516 et
813 1461 905 1532 proxi·
955 1480 1025 1536 opns
1052 1481 1115 1521 esse
1138 1480 1219 1521 nemo
1242 1463 1370 1520 cordatus
1393 1461 1421 1517 id
1444 1461 1560 1517 audieus
1583 1460 1678 1516 statim
1701 1475 1756 1516 non

108 1569 168 1610 mes
183 1551 435 1609 scandalizaverint.
461 1551 583 1620 Qualiter
603 1558 694 1606 autem
718 1550 844 1605 ordinem
864 1549 905 1605 si·
954 1553 1088 1621 censebit,
1105 1553 1140 1609 ad
1162 1561 1217 1608 um
1240 1551 1357 1623 amplam
1380 1549 1510 1605 familiam
1533 1548 1753 1614 sustentandam,

107 1642 163 1697 mul
178 1649 204 1697 et
223 1639 395 1712 prudentiam
409 1640 438 1694 in
451 1640 584 1696 charitate
607 1655 720 1695 servare
743 1637 903 1705 debeamus,
954 1650 984 1696 ut
998 1644 1186 1713 unusquisque
1201 1640 1339 1697 modicum
1352 1638 1417 1710 quid
1432 1637 1559 1709 accipiat.
1575 1637 1632 1693 Sed
1643 1635 1756 1693 verbm·

108 1729 221 1803 egregie
235 1728 280 1785 hic
294 1729 428 1800 exprimit.
954 1746 1029 1785 mum
1043 1746 1106 1785 esse
1121 1737 1257 1800 protestor
1280 1743 1377 1783 ornnes
1392 1726 1496 1781 reditus
1518 1725 1587 1782 fixos
1600 1724 1756 1781 Carthusiae

143 1818 225 1873 Num.
236 1820 251 1871 o
262 1817 336 1873 Sunt
345 1819 433 1873 ctiam
443 1816 573 1873 hiccilloe
579 1818 722 1888 proxime
731 1817 825 1889 plene
832 1831 905 1889 pca—
953 1819 999 1874 vix
1013 1819 1120 1874 tertiam
1135 1825 1241 1889 partem
1255 1832 1369 1872 summae
1382 1815 1460 1870 istius
1475 1829 1613 1885 superare,
1625 1813 1755 1870 casuales

106 1906 384 1980 peribcs‚ctc.,qaem
393 1906 459 1962 inde
467 1906 521 1962 lucc
531 1905 687 1962 multitado
696 1908 819 1962 vocetur.
831 1902 905 1976 Opti·
954 1923 1018 1964 vero
1036 1923 1069 1962 ex
1093 1906 1248 1963 venditione
1270 1905 1418 1978 lignorum,
1434 1902 1598 1958 nutrimento
1622 1917 1753 1973 pecorum

107 2011 152 2051 ma
167 2003 194 2051 et
207 1994 455 2066 irreprehensibilis
469 1994 627 2065 propositio.
649 1994 695 2051 Sic
718 1993 791 2050 enim
814 2008 904 2064 agno·
954 2004 981 2051 et
995 1995 1129 2050 similibus
1142 1995 1178 2066 (si
1192 1992 1316 2050 officinas
1339 1990 1470 2049 ferrerias
1492 2006 1580 2062 nuper
1602 1989 1754 2047 aemfimus

107 2099 246 2141 sacremus
261 2097 297 2138 an
318 2082 391 2139 veris
412 2082 576 2166 pauperibus
599 2090 692 2137 nostra
713 2081 860 2146 daremns;
876 2081 904 2135 in
953 2083 988 2139 ad
1003 2084 1078 2156 ligna
1092 2083 1164 2138 inter
1177 2097 1261 2152 rupes
1279 2079 1423 2152 pereuntia
1444 2079 1545 2135 utiliter
1566 2077 1754 2134 consumenda

107 2171 279 2228 multitudine
294 2186 359 2226 tero
373 2169 421 2224 illa
433 2187 484 2241 per
499 2169 688 2241 eleemosynas
702 2169 738 2224 ad
752 2186 802 2224 nos
817 2177 903 2224 attra-
953 2172 1084 2242 excipias)
1108 2171 1152 2227 vix
1167 2170 1202 2225 ad
1223 2186 1270 2226 sex
1294 2169 1368 2223 mille
1391 2167 1477 2223 libras
1498 2167 1661 2223 ascendere.
1684 2165 1753 2235 Quis

106 2267 159 2326 cta,
176 2259 237 2331 quis
253 2275 335 2315 verus
349 2273 453 2330 pauper
468 2257 502 2312 sit
516 2249 664 2314 nescimus.
689 2257 819 2313 blittendo
834 2257 903 2313 resi·
952 2261 1012 2316 baec
1026 2258 1163 2314 audiendo
1176 2273 1232 2314 non
1246 2258 1419 2328 obstupescat
1429 2256 1443 2311 l
1453 2254 1509 2310 Soli
1525 2271 1593 2327 ergo
1603 2255 1751 2326 providen-

106 2349 190 2404 duum
212 2346 369 2403 facultatum
390 2355 545 2402 nostrarum
566 2346 602 2401 ad
622 2347 719 2402 domos
741 2362 902 2418 pauperum,
953 2349 997 2404 tiae
1012 2347 1120 2414 divinae,
1137 2363 1181 2403 res
1195 2354 1304 2402 nostras
1325 2345 1512 2400 subhonestae
1532 2342 1712 2415 parcimoniae
1725 2350 1753 2399 et

107 2452 229 2492 eremum
242 2443 364 2491 nostram
378 2443 405 2492 et
420 2435 592 2491 solitudinem
608 2451 625 2490 a
639 2444 678 2491 tot
701 2435 904 2491 advenientium
953 2435 1113 2493 oeconomiae
1136 2434 1240 2508 regulis
1267 2432 1422 2504 disponenti
1444 2440 1471 2488 et
1492 2431 1633 2503 dirigenti,
1658 2432 1752 2505 impu·

98 2520 245 2581 'hominum
268 2540 404 2581 concursu
430 2524 545 2580 hberam
574 2524 762 2591 redderemus,
787 2524 836 2580 sed
859 2524 939 2613 hieB
953 2526 1033 2580 tanda
1048 2532 1090 2581 est
1105 2522 1280 2580 subsistentia
1300 2522 1398 2577 demus
1422 2520 1582 2578 carthusiae.
1608 2521 1645 2576 Et
1668 2519 1752 2576 sialii

105 2613 204 2681 dando,
228 2613 371 2669 multitudo
394 2612 430 2668 ad
457 2629 507 2670 nos
528 2613 658 2670 indirecte
681 2621 803 2669 vocatur.
827 2613 904 2670 Hanc
953 2614 1038 2669 nolint
1052 2613 1086 2668 de
1100 2613 1152 2668 hac
1167 2628 1196 2667 re
1211 2611 1413 2681 obstupescere,
1430 2624 1484 2681 ego
1498 2617 1571 2665 certe
1584 2608 1646 2680 ipse
1659 2609 1753 2665 obstu-

106 2701 173 2757 tanti
186 2701 238 2757 viri
252 2701 465 2773 propositionem
480 2701 657 2757 libentissime
671 2701 901 2769 observaremus3
953 2717 1045 2774 pesco,
1062 2702 1124 2756 dum
1141 2717 1198 2756 rem
1212 2700 1330 2767 intueor,
1347 2706 1374 2753 et
1388 2698 1468 2753 nobis
1485 2697 1553 2768 ipsis
1568 2697 1679 2769 applico
1691 2697 1753 2754 haec

107 2794 147 2847 stc
160 2790 233 2846 enim
248 2789 308 2861 pios
322 2798 348 2845 et
362 2791 493 2846 honestos
516 2797 619 2845 tantum
644 2789 775 2860 hospites,
792 2789 837 2861 qui
852 2789 903 2845 de·
953 2791 1095 2862 Propheta
1105 2789 1189 2846 rerba
1201 2807 1209 2844 ε
1221 2790 1283 2844 llec
1298 2788 1367 2844 dicit
1381 2789 1540 2845 anninus:
1557 2785 1711 2844 comedent
1723 2789 1753 2844 ct

105 2877 222 2935 votionis
237 2893 317 2934 causa
335 2878 369 2933 ad
384 2893 433 2932 nos
454 2877 587 2944 venirent,
603 2877 630 2932 in
644 2880 695 2934 hac
719 2893 812 2933 eremo
826 2877 903 2934 exci—
952 2896 1037 2953 cuper
1050 2879 1106 2936 crit
1121 2880 1146 2949 (l
1151 2880 1169 2935 V
1180 2881 1245 2950 ch.
1262 2892 1300 2943 rv,
1318 2878 1374 2947 lt).

105 2983 241 3039 paremus,
258 2966 408 3023 vicinomm
428 2981 587 3037 pauperum,
604 2966 702 3036 quibus
722 2966 901 3034 abundamus,
989 2968 1043 3024 Sed
1058 2967 1130 3023 dicet
1143 2966 1242 3038 aliquis
1259 2980 1266 3019 :
1283 2965 1336 3021 Cur
1350 2972 1454 3020 tautum
1467 2979 1612 3020 numemm
1631 2962 1752 3020 familia-

105 3056 221 3129 eqestati
242 3054 353 3111 uberius
376 3053 519 3110 consulere
539 3070 692 3125 possemus,
718 3063 776 3110 eta
796 3053 903 3127 magnis
953 3056 1022 3112 rium
1036 3070 1215 3128 personarum
1234 3055 1306 3125 apud
1319 3068 1369 3110 vos
1392 3053 1519 3108 habetis?
1533 3052 1645 3109 Nullam
1666 3069 1753 3124 pror·

106 3143 179 3200 curis
192 3151 218 3200 et
230 3143 372 3199 laboribus
387 3143 485 3197 domus
499 3142 551 3197 ista
565 3142 729 3199 liberaretur
740 3161 748 3211 ;
760 3151 788 3197 ct
802 3143 904 3214 impos·
953 3160 999 3200 sus
1023 3144 1189 3215 superfluam
1208 3142 1282 3214 apud
1302 3157 1353 3198 nos
1376 3141 1480 3198 servari
1494 3157 1527 3197 ex
1541 3141 1610 3196 intra
1624 3141 1753 3199 dicendis

106 3231 185 3287 sibile
206 3240 247 3286 est
271 3231 374 3303 aliquid
388 3230 416 3286 in
429 3232 479 3286 hac
503 3238 583 3303 parte
605 3247 677 3288 nunc
697 3240 810 3287 mutare.
835 3233 902 3288 Rem
953 3232 1095 3289 constabit.

107 3319 238 3391 optimam
261 3319 392 3376 habemus
414 3319 443 3374 in
466 3319 605 3376 desiderio
626 3327 653 3376 et
672 3319 829 3387 voluntate,
853 3321 902 3376 sed
988 3323 1054 3378 Tres
1069 3322 1167 3376 domus
1182 3336 1253 3375 nune
1277 3318 1359 3374 unitae
1383 3326 1453 3385 sunt,
1470 3319 1539 3374 etin
1561 3334 1645 3374 unam
1666 3318 1753 3376 veluti

106 3407 179 3463 illam
194 3407 275 3480 plene
289 3407 402 3478 exsequi
415 3424 470 3463 non
479 3408 600 3464 valemus
611 3409 638 3463 in
653 3424 747 3481 opere.
763 3408 902 3464 Tumultus
953 3410 1077 3465 conflatae
1098 3410 1127 3463 in
1150 3409 1232 3464 domo
1261 3407 1421 3473 Carthnsiae,
1446 3423 1545 3478 nempe
1567 3407 1628 3478 ipsa
1652 3407 1752 3464 domus

105 3512 172 3553 vero
186 3495 237 3552 iste
258 3495 394 3568 hospitum
409 3497 568 3552 claustrales
587 3505 705 3566 nostros,
722 3497 777 3569 qui,
794 3504 822 3552 ut
835 3497 900 3564 dixi,
953 3497 1112 3564 carthusia,
1134 3496 1232 3553 domus
1254 3495 1387 3551 Curreriae
1401 3504 1428 3551 et
1440 3496 1537 3552 domus
1560 3495 1671 3562 Calesii,
1687 3511 1751 3568 quae

105 3600 205 3656 corpus
218 3584 321 3640 ordinis
336 3584 464 3651 efficiunt,
480 3584 508 3638 in
522 3585 596 3641 nullo
619 3585 703 3657 tangit
725 3593 770 3640 aut
793 3585 901 3657 inquic·
952 3586 1040 3644 ambae
1053 3593 1200 3657 postremae
1214 3600 1286 3640 nnnc
1300 3585 1370 3639 intra
1385 3585 1516 3640 terminos
1529 3584 1616 3640 ererni
1630 3584 1752 3641 carthu-

104 3680 144 3728 tat
159 3691 166 3727 ε
182 3671 308 3729 monaehi
329 3673 402 3728 euim
426 3673 574 3729 carthusiae
597 3690 674 3746 aeqne
689 3673 778 3746 quiete
792 3681 819 3730 et
834 3674 901 3729 soli·
952 3676 999 3731 siae
1014 3675 1066 3730 late
1081 3682 1204 3745 sumptos
1218 3673 1276 3728 sita
1290 3681 1362 3739 sunt,
1379 3680 1406 3728 et
1420 3672 1485 3729 olim
1506 3673 1633 3746 quaelibet
1652 3688 1751 3730 aarum

105 3760 172 3816 tarie
187 3760 214 3814 in
228 3760 343 3816 claustro
359 3760 470 3832 degunt,
486 3776 518 3816 ac
532 3761 555 3816 si
567 3761 708 3818 rarissime
731 3762 852 3833 hospites
865 3763 901 3817 ad
951 3780 1031 3820 suum
1051 3772 1213 3820 conventum
1239 3762 1339 3816 habuit.
1364 3762 1431 3818 Cum
1453 3769 1543 3817 autem
1566 3763 1625 3817 istae
1649 3761 1751 3819 domus

105 3860 155 3900 1108
169 3844 302 3899 sennem.
951 3869 1042 3925 parvae
1057 3859 1158 3918 essent,
1174 3851 1289 3906 maxime
1308 3857 1370 3920 post
1383 3849 1539 3906 incendium
1553 3843 1653 3906 doinus
1666 3851 1751 3907 Cale-

141 3932 222 3987 Num.
240 3936 265 3986 7.
286 3933 385 3988 Verum
399 3933 447 4004 qni
461 3932 559 3988 domas
578 3931 662 4004 hujus
677 3949 826 4005 expensos,
842 3941 897 3990 etc.
917 3905 994 4008 Gsii,
1007 3941 1040 3995 ab
1064 3940 1200 3996 hereticis
1224 3947 1363 4011 postremo
1387 3938 1488 3995 saeculo
1511 3937 1619 4005 tamum,
1643 3954 1750 3997 convc-

104 4019 195 4075 Facilc
209 4018 378 4074 adhibebunt
391 4017 472 4076 tidem
487 4019 605 4075 lectores
618 4021 741 4091 piissimo
765 4021 899 4092 scriptori,
950 4029 1148 4085 niensissimum
1175 4027 1322 4096 judicatum
1345 4034 1387 4082 est
1409 4027 1490 4083 etiam
1512 4027 1623 4083 domum
1647 4027 1752 4084 Calesii

105 4108 167 4179 quia
190 4108 277 4164 sciunt
298 4107 471 4164 Carthusiam
495 4116 559 4165 tunc
582 4111 689 4182 amplas
711 4110 901 4182 possessiones
950 4117 1044 4174 domui
1058 4116 1208 4173 Carthasim
1223 4116 1332 4186 llajoris
1347 4116 1435 4185 unire,
1451 4116 1520 4172 sieut
1533 4125 1595 4172 ante
1608 4124 1751 4174 trecentos

103 4213 158 4253 non
172 4196 311 4253 habuisse.
331 4197 409 4253 Nunc
433 4213 508 4265 vero,
525 4198 636 4270 quiade
658 4200 767 4273 magnis
787 4216 900 4271 posses·
949 4222 1036 4262 annos
1056 4206 1112 4275 jam
1135 4205 1160 4261 ei
1182 4205 1256 4259 unita
1281 4204 1330 4259 fuit
1353 4205 1451 4259 demus
1474 4204 1617 4273 Curretia,
1633 4213 1662 4261 et
1683 4205 1750 4262 inde

104 4285 227 4341 sionibus
242 4293 269 4341 et
283 4285 384 4342 divitiis
398 4287 541 4342 cumulatis
556 4287 657 4359 ubique
670 4289 803 4356 audimus,
822 4289 901 4361 quasi
949 4293 1049 4350 lactum
1064 4300 1148 4350 estut
1163 4293 1311 4349 claustmm
1334 4292 1485 4349 Carthasiae
1499 4293 1594 4364 augeri
1612 4288 1749 4362 debuerit,

103 4373 271 4445 paradoxum
302 4375 448 4441 videretur,
474 4375 497 4431 si
518 4392 569 4431 nos
593 4377 688 4432 eadem
716 4377 800 4434 verba
822 4379 900 4434 nobis
950 4383 1028 4439 novis
1043 4382 1119 4439 cellis
1136 4381 1308 4449 constmctis‚
1325 4381 1401 4452 quasi
1422 4397 1473 4452 pre
1497 4381 1585 4438 tribus
1604 4390 1749 4440 monaste·

103 4476 309 4532 usurparemus.
336 4463 392 4519 Sed
414 4478 478 4519 rere
507 4472 533 4519 et
557 4465 662 4539 absque
686 4465 742 4521 ullo
766 4466 901 4522 mendacii
949 4471 1009 4527 riis.

103 4549 202 4605 timore
215 4550 311 4605 eadem
326 4549 448 4621 prolerre
462 4567 517 4608 non
532 4552 635 4621 dubito,
648 4561 674 4609 et
688 4553 765 4609 testis
779 4562 821 4610 est
835 4553 900 4609 mhi
984 4560 1121 4615 Numerus
1135 4575 1204 4632 ergo
1214 4560 1406 4616 monachorum
1416 4559 1445 4614 in
1456 4559 1517 4631 ipsa
1530 4560 1611 4616 domo
1627 4560 1748 4617 Cartha-

103 4637 226 4693 Christus
245 4638 377 4710 quianon
398 4639 525 4695 mentior.
544 4642 684 4722 Utautern
705 4641 795 4712 aliquo
818 4643 900 4699 modo
949 4648 997 4705 siae
1011 4647 1246 4715 commorantium,
1262 4649 1296 4703 ad
1319 4648 1500 4720 quadraginta
1525 4648 1645 4721 quinque
1668 4663 1749 4706 com·

102 4725 147 4783 ria
171 4727 321 4783 credulitati
341 4727 369 4782 id
392 4727 542 4801 legentium
571 4729 719 4800 aperiatur,
744 4729 789 4786 bie
816 4730 900 4786 animi
949 4736 1067 4792 maniter
1087 4736 1156 4791 solet
1177 4736 1336 4792 ascendere.
1362 4738 1429 4793 Cum
1453 4752 1517 4793 vero
1534 4736 1626 4793 missae
1650 4743 1677 4792 et
1695 4737 1748 4793 alin

102 4814 190 4885 gratia
204 4814 307 4886 aliquid
321 4815 356 4870 de
371 4814 534 4888 quotidianis
544 4815 641 4873 domus
655 4817 735 4886 hujus
749 4819 899 4875 Carthusiae
948 4825 1041 4881 divina
1055 4823 1144 4880 officia
1159 4832 1233 4880 recto
1252 4833 1317 4880 tono
1330 4833 1377 4879 aut
1400 4826 1497 4881 saltem
1520 4825 1656 4880 submissa
1679 4840 1748 4882 voce

101 4903 233 4959 oneribus
248 4905 382 4961 dicemus.
949 4913 977 4969 in
1000 4912 1126 4968 domibus
1149 4912 1286 4969 Curreriae
1308 4922 1335 4969 et
1350 4913 1450 4970 Calesii
1475 4913 1594 4985 persolvi
1616 4912 1745 4979 debeant,

138 4991 277 5048 Ducentos
300 4993 498 5067 quinquaginta
512 5001 539 5050 et
553 4994 623 5050 ultra
645 5010 779 5067 personas
802 4997 899 5054 domus
948 5001 1098 5072 prudenter
1122 5001 1277 5056 ordinatum
1298 5000 1347 5056 init
1366 5010 1395 5057 ut
1418 5002 1545 5058 monachi
1568 5009 1595 5057 et
1618 5001 1748 5059 conversi

102 5078 251 5135 Carthusim
279 5082 359 5136 habet
383 5081 504 5154 quotidie
532 5082 644 5138 alendas
667 5093 693 5140 et
717 5086 751 5142 de
774 5086 900 5142 omnibus
948 5088 1082 5154 seniores,
1113 5089 1217 5144 debiles
1245 5098 1270 5145 et
1295 5089 1394 5145 infirmi
1418 5091 1452 5146 ad
1476 5091 1586 5147 domum
1614 5090 1749 5146 Curreriae

100 5167 294 5239 providendas,
311 5170 462 5240 hospitibus
480 5170 688 5228 advenientibus
701 5190 755 5229 non
770 5191 898 5230 numera·
948 5177 1129 5244 mitterentur,
1141 5194 1204 5233 curn
1218 5178 1363 5234 sufficienti
1376 5178 1476 5234 familia
1491 5179 1526 5234 ad
1540 5181 1581 5235 eis
1594 5177 1748 5236 inservien-

101 5255 146 5322 tis,
163 5255 280 5326 quinon
296 5273 357 5313 raro
371 5258 575 5332 quinquaginta,
600 5262 750 5334 sexaginta,
767 5263 821 5319 imo
842 5259 935 5319 lereD
950 5265 1024 5333 dum,
1040 5265 1068 5320 in
1084 5283 1136 5338 qua
1150 5266 1212 5323 ideo
1235 5267 1417 5323 communiter
1431 5268 1526 5324 decern
1551 5275 1605 5322 tam
1621 5266 1751 5322 monachi

101 5344 240 5416 octoginta
262 5344 407 5417 aliquando
430 5347 458 5402 in
480 5364 536 5403 una
558 5349 603 5405 die
627 5350 777 5407 Canthusiae
799 5367 901 5422 perne·
947 5370 1029 5426 quam
1043 5355 1169 5411 conversi
1192 5355 1314 5411 residere
1338 5357 1427 5413 solent
1444 5371 1450 5410 :
1466 5357 1494 5410 in
1509 5357 1590 5412 domo
1613 5371 1681 5412 vero
1695 5355 1751 5411 Ca·

101 5438 205 5488 cuntes
221 5449 276 5490 non
291 5434 376 5491 semel
399 5437 532 5493 numerati
556 5446 629 5494 sunt.
646 5438 719 5508 Quot
732 5438 814 5494 mulis
832 5454 901 5512 opus
946 5443 1007 5498 lesii
1023 5451 1079 5499 tres
1094 5443 1292 5501 monachicum
1315 5445 1403 5501 tribus
1417 5445 1461 5502 vel
1481 5452 1597 5517 quatuor
1619 5444 1683 5517 plus
1697 5444 1753 5500 nri·

101 5526 152 5589 est,
178 5537 295 5594 quorum
318 5523 406 5582 dorsis
430 5525 522 5582 omnia
545 5527 700 5584 necessaria
724 5527 777 5584 huc
803 5526 903 5586 euveni
945 5546 1034 5588 nusve
1055 5529 1195 5588 iratribus.
1210 5533 1242 5588 ln
1263 5532 1344 5590 domo
1369 5549 1435 5591 vero
1458 5532 1608 5590 ὒεηὴιιεὶω
1630 5539 1672 5590 tot
1694 5531 1753 5590 iera
