3742 5986
171 237 223 289 895
623 236 801 293 BllliNriliDl
821 233 948 292 cluth.
973 232 1165 292 PORTARUM
1183 234 1323 292 Ptttottts
1341 235 1363 292 1.
1772 238 1821 290 896

169 374 262 414 aerem
277 359 412 417 inclusum
434 362 542 429 obesse,
566 360 638 433 quod
663 368 688 415 et
703 361 801 416 crebra
812 359 915 431 Jejuuia
930 358 1003 420 sud
1020 360 1127 414 redeas.
1143 359 1217 416 Tunc
1231 367 1333 427 autem,
1347 359 1417 416 sicut
1430 375 1511 431 supra
1526 359 1657 430 diximus,
1673 359 1821 431 spirituali·

168 461 232 502 cere
248 457 417 516 noscuntur;
434 465 488 504 nou
503 449 670 504 arbitramur
685 447 733 503 tibi
748 448 878 520 expedire
894 448 965 519 quod
1018 446 1070 501 bus
1084 446 1190 514 studiis,
1209 463 1264 503 non
1288 462 1385 503 somno
1408 447 1494 503 debes
1517 463 1630 518 operam
1653 447 1736 502 dare.
1752 447 1821 502 llaro

167 550 298 607 maguum
323 537 491 592 abstineutiae
506 537 627 610 rigorem
643 552 779 592 assumas.
800 536 885 607 lgitur
901 535 967 590 satis
1018 534 1088 589 enim
1105 534 1152 607 qui
1167 535 1280 590 studiosi
1295 543 1356 590 suut
1380 535 1407 589 in
1432 534 1608 606 spiritalibus,
1625 534 1674 591 tali
1689 543 1822 605 tempore,

169 638 231 678 esse
245 624 392 692 oredimus,
409 633 438 679 ut
453 633 530 680 sexta
546 624 613 680 teria
628 624 713 680 semel
728 623 843 689 reficias,
860 640 908 695 per
923 632 966 678 to·
1018 621 1070 676 nisi
1085 621 1155 677 torte
1169 622 1327 678 minutionis
1339 638 1423 679 causa
1437 623 1554 678 dormire
1573 623 1675 678 solent.
1707 620 1824 690 Quodsi

166 717 223 764 turn
238 726 338 765 aunum
355 730 362 765 :
378 712 537 766 abstinendo
552 712 661 784 quidem
672 728 687 767 a
699 712 771 778 viuo,
784 713 833 767 sed
844 712 967 782 pulmcn-
1019 709 1166 780 aliquando
1189 710 1348 781 productior
1369 711 1436 766 hora
1451 718 1609 781 superesset
1623 725 1717 782 usque
1731 710 1768 763 ad
1782 709 1822 764 ln·

167 804 222 851 tum
239 799 390 865 sumendo;
407 800 459 853 uisi
474 799 534 854 testi
555 800 625 865 dies,
651 800 694 854 vel
709 807 813 855 octavae
827 813 967 854 sacrarum
1019 812 1090 866 cem,
1107 805 1133 852 et
1147 797 1336 852 dormiendum
1349 797 1397 852 tibi
1406 805 1526 869 putares,
1539 797 1696 853 orationem
1707 796 1822 865 solitam,

168 885 368 941 solemnitatum
392 887 496 941 Natalis
522 886 639 955 Domini,
667 888 779 943 Paschae
793 895 820 942 et
836 888 990 942 Puniceo·
1018 885 1041 939 si
1057 901 1153 939 somno
1177 885 1257 940 nimis
1278 893 1408 958 gravatus
1429 901 1484 941 nou
1508 900 1585 941 esses
1605 885 1732 941 deberes
1752 886 1824 956 prius

168 979 224 1028 stes
240 974 415 1040 occurrerint,
437 973 480 1028 vel
504 975 666 1048 sanguinem
682 974 822 1042 minueris,
841 975 883 1029 vel
898 974 969 1029 forte
1019 972 1110 1028 lacere
1125 992 1132 1041 ·,
1149 981 1175 1029 et
1189 982 1293 1044 postea,
1306 973 1328 1028 si
1339 974 1374 1027 ita
1384 980 1531 1044 oporteret,
1544 972 1688 1045 paulisper
1697 989 1824 1028 somnum

77 1127 79 1131 7
168 1068 287 1130 aegrotus
303 1059 397 1116 fueris.
416 1060 494 1130 Quod
510 1062 533 1116 si
544 1069 638 1133 quarta
648 1060 716 1116 teria
726 1062 821 1116 eadem
832 1061 970 1116 abstineu-
1023 1069 1145 1132 gustare.
1170 1060 1302 1116 Stantem
1319 1060 1405 1117 libros
1419 1061 1591 1117 necessarios
1606 1061 1642 1116 ad
1657 1069 1823 1118 nocturnum

167 1146 203 1201 tia
219 1147 266 1201 tibi
287 1148 464 1221 transigenda
488 1149 619 1211 videatur,
643 1149 711 1203 nihil
734 1149 847 1204 ulterius
863 1149 968 1204 adden·
1019 1147 1139 1204 officium
1154 1164 1209 1203 non
1224 1149 1340 1203 baberes
1355 1149 1436 1220 (quos
1451 1156 1540 1204 tamen
1554 1149 1604 1204 tibi
1614 1148 1824 1204 defuturosuon

169 1233 233 1289 dum
248 1251 402 1290 censemus.
429 1236 536 1304 Jejunia
556 1235 628 1291 enim
651 1237 679 1290 iu
701 1252 770 1307 panc
790 1244 817 1291 et
840 1252 919 1307 aqua,
937 1249 970 1290 ea
1021 1236 1209 1307 arbitramur),
1233 1236 1350 1292 deberes
1373 1235 1416 1291 vel
1440 1243 1512 1302 aute,
1537 1236 1579 1291 vcl
1594 1235 1670 1293 circa
1686 1251 1823 1302 auroram,

168 1337 249 1393 quam
266 1339 347 1393 supra
364 1323 480 1377 diximus
495 1340 585 1388 causa,
601 1339 656 1378 nou
670 1324 832 1378 arbitramur
846 1324 893 1378 tibi
908 1339 969 1378 esse
1019 1323 1054 1378 ad
1069 1324 1228 1389 orationem,
1246 1332 1271 1378 et
1286 1324 1320 1378 ad
1335 1323 1438 1394 aliquid
1453 1322 1525 1378 aliud
1544 1323 1727 1394 spiritualiter
1743 1338 1825 1395 agen-

168 1411 311 1464 commoda
327 1426 334 1464 :
350 1410 402 1464 uisi
425 1410 493 1465 torte
516 1411 640 1465 videntur
663 1411 710 1465 tibi
734 1411 774 1467 sic
790 1427 852 1466 esse
867 1410 968 1465 trausi—
1020 1411 1085 1466 dum
1101 1427 1265 1482 exsurgere.
1284 1412 1315 1466 ln
1329 1418 1421 1466 aestate
1434 1426 1552 1483 quoque,
1563 1411 1644 1487 guod
1658 1426 1738 1483 pene
1751 1410 1825 1467 obliti

168 1498 274 1568 gondas
289 1497 397 1570 vigilias
408 1499 504 1552 harum
514 1498 725 1565 solemnitatum,
736 1499 840 1554 Natalis
850 1499 969 1566 Domini,
1020 1497 1170 1565 fueramus,
1197 1498 1281 1555 debes
1302 1507 1364 1570 post
1388 1498 1538 1566 meridiem,
1554 1498 1625 1555 sient
1640 1507 1669 1555 et
1685 1499 1823 1567 monachi,

170 1585 291 1651 Paschae,
304 1587 492 1651 Pentecostes,
509 1586 685 1641 tlscensionis
699 1594 726 1641 et
741 1587 768 1641 S.
787 1588 899 1642 ioannis
916 1588 970 1642 lla·
1021 1586 1154 1643 dormire.

167 1672 266 1744 ptistae,
297 1673 371 1729 Petri
394 1682 419 1729 et
451 1673 527 1728 Pauli
548 1674 742 1744 apostolorum,
768 1675 1006 1761 assumptionisB
1057 1675 1094 1730 De
1109 1676 1238 1731 oratione
1253 1675 1406 1731 communi.
1422 1703 1457 1714 -
1471 1673 1595 1730 Orationi
1610 1673 1822 1743 instantissime,

169 1760 257 1816 beatae
272 1761 370 1829 llariae,
388 1769 413 1816 et
422 1760 550 1817 Omnium
561 1762 733 1818 Sanctomm.
746 1762 889 1834 Reliquum
900 1779 966 1819 vero
1017 1772 1043 1820 et
1058 1762 1236 1818 intentissime
1257 1761 1400 1817 intendere
1419 1761 1587 1818 memineris.
1613 1763 1657 1818 Ab
1684 1763 1743 1819 hac
1754 1762 1825 1819 uuila

167 1858 275 1919 tempus
295 1849 375 1903 totius
399 1848 471 1915 anui,
497 1865 574 1905 more
597 1851 792 1906 monachorum
811 1850 858 1905 tibi
873 1844 967 1905 t'raus·
1017 1867 1136 1923 uuquam
1158 1849 1320 1915 sollicitudo,
1345 1849 1419 1904 nulla
1432 1849 1575 1922 agritudo,
1591 1849 1637 1905 vel
1652 1849 1787 1907 molestia
1799 1859 1824 1908 te

166 1936 297 2009 igendum
311 1944 454 2008 putamus;
471 1946 499 1991 ut
515 1938 629 2003 scilicet,
646 1939 679 1992 ab
690 1939 782 1994 ldibus
797 1938 967 2009 Septembris
1016 1945 1136 1994 revocet.
1153 1937 1213 1993 Ora
1227 1945 1318 1992 autem
1333 1952 1388 1992 non
1402 1952 1452 2008 pro
1462 1944 1518 2004 trra,
1530 1937 1579 1992 sed
1591 1944 1617 1993 et
1628 1953 1684 2008 pro
1704 1939 1824 1994 omnium

167 2025 304 2095 usquead
320 2026 424 2080 Pascha
439 2025 524 2081 semel
540 2026 686 2092 comedas;
702 2027 967 2082 aPascbaverous-
1018 2025 1136 2081 fidelium
1174 2025 1308 2090 vivorum,
1339 2024 1545 2094 nasciturorum,
1573 2032 1603 2080 et
1628 2024 1824 2083 detunctorum

169 2127 222 2183 que
237 2112 271 2166 ad
294 2112 405 2167 easdem
430 2113 493 2166 ldus
509 2113 551 2167 bis
567 2112 681 2169 reficias.
698 2113 795 2168 Vinum
810 2129 918 2186 quoque
932 2114 968 2169 ad
1017 2114 1114 2180 salute,
1140 2120 1165 2168 et
1191 2128 1240 2184 pro
1255 2112 1296 2167 eis
1310 2127 1424 2184 quorum
1439 2112 1537 2167 solatio
1550 2114 1731 2179 sustentaris,
1747 2114 1824 2169 simul

166 2215 324 2254 mensuram
348 2201 553 2265 monachorum,
575 2201 623 2256 sed
646 2217 786 2272 nunquam
810 2218 908 2272 purum
923 2202 968 2256 bi·
1018 2211 1044 2258 et
1059 2217 1110 2272 pro
1122 2200 1211 2255 nabis.
1227 2201 1302 2256 Tunc
1317 2199 1400 2255 fretus
1414 2199 1529 2270 Spiritus
1544 2200 1634 2255 sancti
1649 2201 1769 2270 auxilio,
1781 2201 1824 2275 qni

167 2286 267 2352 beudo,
291 2294 318 2342 et
338 2295 445 2353 caetera,
470 2304 530 2359 quae
548 2289 596 2343 tibi
618 2289 654 2343 ab
679 2289 718 2343 eis
732 2288 965 2354 ministrabuntur,
1017 2290 1096 2345 docet
1110 2304 1189 2343 orare
1198 2295 1308 2343 sanctos
1316 2289 1467 2359 gemitibus
1476 2288 1726 2346 inenarrabilibus
1736 2292 1821 2360 (dont.

167 2390 229 2430 cum
244 2375 395 2447 gratiarum
420 2376 527 2431 actione
550 2375 728 2447 percipienda
743 2391 749 2430 :
767 2384 880 2447 excepto
895 2378 968 2448 quod
1018 2393 1078 2446 vrrr,
1094 2376 1150 2448 26),
1174 2376 1250 2444 juxta
1265 2375 1435 2430 Dominicam
1455 2374 1675 2432 exhortationem
1688 2377 1821 2445 ;·intraiu

167 2477 184 2517 a
199 2463 328 2518 carnibus
342 2471 369 2518 et
397 2463 533 2535 sauguine
556 2463 618 2536 (uisi
645 2463 755 2535 quando
778 2464 968 2536 aegrotaveris)
1017 2463 1171 2520 cubiculum
1185 2463 1277 2519 cordis
1291 2463 1338 2528 tui,
1355 2470 1381 2517 et
1396 2462 1490 2518 clauso
1502 2463 1572 2519 ostio
1587 2465 1717 2534 pectoris
1731 2472 1821 2522 contra

166 2549 215 2605 tibi
231 2550 423 2605 abstinendum
447 2558 583 2622 putamus.
602 2550 671 2605 lllud
686 2559 757 2606 atem
773 2552 968 2624 Evangelicum
1017 2552 1162 2617 vanitates,
1180 2559 1206 2606 ct
1230 2551 1384 2606 immundas
1407 2550 1600 2624 cogitationes,
1617 2553 1725 2624 quibus
1740 2553 1820 2609 bostis

166 2646 273 2708 oportet
289 2646 315 2693 te
329 2638 356 2692 iu
372 2636 520 2693 reiectione
536 2655 645 2709 semper
655 2640 805 2706 attendere,
827 2639 900 2711 quod
911 2641 968 2695 Do·
1017 2641 1169 2710 irrumpere
1196 2638 1298 2705 nititur,
1328 2654 1376 2694 ora
1404 2639 1511 2694 Patrem
1539 2646 1616 2699 tuutu
1646 2640 1678 2695 iu
1704 2641 1817 2697 abscon·

166 2725 258 2780 miuus
273 2723 311 2780 ait'
326 2744 333 2780 :
350 2727 498 2781 Attendite
513 2727 814 2798 negraaenturcordo
829 2731 922 2783 vestra
937 2729 969 2783 in
1018 2729 1086 2783 dito.
1117 2726 1197 2783 Omni
1218 2728 1297 2792 bora,
1324 2734 1455 2797 quantum
1473 2727 1590 2782 Domino
1605 2735 1818 2800 prestantem-

166 2815 328 2886 crapulaet
345 2815 567 2883 ebrietate(l.ac.
584 2830 638 2878 xxx,
655 2814 970 2885 tihthuodaithpn·
1017 2815 1093 2881 teris,
1124 2814 1173 2870 sed
1193 2823 1257 2870 tuuc
1280 2813 1518 2886 praecipueomui
1536 2816 1666 2872 custodia
1683 2831 1819 2873 serracor

166 2901 251 2956 stolus
264 2918 270 2956 :
281 2902 381 2957 Carnis
391 2917 533 2957 curamue
540 2903 669 2972 feceritis
678 2904 709 2956 in
721 2900 869 2958 desideriis
877 2903 967 2973 (Rom.
1017 2911 1103 2958 tuum.

167 3004 226 3055 xtu,
244 2989 299 3061 li).
314 2989 479 3045 llediacrem
504 2990 577 3043 euim
602 2989 692 3044 cibum
706 2996 733 3044 et
747 2997 850 3060 potum,
867 2996 894 3045 et
909 3007 968 3045 rue-
1057 2994 1089 3049 ttt
1104 2992 1209 3046 mentis
1224 2992 1252 3046 et
1269 2990 1374 3062 lingant
1384 2990 1533 3048 concordia
1543 2991 1592 3046 stt.
1604 2991 1723 3047 -Cum
1733 2998 1818 3048 autem

165 3077 287 3133 dicarem
310 3092 445 3143 somnum,
463 3084 489 3131 ct
513 3077 621 3141 auimae,
642 3085 668 3132 et
691 3077 800 3148 corpori
816 3077 966 3133 saluberri-
979 3042 1003 3106 ⁰
1017 3079 1126 3135 steteris
1148 3094 1242 3134 coram
1263 3078 1379 3134 Domino
1403 3079 1439 3133 ad
1460 3078 1646 3149 psallendum,
1663 3094 1749 3136 omne
1761 3089 1817 3135 atn-

168 3181 243 3220 mum
259 3181 331 3231 esse,
348 3173 375 3220 et
391 3164 425 3219 ad
440 3165 600 3220 munditiam
615 3165 714 3232 cordis,
737 3173 762 3221 et
778 3165 867 3220 caruis
881 3165 967 3236 pluri·
1016 3168 1100 3235 dium,
1117 3182 1226 3222 omnem
1242 3165 1408 3237 vigilantiam
1422 3166 1531 3231 adhibe,
1546 3173 1577 3220 ut
1591 3182 1675 3222 mens
1690 3183 1755 3224 eum
1767 3167 1818 3222 lin-

166 3269 243 3308 mum
260 3253 392 3323 prodesse
408 3253 576 3307 notissimum
592 3262 642 3308 est.
660 3254 736 3308 Hauc
751 3262 778 3308 tu
793 3253 966 3309 mediocrita-
1016 3271 1071 3325 gna
1086 3253 1248 3320 couvcuiat;
1263 3261 1292 3308 ut
1307 3253 1393 3309 iacias
1408 3253 1481 3325 quod
1500 3253 1537 3309 ait
1551 3254 1707 3324 Apostolus
1723 3270 1730 3311 ε
1747 3255 1817 3311 Coa·

166 3347 220 3396 tem
244 3340 345 3396 sectari
369 3347 525 3408 memento,
558 3342 595 3396 ita
617 3350 643 3396 ut
669 3341 813 3409 eamdem,
839 3349 967 3412 quantum
1017 3347 1111 3398 taates
1121 3347 1150 3398 ct
1159 3342 1314 3414 psallentes
1322 3342 1488 3399 incordiiras
1497 3342 1729 3400 vesontionem
1738 3343 1816 3417 (Epi.

165 3427 281 3484 Domino
306 3428 450 3498 adjuvaute
482 3429 594 3499 poteris,
627 3444 784 3484 mensuram
813 3428 967 3484 relectionis
1016 3445 1044 3496 v,
1062 3430 1125 3500 to);
1142 3437 1168 3485 et
1192 3429 1264 3501 quod
1287 3430 1321 3484 de
1338 3444 1367 3485 se
1379 3428 1492 3485 dicebat
1507 3446 1514 3484 :
1531 3431 1663 3486 Psallam
1678 3435 1709 3488 et
1726 3435 1817 3488 mente

165 3532 275 3588 semper
299 3517 445 3583 servando,
468 3533 556 3589 neque
570 3516 598 3571 iu
620 3516 761 3572 vilioribus
781 3515 850 3572 cibis
864 3516 966 3588 aliquid
1016 3517 1114 3588 (ider.
1140 3533 1196 3586 xrv,
1222 3517 1277 3589 15).
1302 3518 1335 3572 Et
1358 3516 1431 3589 quod
1454 3516 1490 3571 ait
1506 3533 1513 3573 ε
1530 3517 1654 3574 Psallite
1675 3521 1818 3591 sapienter

163 3603 280 3660 naturali
295 3604 448 3660 necessitati
474 3605 643 3670 substrahas,
661 3620 750 3675 neque
765 3603 792 3658 iu
806 3604 967 3660 lautioribus
1015 3607 1104 3678 (Psoi.
1116 3621 1189 3674 xuvr,
1202 3605 1240 3676 8),
1251 3611 1293 3660 et:
1310 3606 1342 3660 la
1353 3607 1687 3677 conspectaaagetornm
1695 3608 1817 3679 pentura

164 3701 192 3749 et
206 3692 433 3759 accuratioribus,
455 3692 517 3763 plus
532 3691 621 3761 solito,
638 3691 681 3748 vel
704 3692 848 3764 plusquam
864 3699 966 3748 naturae
1017 3695 1068 3750 tibi
1091 3693 1179 3763 (Psci.
1204 3708 1323 3760 cxxxvrr,
1346 3694 1383 3764 t).
1410 3693 1475 3749 llaec
1496 3692 1630 3760 iaciendo,
1658 3693 1818 3770 infundente

164 3782 231 3838 satis
246 3788 297 3848 est,
314 3780 642 3851 concupiscentiaecaruis
653 3779 806 3853 indulgeas.
820 3781 885 3836 llaec
899 3788 967 3836 tem·
1016 3781 1115 3853 Spiritu
1131 3788 1224 3836 sancto
1238 3796 1329 3837 rorem
1349 3780 1492 3836 suavitatis
1510 3797 1568 3837 suae
1582 3781 1752 3855 plerumque
1764 3796 1817 3838 non

170 3869 294 3940 perantia
309 3869 405 3936 victus,
423 3876 449 3922 et
463 3868 521 3923 Deo
536 3868 586 3922 crit
600 3868 745 3938 acceptior,
762 3876 788 3923 et
802 3868 837 3923 ad
855 3867 964 3923 mundi·
1014 3868 1187 3942 prophetiam
1211 3868 1254 3923 vel
1274 3869 1359 3924 verba
1375 3869 1410 3924 ab
1429 3868 1483 3924 alio
1498 3868 1597 3924 dictata
1610 3885 1755 3941 promere,
1771 3869 1817 3924 sed

166 3956 233 4012 tiam
249 3955 341 4012 carnis
355 3955 459 4025 pariter
474 3963 500 4010 et
514 3955 606 4010 cordis
620 3955 720 4022 utilior,
736 3963 762 4011 et
772 3955 882 4026 corpori
893 3957 966 4011 salu·
1015 3957 1075 4028 ipsa
1088 3956 1171 4013 verba
1186 3956 1368 4013 devotissime
1382 3956 1514 4013 orationis
1528 3971 1622 4013 coram
1634 3958 1697 4016 Deo
1706 3957 1817 4015 tundere

166 4043 252 4111 brior,
275 4059 355 4115 quam
380 4043 402 4097 si
428 4042 580 4097 robustiora
600 4042 701 4111 jejunia
724 4044 862 4109 sectando,
888 4051 966 4115 post·
1015 4045 1063 4100 tibi
1078 4044 1222 4101 videberis.

165 4133 276 4189 modum
301 4130 449 4187 indiscreta
463 4130 604 4186 saturitate
615 4130 746 4200 jejunium
761 4146 964 4202 compensares.
1051 4135 1089 4189 De
1115 4137 1238 4204 tempore
1257 4134 1413 4188 matutino.
1429 4162 1464 4173 -
1487 4133 1549 4189 Post
1565 4131 1819 4204 psalmodiam,er

201 4225 238 4279 De
254 4221 463 4292 diaiaoOffl-cic.
476 4220 551 4274 -ln
563 4219 660 4276 Officio
673 4219 765 4275 divino
784 4237 864 4276 usum
887 4219 966 4277 cleri-
1015 4221 1177 4286 orationem,
1201 4219 1334 4275 matutino
1355 4219 1470 4276 maxime
1494 4228 1618 4292 tempore
1643 4221 1779 4278 meditare
1792 4221 1819 4276 in

166 4325 261 4366 corum
277 4308 418 4381 sequaris3
433 4308 506 4364 unde
521 4324 574 4364 non
591 4309 677 4363 babes
688 4324 802 4364 necesse
818 4318 848 4364 ut
861 4308 965 4365 scriba·
1014 4310 1078 4383 lege
1093 4309 1152 4375 Dei,
1170 4316 1247 4380 prout
1258 4307 1317 4379 ipse
1327 4308 1444 4381 gratiam
1453 4308 1502 4363 tibi
1511 4308 1618 4364 dederit
1636 4326 1644 4364 :
1661 4317 1688 4366 et
1697 4309 1766 4383 quid
1773 4307 1819 4364 tibi

163 4413 225 4453 mus
248 4396 306 4452 tibi.
335 4399 370 4452 Ut
395 4405 484 4452 autern
511 4397 641 4452 observes
663 4398 733 4452 hauc
761 4390 1000 4454 distinctionemD
1014 4397 1152 4470 praecipiat
1176 4396 1318 4456 Dominus.
1341 4396 1457 4468 qualiter
1478 4397 1542 4452 illud
1561 4396 1694 4468 impleas,
1722 4398 1752 4453 iu
1775 4413 1817 4454 se·

164 4485 294 4557 temporis
309 4485 336 4539 in
351 4485 447 4540 eodem
461 4484 553 4540 divino
564 4484 659 4541 Officio
670 4485 864 4556 persolvendo,
875 4501 964 4558 quan·
1015 4495 1091 4542 creto
1105 4486 1196 4541 cordis
1212 4484 1249 4539 tui
1265 4485 1387 4540 scrutare
1403 4501 1410 4539 :
1427 4493 1453 4540 et
1467 4485 1503 4540 ad
1518 4484 1645 4558 regulam
1659 4485 1817 4542 divinorum

164 4582 219 4629 tam
240 4572 344 4644 poteris
369 4572 539 4644 diligentium
561 4573 658 4628 adhibe
676 4588 682 4626 ε
699 4580 728 4627 ut
743 4573 856 4643 scilicet,
872 4574 915 4629 vel
929 4573 964 4628 ad
1014 4575 1215 4640 mandatorum,
1241 4581 1267 4628 et
1290 4573 1325 4628 ad
1349 4573 1488 4644 exemplar
1511 4581 1672 4629 sauctorum
1695 4575 1816 4642 Petrum,

164 4661 300 4735 gallorum
315 4669 434 4729 cantum,
461 4660 503 4716 vcl
520 4661 554 4716 ad
576 4662 684 4733 signum
699 4662 904 4728 monachornm,
921 4661 965 4717 vel
1014 4662 1199 4718 tortitudinem
1228 4661 1319 4717 cordis
1347 4661 1384 4716 tui
1404 4668 1430 4717 ct
1451 4677 1557 4717 moram
1579 4670 1693 4718 tuomm
1715 4662 1815 4736 dirige.

165 4751 200 4807 ad
213 4750 420 4806 aestimationem
436 4757 508 4804 tuam
526 4748 573 4804 tali
588 4758 710 4820 tempore
718 4764 825 4820 surgas.
838 4750 871 4806 Ut
881 4765 898 4804 a
908 4750 964 4804 lla·
1014 4751 1089 4807 ldem
1105 4750 1127 4805 si
1143 4749 1253 4821 quaudo
1272 4749 1300 4803 iu
1313 4748 1384 4805 lecto
1400 4749 1522 4805 dormire
1536 4765 1591 4805 non
1600 4751 1722 4821 poteris,
1731 4748 1818 4807 tacere

165 4838 255 4894 lendis
276 4837 403 4895 Octobris
424 4837 560 4909 usquead
581 4838 684 4893 Pascha
709 4845 772 4893 ante
787 4853 965 4904 auroram;a
1014 4839 1092 4895 stude
1120 4819 1181 4894 sine
1209 4836 1421 4900 intermissione,
1443 4836 1516 4909 quod
1544 4846 1640 4894 mouet
1668 4838 1817 4910 Scriptura,

165 4927 271 4982 Pascha
291 4942 357 4982 vcro
385 4941 473 4997 usque
501 4925 534 4979 ad
562 4925 706 4995 pradictus
721 4925 867 4990 Kalendas,
884 4925 965 4996 paulo
1017 4928 1088 4999 quod
1100 4935 1127 4982 et
1135 4927 1216 4998 paulo
1226 4933 1288 4981 ante
1297 4924 1570 4981 commemoravimus
1586 4941 1593 4979 ε
1612 4927 1709 4995 Omni,
1723 4925 1816 5000 inquit,

163 5021 224 5086 post
249 5029 375 5070 auroram
405 5022 564 5070 nocturnum
595 5011 717 5069 Oliicium
733 5012 819 5068 iruias.
845 5013 965 5068 Primam
1014 5014 1818 5087 castodicservccortaum,quaatcmeaipaoaitnprace

161 5100 285 5157 cantabis
309 5101 337 5155 iu
367 5102 465 5166 hieme,
496 5101 650 5156 lucescente
679 5117 776 5157 aurora
802 5119 808 5155 :
833 5102 963 5171 Tertiam,
1014 5105 1057 5160 dit
1073 5104 1165 5174 (Pron.
1182 5118 1221 5169 tv,
1236 5104 1293 5172 23).
1319 5102 1373 5157 Res
1388 5102 1460 5157 enim
1475 5101 1610 5158 instabilis
1626 5111 1668 5158 est
1682 5103 1817 5158 humanus

164 5188 268 5245 oriente
289 5190 356 5256 sole,
383 5197 488 5244 sextam
506 5204 570 5244 vero
596 5197 622 5244 ct
645 5190 762 5257 Nouam,
787 5190 922 5261 vesperas
938 5197 965 5246 et
1014 5192 1132 5259 animus,
1149 5198 1175 5247 et
1191 5190 1243 5245 nisi
1258 5206 1377 5260 semper,
1395 5197 1524 5262 quantum
1539 5190 1675 5246 Dominus
1689 5191 1817 5260 adjuvare

164 5277 378 5348 Completnrium
394 5277 427 5332 ad
442 5278 551 5349 signum
567 5279 773 5334 monachorum.
790 5277 818 5332 Si
833 5276 963 5349 prescri-
1016 5281 1154 5348 dignatur,
1176 5278 1276 5334 sanctis
1303 5277 1524 5333 meditationibus
1551 5286 1705 5350 occupatus
1720 5290 1817 5351 magno

166 5372 242 5437 ptum
257 5373 364 5437 tempus
380 5366 510 5438 surgendi
520 5367 553 5421 ad
565 5374 726 5423 nocturnum
736 5365 965 5437 officiumpoteris
1015 5367 1106 5423 studio
1122 5375 1266 5431 teneatur,
1281 5373 1426 5437 postquam
1439 5365 1550 5422 defluxit
1563 5380 1615 5437 per
1631 5365 1779 5432 vanitates,
1794 5370 1818 5418 ct

165 5451 330 5522 observare,
353 5453 387 5509 ad
413 5453 510 5510 lectum
544 5454 704 5513 matutinum
728 5453 803 5511 horis
827 5469 963 5526 nunquam
1014 5454 1208 5520 immunditias,
1238 5469 1305 5528 quas
1323 5461 1440 5511 tentator
1463 5469 1624 5529 suggerere,
1647 5461 1677 5513 el
1692 5454 1818 5529 ingerere
