3750 5984
59 212 115 268 dli
349 207 539 268 musmo
557 210 595 267 IN
612 206 803 267 aelstanus
820 208 935 268 PAULI.
948 240 983 254 ·-
997 211 1036 270 IN
1052 212 1162 270 uets't.
1183 214 1208 269 ΙΙ
1225 213 1273 270 tn
1290 212 1414 272 THESS.
1656 218 1708 274 ill
1800 208 1802 214 ⁴

58 341 104 389 ast
116 333 144 388 in
158 332 325 390 institutione
342 333 441 390 Christi
455 335 528 399 lesu,
544 349 662 407 cumque
677 333 711 389 sit
726 333 894 396 institution
909 336 1023 406 potestis
1041 355 1048 404 ;
1064 339 1124 410 ipae
1137 342 1234 394 nutem
1257 339 1330 394 Dens
1350 340 1432 412 pacis
1450 337 1574 410 perficiat
1587 338 1615 394 in
1629 339 1708 395 vobis
1816 398 1821 407 ,

61 420 114 478 Dei
127 421 262 488 voluntas,
286 429 392 493 oportet
414 437 504 488 orare,
530 422 634 495 gratias
658 437 751 492 agere.
778 420 858 490 Quod
907 423 1015 496 illudliu
1030 441 1084 497 quo
1097 425 1223 491 deficitis,
1240 425 1344 482 scilicet
1359 428 1708 500 sonctificatvorpcrom-

61 508 102 564 ihi
114 510 171 564 ait:
186 510 302 582 Semper
315 511 443 582 pendete,
460 517 524 575 etc,
541 511 576 565 ad
590 509 717 581 praelatos
731 516 856 580 spectat;
907 510 960 576 nia,
978 519 1004 567 et
1018 512 1044 566 in
1062 512 1274 569 sanctificatione
1298 513 1332 568 ab
1356 529 1389 572 eo
1412 514 1477 569 data
1498 531 1548 571 vos
1563 524 1708 573 conservet

62 596 139 652 etad
153 597 284 666 subditos,
301 612 397 653 omnes
410 597 530 669 pendete
545 605 571 653 et
585 601 674 654 orote.
688 598 856 662 vosautem,
908 608 1127 670 perseveranter.
1145 600 1224 670 Quod
1237 602 1273 656 ita
1288 602 1324 656 ait
1339 619 1346 655 :
1362 603 1631 674 sanctificatorem
1645 620 1707 661 aer-

62 685 177 757 praelati,
188 686 278 742 notite
287 687 469 756 exstinquere
482 686 631 757 Spiritum,
642 694 672 741 ut
682 701 714 742 ea
724 702 785 758 quae
795 685 858 757 Spi-
907 691 991 743 vetor
1004 689 1125 759 integer,
1144 689 1172 743 id
1185 697 1226 744 est
1238 705 1292 744 non
1304 697 1450 761 corruptus
1460 690 1549 763 aliqua
1560 692 1622 748 tabe
1632 692 1706 759 mali,

62 773 132 828 ritus
155 781 267 829 sanctus
290 773 484 829 ministraverit
499 773 625 839 subditis,
642 773 797 830 occultetis.
825 774 860 828 Et
908 776 1026 847 spiritns
1038 781 1141 843 oestcr,
1157 777 1185 831 id
1201 785 1242 832 est
1258 778 1325 832 ratio
1340 786 1444 845 vestra,
1461 795 1496 834 ne
1511 780 1576 835 velit
1590 795 1709 837 causeu-
1738 831 1740 834 ,

63 861 235 927 ros,aubditi
243 862 469 931 noliteapcrnerc
477 861 649 934 prophetias,
661 862 688 916 id
701 870 742 917 est
751 860 859 917 revela·
909 864 961 919 tire
977 865 1157 931 sensualitati,
1183 869 1211 921 et
1235 867 1344 930 animo,
1369 867 1397 921 id
1423 874 1465 923 est
1486 868 1657 935 sensualitas,
1675 885 1710 926 ne

61 948 152 1005 bones
166 949 377 1020 scripturarum,
393 951 479 1004 iactas
493 949 571 1004 vobis
581 964 599 1004 a
608 948 737 1020 praelatis.
749 950 782 1005 iit
797 949 860 1005 licet
909 957 979 1008 mate
993 953 1106 1007 suadeat
1114 953 1223 1021 rationi,
1235 958 1265 1009 et
1274 970 1375 1027 corpus
1385 962 1509 1011 servetur
1515 957 1707 1030 sincqnerclo,

63 1037 154 1093 dicam
167 1037 257 1093 nolite
272 1053 415 1109 spernere,
431 1044 524 1093 tamen
537 1038 768 1108 omninprobate,
780 1038 861 1092 idest
910 1056 945 1095 ne
960 1040 1094 1111 polluatur
1108 1057 1191 1112 opere
1216 1041 1360 1110 cujuslibet
1378 1042 1561 1114 turpitudinis.
1577 1045 1712 1101 Servetur

62 1123 245 1197 probabiliter
257 1125 335 1196 prius
358 1124 541 1191 considerate,
558 1141 593 1180 ue
608 1125 771 1182 admistione
786 1125 862 1182 tatsi-
910 1127 972 1183 dico
1001 1131 1043 1195 in,
1056 1128 1084 1183 id
1099 1136 1139 1184 est
1167 1145 1264 1200 usque,
1279 1129 1442 1197 aduentum,
1458 1131 1502 1187 vel
1522 1134 1554 1187 in
1575 1133 1709 1200 adventu,

63 1213 127 1268 tatis
141 1212 324 1284 decipiamini.
340 1213 374 1267 Et
389 1220 532 1284 postquam
547 1212 740 1283 probaveritis,
768 1219 861 1270 mate
910 1215 939 1271 id
952 1223 993 1271 est
1003 1215 1031 1271 in
1042 1216 1262 1272 consideratione
1272 1218 1406 1273 adventus
1417 1219 1530 1274 Domini
1540 1223 1635 1277 nostri
1644 1223 1712 1279 lesu

64 1300 134 1356 illud
148 1301 219 1372 qnod
242 1301 355 1367 bonnm,
380 1300 408 1354 id
424 1309 466 1356 est
479 1299 545 1355 utile
559 1304 610 1366 eat,
623 1308 649 1355 ct
662 1302 801 1358 abstinete
815 1317 862 1360 oca
913 1304 1028 1361 Christi.
1043 1303 1159 1360 301
1177 1305 1400 1361 Orntcetcaetera
1412 1323 1473 1378 quae
1483 1307 1711 1378 sequunturlaci-
1784 1352 1791 1356 .

64 1403 122 1444 non
134 1388 224 1443 solum
238 1387 274 1443 ab
289 1403 323 1443 eo
337 1387 514 1458 quodmalum
526 1395 576 1455 est,
590 1388 640 1443 sed
650 1388 731 1443 etiam
741 1390 774 1445 ob
784 1392 863 1446 amnt
911 1401 947 1462 te,
964 1391 1028 1464 quia
1037 1392 1128 1461 fidelis
1138 1396 1180 1448 est
1194 1393 1268 1448 Deus
1281 1394 1329 1465 qut
1343 1409 1389 1450 vos
1395 1396 1579 1467 pergratiam
1592 1397 1710 1464 vocavit,

65 1478 158 1550 specie
171 1477 260 1544 mata,
284 1475 312 1530 id
326 1483 367 1531 est
392 1475 426 1531 ab
440 1491 474 1531 eo
488 1476 562 1547 quod
580 1475 700 1547 aliquam
714 1477 863 1550 imaginem
912 1476 961 1548 qai
972 1477 1059 1531 etiam
1070 1477 1169 1546 societ,
1181 1475 1208 1531 id
1224 1483 1265 1531 est
1278 1476 1307 1531 in
1320 1476 1399 1533 vobis
1413 1477 1620 1545 consummabit,
1636 1478 1713 1534 idad

64 1563 129 1619 mali
143 1564 249 1631 retinet,
265 1562 372 1619 etiamsi
393 1562 494 1618 malum
520 1563 564 1618 sit.
581 1563 646 1619 ldeo
667 1565 784 1621 maxime
798 1565 864 1621 dixit
913 1564 987 1635 quod
1001 1564 1088 1620 vocati
1105 1564 1181 1619 estis.
1206 1564 1264 1620 Nos
1285 1564 1322 1620 ita
1335 1564 1490 1621 laboramus
1503 1581 1555 1636 pro
1571 1565 1657 1632 vobis,
1675 1574 1711 1636 et,

67 1652 191 1724 capacia
211 1652 299 1720 moto,
316 1651 380 1723 quia
394 1651 433 1705 illi
456 1650 578 1707 baeretici
600 1652 759 1707 mutuabant
782 1668 900 1748 vocesB
913 1667 972 1717 vos,
988 1655 1105 1723 fratres,
1121 1655 1260 1724 orotepro
1270 1653 1358 1718 notia
1371 1658 1400 1709 et
1409 1655 1536 1711 salutate
1547 1669 1645 1711 omncs
1653 1657 1714 1727 sru-

66 1737 141 1809 lidei,
155 1746 186 1794 ut
199 1755 250 1810 per
262 1738 479 1811 aequipollentias
493 1754 601 1805 vocum,
617 1739 756 1810 simplices
770 1742 864 1798 trabe·
916 1744 975 1797 tres
989 1755 1022 1795 ex
1035 1740 1180 1796 dilectione
1204 1747 1295 1797 nostra
1318 1743 1351 1798 in
1365 1743 1459 1797 osculo
1473 1746 1583 1809 sancto,
1602 1751 1631 1798 ut
1644 1742 1714 1802 alter

68 1836 131 1883 rent
144 1827 172 1882 in
186 1843 315 1884 errorem.
333 1827 397 1893 Vos,
414 1827 520 1899 praelati
534 1834 561 1883 et
576 1827 686 1895 subditi,
703 1828 782 1885 tacite
792 1829 865 1901 quod
915 1829 1053 1885 osculetur
1067 1829 1192 1885 alterum.

68 1979 1711 2012 m

296 2109 543 2170 anouutsututt
561 2112 599 2168 IN
616 2109 815 2170 EPISTOLAM
834 2110 1025 2168 SECUNDAM
1044 2111 1091 2167 AD
1111 2110 1478 2168 THESSALONICENSES.

105 2290 148 2346 ad
163 2289 422 2346 Thessalonicenses
437 2289 585 2346 secundam
601 2288 696 2346 scribit
710 2290 732 2346 E
752 2289 861 2345 istotam
870 2273 1025 2361 Apostolus,
1043 2297 1070 2345 et
1083 2296 1177 2346 uotum
1191 2288 1255 2345 tacit
1269 2288 1309 2345 eis
1323 2289 1358 2345 de
1367 2288 1534 2361 temporibus
1546 2287 1713 2356 novissimis,

70 2362 147 2490 ἓξὲξ
160 2360 311 2418 adversarii
326 2360 488 2430 dejectione.
511 2360 612 2419 Scribit
632 2362 701 2418 banc
747 2361 875 2434 pistolam
900 2361 936 2415 ab
951 2361 1065 2418 athenis
1079 2377 1128 2432 per
1141 2361 1230 2418 Titum
1243 2360 1387 2417 diaconum
1401 2368 1428 2416 et
1441 2359 1600 2417 Onesimum
1619 2361 1714 2434 acoly-

498 2717 721 2783 PROLOGUS
741 2719 779 2783 B.
802 2718 1014 2783 BRUNONIS
1034 2718 1076 2780 IN
1097 2717 1285 2780 ΕΑΜΒΕΜ.

108 2907 186 2963 Hanc
195 2905 292 2961 iterum
301 2905 453 2977 Epistolam
463 2904 556 2961 scribit
565 2904 868 2972 Thessalonicensibus,
880 2907 904 2969 c
918 2905 982 2961 ideo
997 2905 1080 2961 etiam
1094 2905 1165 2960 banc
1179 2904 1280 2962 iterum
1295 2904 1414 2977 scripsit,
1439 2903 1503 2976 quia
1518 2903 1556 2960 illi
1572 2906 1674 2962 curiosi
1689 2914 1716 2963 et

71 2994 135 3051 ideo
149 2994 250 3067 quiain
263 2993 429 3065 praecedenti
438 2993 553 3064 epistola
568 3009 600 3048 ex
614 2993 704 3049 verbis
719 2993 806 3059 Pauli,
825 2993 872 3048 ubi
922 2995 1002 3050 otiosi
1016 3010 1071 3050 non
1086 2994 1121 3048 ad
1135 2993 1280 3065 imperium
1295 2993 1370 3048 Pauli
1384 2993 1493 3049 fuerant
1507 2995 1634 3050 correcti.
1646 2994 1718 3051 Scri·

72 3083 179 3139 dixerm
195 3099 202 3137 ε
218 3083 325 3156 eosqui
339 3082 459 3138 vicimus
472 3084 618 3155 raptemur
631 3082 739 3138 obmnm
753 3083 871 3139 domino
921 3079 975 3151 psit
988 3078 1085 3135 iterum
1100 3078 1173 3143 ideo,
1200 3077 1263 3150 quia
1278 3078 1482 3148 persecutiones
1504 3078 1538 3133 ad
1561 3078 1718 3149 patientiam

71 3172 105 3227 trs
115 3187 192 3237 nero,
208 3179 278 3237 etc„
296 3178 468 3241 sumpserant
481 3170 551 3227 hano
566 3170 749 3242 suspicionem
764 3178 791 3226 et
807 3171 873 3242 ipsis
922 3182 1036 3239 quarum
1063 3181 1111 3222 eos
1139 3167 1167 3221 in
1188 3167 1273 3238 priori
1287 3173 1451 3233 armaverat,
1468 3166 1589 3222 nondum
1607 3165 1717 3223 deiece-

73 3259 228 3316 viventibus
247 3258 365 3315 tutorum
391 3266 517 3330 putarent
531 3258 726 3314 antichristum
745 3258 873 3331 diemque
922 3263 985 3311 rant
999 3275 1007 3323 ·,
1021 3256 1070 3311 sed
1084 3255 1211 3311 fortassis
1235 3262 1415 3328 augmentatae
1439 3254 1556 3311 inerant.
1577 3255 1642 3312 Haec
1655 3256 1717 3325 tria,

69 3347 177 3418 judicii.
194 3347 270 3403 Unde
286 3355 312 3403 et
327 3346 473 3418 plurimum
487 3353 562 3402 erant
576 3347 722 3418 perterriti.
739 3347 794 3403 Sed
809 3347 873 3419 quia
920 3343 1136 3416 persecutiones,
1164 3343 1237 3400 diem
1258 3343 1363 3412 iudicii,
1394 3353 1421 3399 et
1446 3343 1508 3399 illos
1536 3345 1716 3412 incorrectos,

70 3435 176 3491 malum
190 3442 247 3491 erat
256 3450 304 3491 eos
319 3434 354 3490 de
374 3434 491 3490 falsitate
506 3435 615 3501 terreri,
629 3433 759 3504 judicavit
773 3435 873 3492 Paulus
921 3432 1064 3489 materiam
1078 3432 1179 3496 babuit,
1195 3432 1329 3487 armando
1344 3445 1392 3487 eos
1414 3431 1449 3486 ad
1464 3431 1592 3502 patienda
1615 3433 1717 3500 omnia,

73 3524 139 3580 ideo
152 3523 250 3580 iterum
273 3524 393 3580 scribere
415 3522 465 3587 eis,
480 3539 515 3579 ne
541 3523 565 3579 si
579 3539 635 3579 non
649 3523 873 3579 determinaretur
922 3521 1069 3577 osteudens
1080 3521 1160 3589 justis
1174 3519 1291 3593 gloriam
1306 3520 1353 3592 qui
1364 3519 1538 3586 tribulantur,
1555 3534 1657 3592 eosque
1668 3520 1718 3576 tri-

73 3613 134 3669 baec
149 3611 324 3685 ambiguitas,
340 3612 405 3667 dum
418 3618 481 3683 post
494 3611 554 3667 dies
569 3611 645 3667 Perdi
655 3611 808 3667 invenirent
818 3627 874 3666 non
922 3608 1076 3664 balantibus
1087 3607 1203 3664 laturam
1215 3607 1427 3664 damnationem.
1440 3608 1627 3663 [interminans
1638 3608 1719 3664 etiam

72 3699 222 3774 eontigbae
236 3700 310 3771 quod
326 3699 440 3755 Paulum
454 3700 586 3770 putabant
600 3700 641 3755 sic
655 3699 831 3770 praedixisse,
847 3707 874 3755 et
921 3697 1003 3754 certis
1020 3705 1047 3752 et
1060 3696 1231 3752 evidentibus
1245 3696 1331 3768 signis
1345 3695 1462 3751 futuram
1477 3695 1550 3751 diem
1561 3695 1667 3765 judicii.
1685 3696 1720 3752 u-

73 3788 103 3844 in
117 3788 171 3844 hoc
186 3796 213 3844 et
228 3788 255 3842 in
269 3788 396 3844 omnibus
406 3802 467 3860 quae
481 3787 622 3853 docuerat,
639 3795 787 3860 arguerent
799 3789 873 3843 Pau·
922 3786 1018 3857 losqne
1032 3785 1200 3842 incorrectos
1215 3785 1375 3856 praecipiens
1391 3800 1406 3839 a
1420 3784 1611 3840 communione
1624 3784 1721 3842 Eccle-

75 3875 183 3933 lnmde
196 3876 349 3942 mendacio,
366 3883 393 3931 et
416 3876 456 3932 sio
477 3891 493 3930 a
514 3875 706 3944 sinceritatis,
722 3874 874 3947 quamillis
923 3874 971 3930 siae
999 3874 1175 3946 sequestrari,
1204 3888 1259 3929 nou
1283 3881 1374 3928 tamen
1386 3873 1443 3941 jam
1458 3873 1508 3936 eis,
1534 3873 1583 3929 sed
1597 3873 1721 3930 scribens

74 3964 236 4030 tradiderat,
260 3964 428 4020 recederent.
455 3965 588 4020 Praeterca
611 3964 685 4019 aliud
714 3964 815 4018 malum
841 3979 874 4018 ex
922 3962 1054 4018 Ecclesia
1069 3962 1104 4017 de
1132 3961 1195 4016 illis.
1226 3963 1265 4017 lta
1286 3961 1378 4033 utique
1392 3961 1542 4016 intentione
1564 3961 1604 4017 sic
1623 3962 1721 4036 agitat

76 4053 130 4109 hac
144 4051 281 4108 dubietate
296 4060 388 4123 posset
403 4052 562 4126 contingere
576 4059 605 4106 ut
635 4053 658 4106 si
683 4052 806 4118 Satanas,
835 4051 874 4106 vi·
923 4051 969 4124 qui
982 4051 1120 4122 patiuntur
1134 4065 1185 4121 pro
1200 4050 1308 4105 Christo
1333 4057 1541 4120 perseverantes
1566 4049 1617 4105 sint
1632 4050 1659 4104 in
1673 4066 1721 4122 pa-

81 4141 151 4196 dcus
173 4139 235 4196 illos
249 4140 392 4196 credentes
411 4140 439 4194 in
462 4140 588 4212 proximo
603 4139 719 4194 futurum
731 4140 873 4209 judicium,
923 4138 1026 4208 tiendo,
1043 4145 1069 4194 et
1083 4138 1129 4210 qui
1145 4137 1232 4193 territi
1246 4145 1324 4193 erant
1344 4137 1575 4209 propinquitatem
1596 4145 1722 4209 putantes

77 4229 237 4284 ostenderet
255 4244 285 4284 se
299 4229 327 4283 in
342 4243 407 4284 aere
427 4229 587 4302 insignitum
611 4228 772 4293 diademate,
789 4243 874 4299 seque
887 4226 1026 4325 Djudicii,
1043 4242 1097 4281 non
1112 4232 1265 4282 terreantur
1280 4226 1314 4280 de
1325 4224 1444 4280 falsitate
1461 4242 1467 4282 :
1485 4225 1567 4297 etqui
1581 4226 1670 4283 adhuc
1685 4227 1723 4283 in·

77 4317 214 4372 ebriatum
240 4317 394 4373 venientem
409 4317 445 4372 ad
465 4317 595 4386 judicium
610 4332 752 4381 asserens,
769 4314 875 4371 falleret
924 4314 1038 4370 correcti
1053 4313 1170 4382 fuerant,
1187 4313 1285 4369 saltem
1316 4313 1512 4382 erubescendo,
1528 4329 1558 4369 se
1575 4329 1724 4373 acommo-

77 4405 347 4469 Thessalonicenses,
363 4406 398 4462 de
413 4406 512 4478 quibus
525 4405 711 4476 pervertendis
726 4410 800 4459 tanto
814 4419 874 4458 am·
924 4403 1006 4458 aione
1028 4402 1141 4457 aliorum
1162 4402 1300 4473 projmtos
1323 4401 1495 4474 resipiscant.
1526 4402 1722 4461 Salutationem

77 4492 151 4565 plius
164 4493 306 4550 laborabat
320 4501 421 4566 quanto
436 4509 483 4549 eos
498 4492 676 4565 perfectiores
687 4507 748 4548 esse
759 4491 873 4557 sciebat,
923 4490 1094 4562 premittens
1109 4489 1146 4549 ait
1163 4508 1170 4545 ι
1266 4496 1269 4504 ’

76 4581 134 4648 rel,
149 4581 178 4636 in
192 4581 306 4639 somniis
320 4582 491 4654 apparendo,
508 4596 555 4639 eos
569 4582 597 4636 in
607 4581 704 4638 eodem
713 4579 873 4637 ludificaret.

414 4896 661 4983 arissam
693 4897 727 4982 ιι
758 4899 822 4982 tn
852 4896 1376 4984 ruusstaovtouusus
1426 4852 1437 4863 ”

334 5089 448 5145 CAPUT
465 5090 615 5146 PRIMUM.
930 5107 1041 5164 «gnum
1069 5098 1121 5157 est,
1136 5090 1264 5163 quoniam
1286 5089 1466 5162 supercrescit
1489 5091 1559 5148 tides
1582 5099 1683 5159 vestra,
1700 5100 1726 5150 et

117 5199 130 5228 ι
152 5176 250 5232 Paulus
272 5184 300 5233 et
326 5177 451 5233 Silvanus
479 5186 506 5233 at
533 5179 709 5246 Timotheus,
747 5179 879 5236 Ecclesia
930 5180 1081 5235 «abundat
1095 5180 1216 5236 charitas
1239 5179 1449 5251 uniuscujusque
1465 5188 1587 5236 vestrum
1608 5182 1637 5236 in
1651 5181 1723 5236 invi-

79 5289 91 5314 ·
111 5265 396 5321 Thessalonicensium
411 5267 438 5320 in
454 5266 512 5321 Deo
527 5268 604 5322 Patre
614 5276 709 5323 nostro
720 5277 747 5324 et
762 5268 878 5325 Domino
930 5290 942 5321 ι
960 5285 1030 5339 cem,
1046 5269 1081 5324 ita
1095 5276 1124 5324 ut
1138 5277 1164 5325 et
1174 5284 1225 5324 nos
1239 5268 1292 5339 ipsi
1302 5267 1330 5322 in
1341 5268 1419 5323 vobis
1429 5269 1580 5341 gloriemur
1592 5269 1620 5324 in
1630 5268 1725 5324 Eccle-

79 5376 92 5405 «
111 5354 178 5409 lesa
190 5354 309 5410 Christo.
326 5354 424 5410 Gratia
437 5354 516 5411 vobis
530 5363 557 5411 et
567 5371 621 5426 pax
634 5372 651 5411 a
665 5358 723 5412 Deo
738 5358 814 5412 Patra
829 5372 879 5413 uo·
931 5380 942 5406 ι
960 5358 1009 5413 siis
1023 5358 1073 5414 Dei
1087 5374 1137 5429 pro
1150 5356 1281 5428 patientia
1300 5364 1393 5412 vestra
1407 5365 1434 5412 et
1448 5356 1511 5423 fide,
1523 5358 1584 5414 etin
1598 5356 1725 5412 omnibus

76 5449 168 5497 «stro
182 5449 209 5497 et
223 5443 340 5499 Domino
367 5445 432 5499 lesu
456 5443 574 5500 Christo.
604 5445 712 5501 Gratias
728 5461 812 5518 agere
826 5446 878 5501 de·
931 5446 1193 5518 «persecutionibus
1221 5445 1321 5501 vestris
1349 5453 1377 5502 et
1400 5444 1628 5510 tribulationibus,
1658 5460 1726 5516 quas

78 5553 90 5579 s
109 5530 206 5589 bemus
223 5546 332 5604 semper
345 5532 404 5589 Deo
426 5547 478 5605 pro
492 5532 580 5602 vobis,
596 5532 704 5603 fratrea,
732 5534 769 5591 ita
791 5541 820 5591 ut
834 5533 878 5591 di-
933 5557 944 5581 «
962 5533 1103 5593 sustiuch's
1127 5534 1155 5590 in
1173 5533 1329 5608 exemplum
1346 5533 1412 5603 iusti
1422 5532 1518 5602 judicii
1533 5533 1592 5602 Dei,
1608 5539 1638 5589 ut
1650 5531 1727 5613 digni
