3742 5986
163 199 228 251 {071
588 200 616 253 S.
637 200 795 255 HUGONIS
814 198 921 254 EPISC.
942 197 1103 253 LINCOLN.
1124 197 1209 255 ORD.
1233 201 1358 257 CARTH.
1756 202 1832 256 l⁰72

162 320 234 375 datio
249 320 348 376 doceat
361 336 409 376 vos
424 329 523 392 quanto
534 321 575 375 sui
590 322 734 391 dispendio
762 322 821 375 aliis
837 322 871 376 ad
885 322 989 380 tem-A
1005 319 1033 374 in
1048 335 1128 391 quam
1144 321 1235 377 oblata
1245 322 1641 393 congregabantur;nummas
1657 323 1744 394 ipsos
1758 339 1831 394 pro·

162 424 213 478 pus
227 409 363 464 modicum
377 407 565 479 praeficiuntur
585 409 714 480 regendis
730 409 893 478 homiuibus,
910 409 956 480 qui
1002 407 1110 476 jiciens,
1127 408 1271 464 abscessit.

162 495 270 566 seipsos
284 496 356 551 male
376 497 498 569 regendo
525 494 584 551 sine
611 495 664 551 fine
690 496 831 552 cruciandi
854 497 953 552 daemo·
1040 495 1114 550 Nihil
1129 511 1195 552 vero
1206 497 1258 551 sibi
1272 497 1306 552 de
1320 497 1458 554 oblatione
1473 499 1616 571 quisquam
1650 514 1759 555 eornm
1776 498 1827 570 qui

161 583 248 639 niacis
264 583 444 653 subjiciuntur
471 582 621 654 spiritibus.
653 584 717 639 llaec
741 584 888 639 dummodo
913 584 955 640 vi·
1005 583 1135 654 episcopo
1150 584 1335 652 adhaerebant,
1358 585 1386 641 in
1410 586 1500 642 aliena
1527 603 1649 658 unquam
1680 572 1823 653 ecclesia,

159 676 217 726 tare
232 670 304 738 licet,
320 686 429 742 semper
451 670 559 738 expedit
588 669 736 726 formidare
751 686 795 736 ne,
811 687 873 727 eum
900 687 956 726 non
1004 670 1057 725 nisi
1071 669 1149 738 forte,
1167 671 1214 726 ubi
1242 672 1374 729 ecclesias
1402 673 1557 740 dedicaret,
1587 675 1710 731 retinere
1745 690 1823 745 prae·

162 758 235 826 licet,
250 759 351 832 jugiter
365 758 538 830 postmodum
550 758 689 830 contingat
702 758 830 815 tolerare.
850 759 955 815 »Dice-
1005 758 1129 830 sumpsit,
1145 758 1252 816 dicente
1267 759 1366 831 saepius
1380 761 1450 832 ipso,
1463 762 1529 816 satis
1556 763 1692 831 injustum
1723 762 1821 818 videri

158 847 205 903 bat
220 862 327 919 quoqne
349 846 505 902 caelaturam
533 862 581 902 seu
605 846 739 917 picturam
767 846 956 916 hujuscemodi
1005 845 1057 900 sibi
1079 853 1107 900 ut
1130 847 1165 901 ab
1189 861 1236 901 ara
1256 846 1368 903 alterius
1402 847 1440 903 illi
1477 849 1624 921 quidquam
1655 849 1819 921 temporale

158 935 185 990 in
197 935 263 1005 ipsis
277 934 454 990 ecclesiarum
472 934 591 989 aditibus
606 949 727 1005 congrua
756 934 822 988 satis
850 934 955 990 ratione
1005 941 1154 1004 asportent,
1166 933 1212 1006 qui
1231 934 1265 990 de
1286 934 1376 1006 gratia
1401 935 1491 991 locum
1512 937 1602 1008 ipsum
1626 937 1818 994 custodientis

61 1091 64 1095 ¹
158 1023 279 1093 praetexi,
295 1030 430 1094 quatenus
458 1021 595 1086 intraturi,
621 1029 646 1075 et
669 1036 718 1092 pro
747 1021 955 1077 necessitatibus
1005 1021 1170 1091 spiritualem
1185 1021 1315 1077 mentium
1330 1022 1484 1079 alimoniam
1498 1023 1599 1080 ibidem
1628 1026 1815 1096 participant.

159 1111 216 1165 suis
231 1111 318 1165 Deum
342 1109 476 1182 rogaturi,
502 1110 572 1165 lianc
591 1125 722 1163 summam
748 1116 774 1163 et
798 1124 954 1180 supremam
1004 1108 1181 1181 Hocquoque
1196 1116 1250 1164 tam
1265 1110 1425 1181 inproprie,
1439 1126 1522 1182 quam
1546 1113 1574 1166 in
1587 1113 1681 1168 aliena
1705 1113 1815 1184 ubique

158 1199 348 1253 necessitatem
365 1213 441 1251 suam
456 1212 517 1252 esse
532 1197 629 1261 sciant,
646 1205 674 1251 ut
689 1196 835 1267 impetrent
849 1197 954 1252 veniam
1004 1194 1116 1251 dimcesi
1130 1195 1305 1262 observabat,
1329 1204 1354 1252 et
1382 1197 1524 1253 observari
1552 1214 1569 1253 a
1593 1200 1653 1254 suis
1678 1198 1814 1256 iaciebat.

156 1301 206 1356 pro
222 1285 336 1349 delictis,
354 1300 408 1356 qua
422 1285 575 1355 impetrata,
592 1292 619 1338 et
633 1285 720 1339 securi
746 1292 955 1354 permancanta
1004 1282 1061 1337 Nec
1075 1283 1169 1338 deista
1190 1298 1259 1356 ergo
1286 1282 1423 1340 oblatione
1451 1285 1564 1356 quilibet
1586 1302 1701 1342 suornm
1728 1287 1810 1359 quid·

157 1375 290 1447 gehennae
305 1373 403 1443 poeuis,
420 1380 446 1428 et
460 1371 595 1443 gaudeant
606 1372 632 1424 in
648 1370 753 1426 deliciis
768 1371 952 1442 sempiternis.
1005 1385 1086 1440 quam
1107 1371 1222 1441 accepit.
1253 1370 1404 1426 Videbatur
1433 1380 1523 1428 autem
1551 1382 1613 1430 tunc
1640 1374 1812 1446 quibusdam

155 1462 190 1517 Et
203 1461 314 1533 quidem
327 1461 471 1531 episcopus
486 1459 548 1513 talia
572 1466 732 1530 prosecutus
747 1466 797 1513 est.
1004 1458 1068 1530 quia
1083 1457 1230 1513 Dominum
1243 1458 1271 1513 in
1286 1459 1336 1514 boc
1350 1458 1503 1515 imitaretur
1525 1458 1613 1517 tidelis
1629 1467 1656 1516 et
1684 1461 1811 1533 pnrdens

192 1549 339 1604 Transiens
354 1547 454 1619 quippe
470 1563 570 1616 comes,
587 1547 614 1600 in
630 1546 752 1617 proximo
768 1546 872 1601 iuturus
892 1563 951 1610 rex,
1004 1561 1100 1600 servus
1113 1546 1181 1614 eius.
1198 1547 1231 1601 Ut
1245 1545 1317 1601 enim
1332 1546 1464 1602 Dominus
1478 1547 1513 1602 ad
1527 1546 1592 1604 Cain
1606 1549 1811 1604 etadmnnera

157 1641 182 1688 et
211 1649 293 1687 manu
322 1648 414 1687 secum
442 1630 552 1685 trahens
577 1630 734 1700 episcopum
759 1629 793 1684 ad
821 1629 991 1723 parietemB
1005 1634 1064 1702 ejus
1078 1632 1143 1688 olim
1157 1648 1212 1688 non
1226 1633 1435 1705 respexit(Gcn.
1451 1637 1530 1705 tub)
1546 1653 1553 1703 ;
1569 1635 1809 1692 itamodoservns

156 1721 321 1792 oppositum,
338 1719 416 1790 eique
431 1718 578 1773 ostendeus
597 1733 679 1790 reges
694 1717 827 1788 speciosis
842 1717 955 1789 insigni·
1004 1720 1136 1786 Domini,
1166 1720 1229 1792 quia
1254 1721 1375 1776 muneris
1403 1721 1555 1778 oblatorem
1582 1739 1638 1780 non
1665 1723 1807 1782 immerito

156 1816 199 1864 tos
209 1808 326 1876 coronis,
356 1806 480 1880 angelico
501 1806 584 1862 ductu
598 1806 625 1860 in
649 1805 780 1878 gaudium
808 1805 952 1861 tendentes
1002 1808 1175 1879 improbavit,
1192 1809 1251 1877 eJus
1266 1808 1309 1864 vel
1323 1825 1424 1865 munus
1436 1817 1548 1881 tangere
1563 1811 1743 1882 contempsit.

157 1896 269 1968 superni
284 1896 389 1969 regis:
417 1917 428 1942 n
458 1895 524 1960 Hos,
554 1893 649 1965 inquit,
676 1892 786 1948 domins
813 1892 952 1964 episcope,
1039 1896 1261 1952 Verbumautem
1275 1896 1383 1953 Domini
1398 1897 1544 1969 episcopus
1558 1898 1708 1953 astantium
1731 1899 1805 1955 mul·

157 1985 236 2040 nobis
250 1984 339 2056 potius
353 1990 506 2038 monstrare
521 1981 663 2047 debuistis,
674 1995 790 2052 quorum
799 1980 953 2051 exemplum
1002 1983 1115 2040 titudine
1128 1984 1277 2055 praedicare
1300 1999 1425 2052 exorsus,
1450 2001 1512 2042 cum
1535 1986 1569 2042 de
1592 1985 1733 2044 bonorum
1763 1987 1805 2044 vel

158 2079 239 2143 atque
268 2071 434 2128 consortium
466 2069 543 2140 sequi
572 2076 598 2124 et
622 2068 732 2139 assequi
765 2068 896 2123 habemus
925 2067 952 2122 in
1001 2071 1135 2128 malorum
1149 2072 1302 2144 principum
1316 2072 1448 2139 moribus,
1465 2082 1491 2129 et
1505 2073 1625 2146 praemiis
1639 2082 1705 2146 post
1730 2074 1803 2131 luta·

155 2160 239 2216 votis.
261 2185 271 2208 x
288 2161 353 2214 Tam
368 2173 434 2213 uero
450 2157 476 2211 in
492 2163 571 2229 gestu
587 2154 706 2211 etaffatu
720 2155 766 2210 ille
787 2155 881 2226 paucis
890 2162 953 2226 post
1001 2159 1040 2215 ris
1049 2159 1132 2214 multa
1145 2160 1305 2228 dissereret,
1325 2159 1390 2215 dum
1404 2160 1439 2215 ab
1458 2160 1519 2217 aliis
1533 2160 1631 2219 devote
1660 2161 1803 2219 acclama-

157 2247 209 2302 boc
219 2246 316 2301 diebus
331 2245 462 2300 humilem
478 2259 507 2299 se
518 2242 679 2298 ostendebat
694 2251 721 2297 et
735 2242 910 2309 submissum,
923 2249 953 2296 ut
1001 2255 1083 2313 retur,
1112 2246 1163 2302 sibi
1190 2246 1317 2320 princeps
1337 2255 1512 2315 memoratus,
1544 2264 1623 2305 more
1645 2249 1802 2322 principum

156 2334 416 2391 videreturmodurn
440 2332 584 2388 excedere.
613 2329 826 2387 occurrentibus
849 2330 900 2384 sibi
915 2330 949 2386 ob
999 2335 1045 2407 qui
1060 2350 1139 2390 mane
1161 2335 1317 2401 cornedunt,
1338 2343 1392 2391 tarn
1419 2336 1561 2392 materiam
1583 2352 1666 2408 quam
1692 2353 1802 2394 moram

154 2423 205 2479 iter
217 2421 349 2478 mendicis
363 2436 394 2476 ac
403 2420 491 2475 lausta
518 2418 743 2489 imprecantibus,
765 2433 881 2488 corpore
905 2417 950 2472 in·
1000 2423 1133 2478 sermonis
1157 2437 1211 2478 non
1235 2438 1313 2494 reque
1333 2422 1435 2489 serens,
1465 2424 1542 2480 tertio
1566 2424 1641 2480 misit
1657 2425 1696 2480 ad
1726 2441 1800 2493 eum,

154 2519 267 2567 curvato
281 2519 308 2565 et
329 2510 417 2580 capite
440 2509 521 2563 altius
549 2507 668 2562 demisso
690 2507 793 2576 gratias
803 2505 950 2577 diligenter
999 2511 1124 2584 flagitans
1134 2511 1242 2577 obnixe,
1260 2519 1288 2566 ut
1303 2511 1424 2568 sermoni
1438 2519 1537 2567 metam
1552 2520 1646 2584 ponat,
1662 2521 1692 2570 et
1707 2514 1801 2571 divina

153 2598 298 2655 rescrebat.
323 2597 478 2652 salutantes
507 2611 537 2651 se
560 2609 697 2666 pannosas
713 2594 800 2649 etiam
829 2593 949 2649 anicolas
997 2598 1125 2667 celebret,
1150 2606 1284 2669 quatenus
1324 2598 1376 2654 sibi
1401 2607 1464 2671 post
1490 2607 1566 2655 tanta
1590 2600 1697 2670 ijnnia
1725 2603 1801 2658 uesci

152 2686 294 2742 mitissime
308 2683 483 2740 resalutabat.
500 2687 535 2738 nt
549 2697 615 2737 vero
630 2689 690 2752 post
705 2682 832 2748 triduum,
858 2680 947 2737 laetifi-
997 2686 1170 2743 concedatur.
1208 2686 1262 2743 Sed
1291 2685 1367 2742 sortis
1390 2687 1594 2759 evangelizator
1618 2696 1725 2755 noster,
1755 2690 1800 2762 qui

152 2781 227 2830 catos
242 2788 295 2828 non
306 2771 479 2827 mediocriter
494 2786 526 2824 ex
542 2770 584 2824 bis
599 2776 653 2824 tam
677 2769 835 2840 episcopum
864 2784 948 2840 quam
996 2781 1212 2846 supermontem
1231 2773 1369 2831 excelsum
1396 2775 1566 2839 ascenderat,
1585 2783 1648 2831 sota
1668 2784 1700 2832 et
1714 2793 1796 2834 man·

152 2870 179 2918 et
192 2861 259 2916 alios
269 2861 321 2916 ista
339 2859 549 2930 conspicientes,
570 2873 603 2912 ex
619 2855 678 2911 aliis
706 2856 791 2928 gestis
815 2864 843 2917 ct
866 2856 946 2913 dictis
995 2862 1060 2917 data
1074 2862 1131 2931 ejus
1147 2861 1311 2933 despiciens,
1328 2862 1393 2933 quin
1403 2870 1430 2918 et
1443 2877 1538 2919 uocem
1554 2861 1651 2920 lortius
1660 2864 1796 2936 exaltans,

152 2948 312 3022 incongruis
332 2947 416 3003 multo
440 2946 557 3018 amplius
580 2944 758 3001 contristavit.
776 2945 817 3000 Ex
845 2944 946 3016 quibus
995 2949 1195 3005 multitudinem
1219 2949 1366 3004 maximam
1390 2950 1547 3006 auditorum
1573 2959 1630 3007 tam
1653 2950 1705 3008 diu
1727 2968 1797 3024 panc

150 3038 303 3111 compendii
317 3036 415 3110 gratia,
431 3035 546 3107 plurima
556 3033 767 3106 supprimentes,
783 3047 871 3104 pauca
898 3049 944 3089 re·
958 3005 982 3067 ⁰
996 3037 1144 3109 spiritualis
1159 3037 1291 3094 doctrinas
1304 3037 1398 3094 cibare
1415 3052 1470 3093 non
1484 3038 1596 3106 destitit,
1611 3038 1705 3097 donec
1728 3056 1797 3097 cun-

148 3127 270 3193 lerimus,
283 3133 312 3181 ut
325 3124 451 3194 conjiciat
464 3124 585 3195 prudens
607 3121 725 3188 auditor,
751 3121 797 3176 ubi
824 3137 944 3193 perpen·
993 3126 1044 3182 ctis
1067 3125 1290 3191 acclamantibus,
1329 3125 1454 3197 plurimis
1479 3142 1588 3200 quoque
1616 3127 1797 3200 illacryman-

147 3215 218 3271 derit
232 3214 314 3269 talem
327 3213 457 3280 radicem,
470 3211 578 3283 qualem
594 3210 727 3266 aestimare
755 3209 835 3265 liceat
861 3225 943 3266 secu·
992 3214 1074 3280 tibus,
1090 3212 1125 3269 ad
1139 3213 1223 3286 digne
1244 3212 1449 3286 percipiendum
1476 3230 1573 3286 panem
1601 3225 1796 3273 sacramenta-

146 3309 234 3358 turam
249 3300 385 3357 fructuum
400 3316 433 3356 ex
448 3299 543 3354 eadem
554 3298 651 3353 arbore
673 3296 852 3352 fertilitatem.
992 3301 1057 3369 lem,
1077 3304 1124 3374 qui
1147 3302 1180 3358 de
1199 3302 1441 3369 condescendit,
1465 3306 1494 3359 et
1516 3302 1566 3359 dat
1585 3304 1677 3360 vitam
1685 3306 1795 3362 mando

182 3390 250 3447 Cum
265 3388 346 3460 igitur
361 3387 405 3443 die
430 3385 612 3442 sacratissimo
636 3384 855 3440 Resurrectionis
884 3385 943 3440 Do·
993 3391 1086 3460 (loca.
1102 3404 1152 3456 vn,
1168 3390 1233 3460 33),
1263 3405 1311 3446 eos
1331 3389 1497 3447 sufficienter
1519 3406 1570 3462 pro
1594 3398 1723 3463 tempore
1751 3392 1795 3448 in-

144 3477 252 3534 minicae
262 3476 337 3548 (272)
347 3475 487 3532 oblaturus
502 3490 534 3530 ex
549 3489 626 3528 more
640 3471 728 3527 illaad
739 3486 942 3528 manusaccea·
992 3476 1121 3533 iormarct
1136 3478 1221 3549 (27³),
1244 3478 1294 3534 llic
1322 3482 1420 3535 autem
1442 3480 1475 3534 ia
1498 3480 1571 3536 serie
1584 3495 1700 3552 magne
1728 3481 1795 3538 Vite

143 3566 224 3621 sisset
239 3564 370 3636 episcopi,
386 3562 480 3618 altario
504 3561 667 3626 assistentis,
684 3574 767 3615 aurea
791 3559 816 3614 ei
840 3559 943 3614 numis-
992 3566 1161 3622 tererentur
1167 3567 1253 3637 plura
1267 3567 1345 3622 mala
1359 3565 1394 3622 dc
1406 3581 1471 3637 rcqc
1483 3568 1602 3636 luanus,
1620 3583 1685 3640 qum
1699 3568 1794 3626 vidore

143 3662 216 3710 mata
230 3668 247 3708 a
260 3650 429 3709 cubiculario
444 3665 503 3719 suo,
520 3649 590 3705 sicut
604 3663 663 3704 mos
680 3647 772 3720 regins
787 3647 941 3713 exhibebat,
990 3655 1096 3726 poterit
1109 3653 1159 3721 ibt,
1176 3656 1225 3726 qni
1238 3654 1360 3712 notuerit
1381 3655 1504 3711 intueri.

144 3742 187 3797 bis
202 3757 269 3798 sena
283 3739 455 3795 dabanturin
470 3738 600 3809 palmam.
618 3739 682 3792 Haec
697 3735 742 3791 ille
757 3735 872 3807 stipatus
891 3751 943 3791 un·
1424 3769 1428 3777 ·

142 3829 223 3901 dique
234 3829 305 3884 haud
316 3827 424 3884 modica
438 3825 517 3881 turba
532 3823 683 3890 mobilium,
700 3839 761 3880 cum
773 3830 857 3878 staret
880 3830 941 3880 ante
1284 3803 1398 3861 CAPUT
1416 3803 1502 3861 XVII·

143 3917 311 3990 episcopum,
328 3915 427 3969 diutius
443 3914 563 3976 intuens,
576 3920 602 3967 et
617 3910 695 3983 quasi
709 3909 829 3965 ludendo
844 3910 940 3982 exagi·
993 3892 1400 4000 prgperpogmorgmrefig
1407 3927 1736 3999 mmmmm
1745 3928 1793 3986 gg,

139 4013 212 4074 tans,
223 4001 317 4059 tandiu
333 4001 431 4057 offerre
447 3999 562 4068 distulit,
595 4014 736 4069 quousque
759 4012 855 4053 omnes
878 4013 941 4053 eum
1027 3999 1115 4054 stium
1129 3998 1250 4054 evaserit
1265 3999 1425 4064 molestias,
1439 4000 1494 4053 etc
1508 3996 1564 4053 tibi
1572 4000 1793 4056 mammantibus

141 4092 277 4148 intuentes
308 4089 483 4145 mirarentur.
510 4086 630 4142 'landem
658 4083 757 4156 praesul
785 4092 873 4139 motus
902 4084 939 4140 nb
1025 4067 1257 4153 eumpandtount
1276 4067 1722 4143 lmcssptm‘fflhffleffcall·
1745 4073 1789 4138 η,

141 4181 213 4236 bunc
228 4180 287 4249 ejus
301 4185 409 4252 gestum
423 4176 468 4231 tali
479 4176 546 4230 bora
558 4181 584 4230 et
600 4173 626 4227 in
650 4172 695 4227 tali
718 4171 779 4228 loco
797 4189 803 4227 ε
823 4191 835 4225 ι
857 4171 938 4240 Quid,
1025 4155 1057 4193 m
1068 4154 1171 4211 mma
1189 4140 1259 4194 ma·

142 4268 229 4339 inquit
243 4267 278 4322 nd
298 4265 419 4333 sumita
433 4262 575 4335 respicis?
593 4282 604 4311 r
620 4260 669 4315 Cui
688 4259 726 4315 ait
745 4260 790 4314 illc
807 4275 813 4314 :
832 4281 843 4307 a
870 4259 940 4315 Istos
1024 4260 1169 4317 Sciendum
1193 4260 1284 4333 itaque
1309 4261 1399 4333 ipsum
1425 4276 1489 4318 rere
1516 4259 1611 4316 mundi
1648 4260 1787 4332 exsulem,

143 4371 209 4411 sane
223 4355 538 4424 intueoraureos,qu0s,
557 4350 579 4404 si
596 4357 658 4404 autc
677 4349 737 4404 dies
763 4347 977 4418 paucissimosD
992 4357 1019 4405 et
1047 4347 1109 4406 coeli
1130 4347 1228 4416 civem,
1252 4356 1350 4405 extunc
1374 4363 1455 4420 quam
1489 4348 1607 4404 maxima
1640 4349 1792 4420 praesentis

144 4443 302 4504 tenuissem,
319 4440 459 4497 uonvobis
474 4439 535 4494 illos
551 4436 687 4502 offerrem,
705 4435 754 4491 sed
769 4451 837 4491 meae
852 4433 943 4506 potius
989 4435 1121 4494 incolatus
1135 4436 1176 4492 sui
1191 4435 1332 4509 dispendia
1343 4435 1524 4504 exhorruisse,
1536 4444 1561 4491 et
1580 4434 1704 4492 coelcstis
1717 4454 1789 4509 quo·

141 4546 276 4587 cmmenae
291 4528 434 4585 inferrem.
462 4527 657 4582 Verumtamen
683 4523 737 4593 iam
754 4523 836 4578 modo
865 4521 939 4578 acci·
990 4541 1043 4597 que
1055 4524 1229 4580 habitationis
1243 4524 1379 4581 desiderio
1389 4524 1532 4597 flagrasse,
1552 4540 1585 4581 ex
1599 4538 1655 4596 quo
1678 4523 1790 4597 plenius

138 4619 197 4691 pite
211 4619 282 4674 illos.
303 4641 313 4665 n
330 4616 486 4688 Indignatus
503 4615 537 4668 ad
553 4613 664 4668 lxmcvir
675 4611 735 4680 Dei,
753 4620 778 4666 et
794 4610 852 4665 ricc
867 4608 940 4664 illius
990 4611 1182 4669 animadvertit
1202 4619 1320 4683 optatam
1343 4628 1358 4666 a
1378 4611 1542 4685 quibusdam
1565 4611 1645 4684 regni
1665 4613 1791 4669 mutatio-

142 4708 320 4763 veliementer
335 4705 512 4767 erubescens,
530 4709 623 4757 uterut
639 4699 796 4770 mentispiae
811 4704 838 4752 et
849 4697 940 4753 cordis
989 4717 1051 4757 nem
1072 4702 1107 4756 ad
1143 4699 1275 4757 deteriora
1307 4715 1440 4773 uergere,
1468 4707 1495 4756 ct
1523 4706 1664 4771 speratam
1701 4709 1789 4757 status

144 4795 281 4867 generosi,
298 4801 453 4864 protensum
469 4791 503 4844 ad
520 4807 549 4844 se
577 4787 686 4844 retraxit
711 4786 858 4850 bruchium,
888 4800 940 4840 uec
989 4789 1165 4845 ecclesiastici
1176 4787 1389 4845 meliorationem
1399 4785 1685 4844 inadversumcedcre
1698 4789 1786 4860 (all).

143 4882 215 4937 illius
230 4899 324 4937 aurum
339 4880 499 4950 curitingexc
516 4893 623 4947 passus,
640 4892 690 4930 nec
702 4891 777 4928 suam
799 4874 940 4928 dexterum
989 4877 1030 4932 Ad
1043 4876 1193 4932 Ecclesium
1208 4893 1274 4949 crgo
1289 4892 1364 4931 suam
1386 4875 1546 4948 quantocius
1570 4874 1680 4930 censuit
1704 4891 1787 4947 repe-

143 4978 344 5026 oretamuvum
365 4968 501 5022 sustinens
520 4964 645 5026 osculari,
677 4963 795 5016 irenaeus
818 4976 884 5015 vcro
912 4961 940 5014 in
988 4965 1117 5031 dandum,
1135 4973 1267 5035 quatenus
1282 4964 1362 5020 saluti
1389 4963 1594 5020 commissarum
1616 4961 1671 5018 sibi
1700 4962 1788 5019 soler·

144 5058 244 5128 seipso,
261 5066 287 5111 et
302 5064 380 5126 caput
395 5071 472 5109 snum
493 5068 622 5107 movens:
641 5072 652 5102 ι
669 5049 754 5115 lacta,
780 5048 876 5119 inquit,
901 5047 939 5102 ibi
988 5052 1040 5106 tius
1054 5053 1208 5123 provideret
1217 5052 1379 5116 animarum,
1407 5049 1512 5123 sibique
1539 5049 1650 5104 liberius
1665 5064 1702 5105 ex
1716 5051 1788 5108 ube-

147 5145 218 5219 quod
231 5153 317 5212 tenes,
338 5153 364 5198 et
380 5142 487 5198 recede.
505 5161 516 5189 ι
535 5140 587 5208 Qui
601 5140 628 5193 in
643 5136 743 5210 pelvim
770 5143 936 5208 argenteam,
988 5140 1054 5196 riori
1065 5140 1152 5196 lructu
1167 5139 1275 5212 pietatis
1293 5137 1456 5195 omnimodae
1474 5138 1508 5192 ad
1535 5151 1655 5208 superna
1684 5138 1788 5211 gaudia

180 5320 252 5389 (lli)
266 5322 323 5383 Quae
336 5333 365 5370 ea
378 5331 440 5370 anno
452 5317 536 5369 incidit
548 5316 649 5367 indiam
663 5315 694 5364 l8
705 5312 806 5376 Aprilis.
1021 5317 1092 5381 (tlt)
1104 5317 1204 5368 Factum
1214 5315 1239 5367 in
1249 5326 1312 5366 anno
1324 5314 1399 5380 llll,
1409 5326 1456 5378 quo
1463 5313 1614 5378 archiepisco
1631 5312 1649 5378 ',
1661 5314 1784 5381 episcopi,

179 5398 698 5469 (ars)sunuucrnauamsnnusaquaem
711 5394 938 5448 remanseram
987 5380 1574 5448 monamannuemupumuusnuuum
1639 5384 1788 5437 enutmu

144 5485 170 5523 aa
182 5471 292 5523 ombnse
303 5468 427 5530 nonnulla,
439 5466 569 5532 querenda
582 5467 607 5518 in
618 5463 716 5528 maiori,
729 5463 753 5515 id
777 5466 829 5528 est,
841 5462 872 5515 ab
893 5473 938 5514 au·
986 5461 1075 5504 tntum
1089 5448 1163 5502 ¹²¹⁴·

144 5540 211 5591 ctare
223 5536 278 5587 viu
290 5536 436 5600 conscripta.
