3742 5986
54 187 108 241 rar
283 242 285 248 ,
583 184 664 242 vna
684 185 712 242 s.
733 180 892 242 uocours
911 185 1171 245 enarrandam.
1621 148 1700 246 ⁸ara

53 307 141 378 iecitl
158 307 266 380 quoties
280 307 316 363 ad
329 307 414 379 pedes
429 307 671 379 contemptibilium
695 309 775 365 etiarn
789 312 890 381 per-A
904 309 927 364 si
943 309 1091 374 humilitas,
1108 311 1328 382 quisdejectiorf
1342 312 1364 366 si
1380 311 1564 382 eleemosyna,
1577 311 1638 383 quis
1648 313 1703 369 lar·

55 410 185 450 sonarum
199 395 245 450 diu
260 403 411 466 prostratus
424 395 528 463 jacuitl
545 397 603 457 Nec
618 396 707 463 facile,
719 397 775 451 imo
786 412 856 468 pene
907 397 1025 467 giorisi
1034 398 1132 464 oratio,
1144 399 1361 470 qnisderotiorl
1376 401 1399 455 si
1409 400 1592 470 lacrymarum
1602 401 1702 471 gratie,
1802 464 1805 470 ,

54 497 195 554 nunquam
209 480 393 537 frustrabatur
408 483 526 553 optatis;
542 498 607 538 nam
621 491 648 538 et
661 484 685 539 si
699 484 856 556 quiuegas-
907 485 934 538 in
951 501 1004 555 quo
1015 484 1152 541 effusior?
1167 487 1190 540 si
1205 488 1408 558 contemplatio,
1425 488 1452 540 in
1468 502 1522 557 quo
1537 487 1702 548 sublimiori

56 578 127 639 sent,
144 585 199 625 non
214 570 300 625 solum
315 570 411 641 gratis,
424 571 473 624 sed
487 579 513 625 et
527 585 590 626 cum
600 570 785 627 satisfactione
794 586 856 642 poe·
907 572 930 626 si
945 572 1097 635 tolerantia.
1115 573 1176 644 quis
1191 574 1218 628 in
1235 574 1407 629 tribulatione
1415 574 1537 629 fortiori
1552 575 1574 628 si
1588 575 1701 643 justitia,

56 657 184 724 nitentes,
197 656 347 713 offerebant
366 664 462 728 postea
480 673 535 713 non
559 659 668 730 roganti
682 658 755 730 quod
768 674 857 730 nega·
907 659 968 730 quis
982 659 1154 716 districtiori
1170 661 1193 715 si
1207 660 1361 731 prudentia,
1377 662 1441 732 quis
1456 661 1704 734 circumspectiori

56 752 155 801 verant
169 744 343 816 supplicanti.
360 745 474 800 Tantam
489 746 591 817 quippe
609 762 689 801 omne
703 762 790 817 genus
804 748 856 801 ho·
908 747 930 801 si
946 748 1136 818 temperantia,
1155 749 1215 818 quis
1229 749 1423 804 moderatiori
1439 751 1551 818 Verum,
1566 764 1627 806 cum
1642 750 1703 805 talis

57 831 198 888 minumei
222 831 403 889 reverentiam
425 831 575 898 deferebat,
594 841 623 888 ut
636 835 724 889 Deum
737 835 858 907 graviter
907 841 980 890 esset
996 848 1028 890 ac
1053 842 1151 898 tantus,
1167 836 1226 906 ipse
1250 844 1351 902 tamen,
1364 837 1444 906 juxta
1459 836 1525 892 illud
1540 836 1703 910 Evangelii:

57 919 206 976 offendisse
220 936 251 976 se
265 920 391 976 crederet
416 920 540 992 quisquis
569 922 593 975 ei
609 921 745 992 postulata
759 937 859 993 negas-
909 942 920 974 ι
939 921 1006 977 Cum
1019 920 1138 977 feceritis
1153 923 1256 989 omnia,
1273 923 1353 981 dicite
1370 939 1377 978 ε
1395 924 1471 980 Serri
1486 924 1596 981 inutiles
1609 940 1704 980 sarnus

56 1015 108 1064 set.
906 1010 989 1078 (luc.
1009 1024 1079 1078 xvn,
1097 1013 1160 1081 to),
1178 1027 1208 1066 se
1230 1009 1437 1080 infructuosum,
1454 1026 1483 1067 se
1498 1028 1606 1084 semper
1620 1027 1704 1069 accu-

93 1099 139 1152 22.
155 1095 214 1150 Fuit
228 1095 307 1151 etiam
330 1095 491 1166 predicator
505 1096 654 1169 egregius3
675 1105 734 1152 erat
756 1096 856 1168 quippe
907 1110 970 1152 sare
980 1112 1034 1152 non
1049 1098 1175 1153 cessabat
1183 1098 1316 1168 inutilem,
1330 1099 1376 1171 qui
1386 1099 1507 1170 episcopi
1522 1098 1612 1157 locum
1622 1114 1705 1156 occu-

58 1196 115 1237 non
125 1182 298 1239 mediocriter
312 1181 457 1238 litteratus.
477 1184 532 1239 Sed
547 1191 574 1238 et
588 1183 699 1257 ingenio
710 1193 736 1239 et
750 1199 856 1239 merno-
906 1193 994 1256 paret,
1011 1185 1133 1256 episcopi
1142 1186 1374 1242 honorificentiam
1387 1187 1546 1258 susciperet,
1558 1188 1705 1259 episcopa·

60 1271 103 1325 ria
117 1271 187 1326 bene
200 1270 331 1342 praeditus
345 1277 413 1335 erat,
429 1271 589 1342 inquantum
613 1270 739 1327 molestia
759 1272 856 1342 capitis
906 1273 944 1327 lia
958 1273 1030 1328 bona
1044 1281 1227 1341 consumeret,
1244 1273 1365 1344 episcopi
1380 1290 1446 1330 vero
1460 1291 1511 1330 neo
1523 1277 1636 1341 merita,
1653 1290 1705 1332 nec

59 1373 116 1414 non
139 1357 327 1423 obtundebat;
343 1366 446 1414 namet
462 1358 565 1414 litteras
580 1374 644 1414 suas
658 1360 716 1430 ipse
727 1359 854 1425 dictabat,
907 1359 1010 1415 fructus
1024 1360 1147 1416 haberet.
1167 1361 1202 1415 Et
1217 1369 1400 1431 certepraesto
1416 1369 1491 1418 erant
1516 1377 1577 1434 quae
1592 1368 1706 1433 possent

60 1461 109 1502 eas
122 1446 274 1517 presertim
289 1461 404 1517 quarum
418 1446 444 1501 ei
459 1461 525 1502 cura
534 1446 697 1518 propensior
711 1455 780 1501 erat.
792 1447 856 1502 ldec
906 1447 991 1503 menti
1005 1448 1063 1516 eius
1074 1463 1129 1504 non
1142 1448 1225 1505 modo
1240 1448 1364 1505 solamen
1380 1447 1487 1515 afferre,
1509 1448 1557 1504 sed
1571 1456 1598 1504 et
1612 1449 1640 1504 iu
1654 1465 1705 1504 su-

59 1541 152 1588 autem
175 1533 328 1605 predicans
337 1532 440 1589 facibus
451 1533 593 1602 suadebat,
606 1534 670 1605 quia
684 1535 756 1606 quod
766 1534 857 1589 verbis
906 1534 1040 1605 perbiam,
1065 1535 1117 1589 nisi
1139 1543 1196 1590 tam
1211 1536 1301 1590 solida
1329 1543 1412 1602 esset,
1429 1536 1568 1592 extollere.
1583 1536 1618 1592 Ut
1632 1536 1705 1592 enim

59 1621 178 1686 dicebat,
195 1621 324 1691 operibus
347 1621 517 1677 ostendebat.
535 1623 570 1677 Ut
592 1621 664 1676 enim
684 1624 894 1710 commissamB
908 1629 1046 1678 taceamus
1075 1638 1136 1693 quaa
1154 1623 1229 1679 clero
1244 1622 1348 1693 pariter
1364 1629 1391 1678 et
1404 1622 1478 1694 plebi
1492 1639 1543 1694 per
1556 1638 1619 1679 eum
1633 1623 1706 1678 bona

59 1706 197 1764 efficacius
218 1708 364 1764 instrueret
385 1707 504 1780 plebem,
520 1707 646 1764 faciendo
674 1709 858 1780 praeveniebat
908 1718 1099 1780 provenerant,
1116 1724 1224 1765 eremus
1252 1709 1414 1775 carthusiae,
1438 1710 1603 1766 calesiensis
1620 1710 1706 1766 abba-

60 1810 226 1861 sermonem,
237 1794 307 1850 sicut
321 1802 348 1851 ct
361 1795 395 1851 de
409 1796 526 1851 Domino
543 1796 730 1867 scriptumest
746 1812 753 1851 ε
767 1819 777 1844 ιι
796 1796 858 1868 quia
909 1797 955 1861 tia,
981 1796 1158 1852 excubiarum
1172 1813 1290 1862 eremus,
1321 1797 1487 1868 regularium
1511 1797 1709 1854 canonicorum

60 1882 144 1953 coepit
157 1883 237 1939 lesus
248 1882 336 1939 facere
347 1891 374 1938 et
387 1883 487 1939 docere
502 1885 575 1953 (Act.
588 1898 608 1950 1,
625 1886 663 1954 1).
675 1905 686 1934 ι
704 1883 859 1939 lnstruebat
909 1883 981 1954 apud
995 1883 1158 1939 Miserenum
1172 1891 1198 1939 et
1212 1884 1285 1955 apud
1299 1884 1328 1939 S.
1359 1884 1509 1957 Georgium
1522 1884 1630 1952 domus,
1646 1886 1708 1957 ipso

60 1970 193 2041 igiturad
218 1969 430 2036 consessionem,
445 1971 579 2027 excitabat
601 1972 637 2026 ad
661 1972 857 2042 paenitentiam,
910 1971 1048 2026 adnitente
1062 1979 1212 2041 coeperant.
1227 1971 1288 2042 ipso
1310 1971 1466 2042 spiritaliter
1480 1980 1507 2028 et
1529 1972 1709 2044 corporaliter

60 2067 218 2130 promptam
228 2059 263 2113 ad
272 2059 471 2131 ignoscendum
485 2059 605 2114 divinam
613 2060 790 2115 monstrando
800 2059 859 2115 cle·
910 2058 1018 2114 fovente
1032 2057 1212 2128 profecerant.
1230 2058 1284 2115 Sed
1299 2059 1358 2130 ipse
1369 2059 1605 2130 imperfectionem
1620 2075 1709 2126 sum,

63 2146 213 2212 mantiam
238 2161 290 2202 nec
317 2149 454 2218 quaerebat
480 2146 509 2201 in
537 2162 624 2218 quoa
644 2147 860 2218 litteratisquasi
911 2160 965 2217 qua
975 2160 1025 2201 nec
1034 2146 1182 2216 Apostolus
1192 2145 1313 2211 carebat,
1333 2146 1427 2202 dicens
1444 2161 1450 2201 :
1469 2169 1480 2196 ι
1498 2148 1559 2201 Non
1573 2146 1709 2219 quodiam

64 2233 176 2305 sapiens
189 2232 356 2301 laudaretur,
373 2235 422 2288 sed
445 2234 517 2305 quod
533 2234 567 2290 ab
582 2233 749 2289 auditoribus
764 2242 861 2289 etmc·
911 2233 1064 2303 acceperim
1085 2240 1130 2287 aut
1153 2233 1290 2303 perfectus
1320 2234 1369 2288 sim
1386 2233 1472 2301 (Phil.
1489 2250 1529 2300 ιιι,
1546 2237 1602 2305 lh).
1621 2257 1633 2284 s
1650 2242 1712 2291 tan·

64 2319 117 2375 lius
128 2320 328 2393 intelligeretur
343 2328 370 2376 et
387 2321 478 2377 utilius
499 2322 671 2378 retineretur.
697 2322 819 2394 Denique
834 2322 862 2377 in
912 2321 1051 2376 tumrnodo
1066 2320 1208 2393 cogitans;
1226 2329 1323 2376 etcum
1339 2322 1482 2377 Psalmista
1497 2321 1605 2379 dicente
1621 2337 1628 2377 :
1647 2345 1658 2371 ι
1674 2323 1711 2380 Ut

68 2415 175 2463 tanturn
196 2409 332 2464 auditores
356 2409 414 2476 ejus
437 2409 573 2465 interdum
595 2409 789 2480 praedicatione
803 2410 862 2478 ejus
912 2409 1008 2468 sciam.
1025 2408 1090 2479 quid
1104 2407 1176 2463 desit
1189 2408 1255 2463 mihi
1270 2410 1358 2478 (Prot.
1375 2423 1498 2476 xxxvru,
1517 2411 1561 2481 b);
1576 2424 1631 2466 non
1646 2409 1713 2482 qnid

63 2496 252 2564 movebantur,
270 2504 300 2551 ut
310 2497 437 2568 capitalia
447 2497 529 2552 etiarn
543 2496 626 2569 aliqui
640 2497 763 2563 crimina,
774 2497 861 2552 Deum
913 2494 965 2550 sibi
979 2494 1083 2550 virtutis
1098 2495 1216 2562 adesset,
1234 2496 1282 2550 sed
1298 2496 1364 2567 quid
1379 2496 1488 2552 deesset
1502 2497 1595 2552 subtili
1609 2497 1708 2553 admo·

62 2583 153 2655 magis
168 2591 296 2639 verentes
310 2599 391 2655 quam
416 2584 551 2652 homines,
565 2584 674 2656 publice
697 2585 860 2653 faterentur3
913 2583 978 2638 dum
990 2582 1161 2639 discussione
1174 2583 1361 2649 considerans,
1377 2584 1560 2656 episcopalem
1574 2585 1711 2641 sarcinam

64 2670 139 2741 quod
153 2685 273 2742 sequens
291 2670 441 2728 declarabit
457 2672 611 2743 exemplum
627 2672 725 2743 :Apud
748 2673 862 2727 vinnai·
913 2670 1002 2726 modis
1025 2670 1151 2726 omnibus
1174 2687 1275 2727 exuere
1303 2671 1495 2740 desiderabat3
1511 2688 1564 2744 qua
1578 2673 1713 2729 sententia

67 2773 131 2814 cum
146 2766 266 2815 castrum
280 2759 463 2831 (toppopulo
490 2760 584 2825 multo,
606 2760 642 2816 ad
664 2760 863 2816 dedicationem
914 2758 956 2814 vel
978 2757 1125 2823 desiderio,
1149 2759 1217 2815 sicut
1231 2759 1259 2813 in
1287 2758 1421 2830 principio
1441 2759 1567 2827 diximus,
1588 2762 1623 2815 ab
1636 2760 1713 2817 initio

68 2846 194 2903 ecclesiae
209 2854 386 2920 congregato,
401 2848 515 2903 verbum
531 2847 594 2904 fecit
606 2863 659 2920 quo
672 2847 701 2903 in
715 2848 814 2902 multas
828 2847 865 2902 la·
914 2861 970 2900 suae
987 2844 1167 2916 promotionis
1181 2845 1215 2900 ad
1230 2853 1344 2901 mortem
1372 2863 1458 2919 usque
1473 2863 1527 2903 non
1542 2849 1641 2904 caruit.

65 2935 353 3004 crymasaudientium
365 2935 450 2991 corda
464 2935 586 2992 resolvit.
596 2936 636 2990 lbi
650 2936 779 2991 mulieres
791 2936 861 3003 duae,
949 2934 994 2989 itt.
1009 2934 1064 2988 Hac
1079 2933 1161 3006 igitur
1170 2934 1309 2990 voluntate
1317 2934 1344 2989 in
1353 2934 1411 2991 dies
1421 2943 1568 3007 augmenta
1579 2943 1712 3005 sumente,

64 3038 127 3094 quae
142 3021 370 3094 (sioutapparuit)
385 3023 538 3092 ejusverba
551 3023 787 3094 profundiusaure
802 3039 865 3079 cor·
877 2993 906 3054 ⁰
916 3021 1030 3076 Romam
1053 3020 1158 3092 legatos
1181 3030 1208 3078 et
1231 3021 1334 3077 litteras
1355 3022 1383 3077 in
1407 3022 1459 3078 hoc
1472 3022 1563 3094 ipsum
1576 3023 1611 3078 ad
1626 3038 1714 3081 vene-

64 3108 109 3165 dis
122 3108 298 3178 imbiberant,
329 3109 501 3167 audientibus
523 3110 647 3182 pluribus
676 3111 781 3167 scelera
795 3125 865 3167 con·
915 3108 1007 3163 randoe
1026 3109 1166 3164 memoria
1180 3123 1282 3179 papam
1309 3109 1383 3165 misit
1410 3110 1558 3166 Honorium
1573 3111 1641 3181 (hl).
1657 3109 1713 3166 Sed

64 3196 148 3254 fessae
163 3205 225 3253 sunt
240 3213 300 3270 quae
313 3199 508 3254 commiserant
522 3218 529 3265 ;
543 3207 570 3255 et
593 3198 727 3270 posterior
755 3198 866 3271 quidem
915 3211 977 3253 cum
991 3195 1074 3267 legati
1098 3196 1230 3265 postulata
1249 3212 1305 3252 non
1324 3196 1526 3268 impetrassent,
1542 3197 1597 3254 imo
1625 3197 1715 3270 magia

65 3285 133 3357 quid
147 3285 256 3351 dixerit,
275 3301 331 3341 non
350 3286 415 3341 satis
429 3286 562 3342 habemns
585 3294 773 3357 compertum3
789 3286 866 3357 prior
913 3283 1018 3338 litteras
1033 3282 1067 3338 ad
1081 3298 1142 3338 eum
1167 3284 1364 3340 consolatorias
1390 3293 1416 3340 et
1430 3286 1465 3340 ad
1479 3287 1715 3356 perseverandum
1764 3328 1768 3334 .

64 3381 155 3429 autem
170 3388 249 3429 suum
266 3389 297 3429 se
306 3372 427 3444 prodidit
440 3373 574 3431 occidisse
588 3374 727 3429 maritum.
743 3376 866 3445 Cumque
916 3370 1116 3426 exhortatorias
1139 3370 1318 3441 accepissent,
1336 3372 1460 3443 ipsemet,
1473 3374 1596 3444 quamvis
1611 3374 1716 3430 morbis

64 3460 106 3517 air
120 3460 172 3516 Dei
192 3460 268 3517 necis
293 3461 449 3533 exquireret
472 3461 593 3528 modum,
623 3462 715 3517 retulit
729 3461 758 3516 in
774 3475 865 3517 escam
915 3473 948 3515 ac
963 3466 1104 3514 senectute
1123 3467 1260 3531 gravatus,
1276 3475 1325 3530 spe
1339 3467 1430 3516 tamen
1444 3461 1472 3514 in
1485 3469 1627 3531 posterum
1641 3461 1716 3533 quie·

63 3547 105 3604 illi
120 3562 150 3602 se
165 3547 275 3604 dedisse
288 3564 440 3616 venenum3
455 3556 518 3621 post
533 3566 595 3620 quae
619 3549 700 3619 jussit
715 3556 866 3620 presentes
916 3545 1009 3602 scendi
1038 3546 1193 3611 roboratus,
1223 3546 1350 3603 eumdem
1376 3547 1530 3604 Romanum
1557 3547 1715 3619 pontificem

64 3635 228 3703 abscedere,
255 3641 286 3692 ut
301 3636 328 3692 ei
361 3636 463 3704 eaeteri,
487 3635 560 3708 quod
588 3636 725 3705 volebant,
754 3635 867 3692 liberius
915 3633 991 3689 adire
1005 3633 1119 3701 curarit,
1143 3648 1246 3706 rogans
1270 3635 1428 3706 suppliciter
1442 3643 1469 3692 et
1492 3635 1631 3692 obtestans
1655 3635 1714 3692 dari

63 3730 179 3794 possent
192 3722 346 3779 ostendere.
368 3724 535 3781 Tentavere
556 3723 589 3778 ad
618 3723 802 3780 confitendum
817 3722 868 3779 fuit
916 3720 1048 3777 senectuti
1061 3737 1117 3777 suae
1128 3720 1264 3777 licentiam
1275 3722 1445 3793 quiescendi,
1461 3731 1488 3779 et
1496 3723 1627 3781 Ecclesiae
1638 3725 1713 3780 Gra·

65 3810 181 3882 reliquas
205 3810 294 3883 plebis
317 3810 456 3877 instantia,
487 3819 517 3866 ut
539 3827 574 3867 ne
601 3810 744 3867 dimidiam
757 3811 867 3884 quidem
916 3808 1118 3880 tianopolitanae
1157 3809 1299 3866 meliorem
1342 3810 1369 3866 in
1411 3827 1491 3867 suum
1518 3811 1609 3868 locum
1645 3827 1713 3884 pas·

66 3905 175 3971 partem
189 3899 258 3969 ejus,
274 3898 303 3953 in
318 3898 366 3953 tali
379 3914 463 3969 opere
477 3899 555 3955 valde
570 3899 632 3956 licet
642 3899 749 3968 devota,
764 3898 870 3956 auscul-
916 3904 1003 3952 torem
1018 3895 1211 3952 substituendi.
1231 3897 1285 3953 Sed
1300 3913 1352 3954 nec
1375 3897 1434 3970 ipse
1450 3899 1587 3970 (quamvis
1603 3900 1714 3968 multas,

65 3992 127 4041 tare
149 3985 266 4058 quiverit
289 3986 443 4042 tolerantia.
459 3987 518 4043 llcc
540 4001 557 4042 a
576 3987 635 4042 viro
651 3995 729 4044 aetate
742 3995 768 4043 et
784 4002 867 4044 sanc·
916 3991 945 4040 ut
962 3983 1083 4055 putabat,
1096 3984 1185 4054 justas
1201 3991 1228 4041 et
1244 3986 1328 4041 animi
1342 3994 1369 4042 et
1383 3987 1505 4058 corporis
1519 3987 1652 4059 allegaret
1666 4003 1717 4044 oc·

67 4073 145 4129 titate
154 4073 472 4141 reverendoWilhelmo,
483 4075 512 4130 S.
521 4074 666 4131 Theofredi
676 4091 748 4132 nunc
757 4075 866 4142 abbate,
917 4071 1053 4142 casiones)
1069 4073 1217 4143 impetrare
1240 4074 1335 4140 valuit,
1367 4082 1397 4130 ut
1410 4075 1462 4130 sibi
1489 4083 1593 4131 tantum
1616 4084 1642 4132 et
1657 4077 1716 4133 Deo

67 4169 134 4217 tunc
147 4162 293 4231 monacho,
308 4177 359 4218 nos
370 4162 533 4231 audivimus,
549 4162 595 4234 qui
605 4162 677 4219 beati
691 4162 742 4219 viri
755 4179 804 4234 per
817 4179 867 4218 an·
917 4173 1015 4215 vacare
1036 4161 1248 4230 permitteretur.
1273 4161 1411 4218 Creditum
1426 4170 1468 4218 est
1481 4163 1555 4218 enim
1569 4163 1642 4234 quod
1657 4163 1718 4230 sola

68 4263 120 4304 nos
135 4248 280 4321 plusquam
307 4249 404 4322 viginti
426 4263 520 4306 comes
534 4250 636 4306 exstitit
646 4250 812 4307 individuus.
918 4246 1075 4303 auctoritate
1094 4256 1121 4303 et
1140 4257 1240 4304 sanctae
1265 4249 1481 4305 conversationis
1507 4250 1632 4322 exemplo
1655 4251 1718 4323 plus

105 4339 151 4392 2³.
167 4336 221 4393 Sed
236 4337 344 4409 quando
355 4353 406 4393 nos
420 4338 509 4393 omnia
524 4337 595 4394 bona
609 4338 678 4406 ejus,
692 4337 735 4394 vel
751 4337 868 4393 breviter
881 4337 1010 4405 Dposset
1028 4334 1102 4405 plebi
1125 4336 1258 4405 prodesse
1275 4336 1405 4406 subjectas
1419 4337 1517 4394 debilis
1534 4346 1561 4395 et
1583 4347 1715 4413 egrotus,

67 4424 216 4495 tangendo,
223 4425 361 4481 memoriis
368 4426 500 4481 mandare
510 4426 870 4497 poterimusiCongesserat
919 4436 1001 4493 quam
1015 4422 1105 4494 quivis
1119 4423 1199 4490 alius,
1216 4424 1344 4480 robustus
1367 4425 1430 4481 licet
1444 4434 1471 4481 et
1485 4441 1577 4483 sanus.
1594 4428 1717 4485 Conces-
1745 4417 1747 4420 ¹

68 4526 187 4583 namque
200 4511 229 4567 in
243 4512 318 4567 illum
336 4529 422 4568 unum
435 4512 528 4568 divina
541 4513 632 4585 gratia
642 4513 771 4569 virtutum
785 4528 868 4569 oma-
919 4509 957 4565 sis
980 4509 1072 4581 itaque
1104 4511 1210 4567 caeteus
1234 4528 1295 4584 quaa
1319 4513 1443 4583 petebat,
1469 4515 1673 4587 honoratusque
1701 4531 1720 4572 a

68 4607 160 4655 menta
170 4600 296 4670 plurima,
307 4616 369 4672 quae
382 4599 521 4672 dispertita
535 4616 584 4671 per
593 4601 727 4673 singulos,
736 4601 869 4672 plurimos
919 4612 1026 4653 summo
1041 4597 1167 4668 pontifice
1181 4606 1209 4655 et
1222 4599 1379 4656 consolatus
1394 4609 1422 4656 ut
1438 4602 1533 4672 potnit,
1556 4603 1591 4658 ed
1604 4602 1719 4675 propria

67 4685 190 4742 illustres
204 4686 371 4744 sufficienter
381 4687 470 4744 facere
482 4696 593 4759 possent
603 4696 685 4761 atque
696 4690 867 4760 conspicuos.
919 4685 1069 4752 remeavit3
1086 4685 1238 4744 dimittendi
1253 4697 1345 4745 tamen
1361 4689 1546 4761 episcopatum
1559 4704 1614 4746 non
1629 4690 1717 4762 depo·

70 4773 101 4830 Si
116 4774 188 4829 euim
197 4775 325 4832 laudatur
333 4776 455 4844 castitas,
471 4775 532 4848 quis
546 4776 593 4831 illo
606 4776 754 4832 mundiori
769 4777 792 4831 si
807 4792 869 4833 ser·
919 4760 973 4828 suit
992 4772 1167 4829 desiderium.

68 4861 160 4917 monis
174 4861 284 4929 veritas,
302 4863 363 4936 quis
380 4863 408 4919 in
421 4864 558 4936 loquendo
569 4864 696 4920 cautior?
710 4864 734 4919 si
743 4864 794 4920 Dei
802 4865 869 4922 cba-
955 4860 1146 4918 anhelando
1160 4870 1251 4918 autern
1265 4863 1387 4921 Honorio
1401 4868 1468 4937 (28),
1486 4880 1547 4922 cum
1556 4881 1607 4937 per
1620 4871 1718 4937 tyran·

70 4949 149 5015 ritas,
166 4949 226 5021 quia
241 4950 410 5008 ferventiori
437 4951 462 5007 ai
488 4951 614 5022 proximi,
630 4951 691 5023 quis
701 4951 870 5025 benigniori
919 4947 1011 5005 nicam
1025 4957 1052 5005 et
1062 4949 1265 5007 schismaticam
1275 4953 1391 5022 rabiem,
1403 4969 1458 5009 non
1472 4955 1530 5010 suis
1544 4953 1658 5026 meritis,
1670 4953 1721 5014 aed

107 5121 162 5187 (16)
174 5123 318 5175 vinnaicum
330 5125 447 5185 castrum,
470 5125 543 5188 vedeo
571 5123 647 5188 licon
671 5126 805 5190 oppidum,
828 5138 873 5178 sex
955 5125 1007 5190 tlt)
1031 5128 1156 5178 successit
1174 5127 1270 5180 calisto
1291 5130 1312 5180 ll
1333 5131 1440 5195 pontiflci
1462 5133 1581 5184 Honorius
1601 5133 1632 5194 ll,
1657 5145 1721 5186 anno

71 5191 105 5240 bl.
119 5191 146 5240 P.
162 5190 193 5240 ab
206 5192 344 5242 antoniano
356 5192 467 5242 canobio
487 5192 590 5242 distans.
615 5194 641 5243 ln
664 5193 740 5246 altero
753 5207 800 5246 ms.
813 5194 873 5258 legi-
924 5194 998 5252 1121,
1014 5195 1045 5244 tt
1057 5196 1173 5246 Decemb.
1186 5198 1218 5248 Et
1229 5197 1290 5247 obiit
1302 5210 1387 5249 mense
1398 5198 1525 5251 Februarii
1538 5201 1594 5250 anui
1608 5202 1682 5252 flod.

72 5259 112 5306 tur
124 5256 262 5309 immicum
266 5272 278 5319 ;
290 5261 316 5308 et
327 5257 399 5323 Surio
411 5257 536 5320 adjectum
547 5262 585 5311 est
595 5259 746 5311 francicam.
958 5259 1009 5322 118)
1023 5262 1147 5313 successit
1156 5261 1209 5324 lam
1221 5263 1293 5314 dictis
1305 5276 1390 5318 mense
1402 5269 1428 5316 et
1439 5278 1503 5318 anno
1515 5267 1672 5319 lnnocentias
1691 5265 1723 5319 tt.

181 5454 301 5509 Parnon.
322 5454 412 5510 Cllll.
1582 5456 1618 5537 if
