3750 5984
60 118 114 173 ιιι
391 109 582 169 axrosrno
601 110 638 168 m
655 107 845 167 ιιιειοιιε
863 109 977 168 ιιοιι.
992 140 1028 154 -
1041 112 1079 169 ιιι
1097 113 1206 172 ιιιει.
1226 114 1274 172 ιιι
1293 116 1372 172 nna.
1403 100 1407 107 '
1596 80 1599 88 ’
1658 119 1712 177 ιιι

63 240 159 296 eidunt
173 236 201 293 in
215 243 367 309 peccatum.
383 236 456 292 Talis
470 235 543 317 enim
557 236 639 292 debet
652 235 724 307 elegi
738 234 784 307 qui
799 236 899 297 ιιι-Α
913 251 968 308 quo
979 236 1046 292 mibi
1063 238 1133 294 bene
1147 238 1298 311 complacui
1318 239 1430 311 (natet.
1449 255 1490 310 ιιι,
1507 240 1562 312 tt).
1582 260 1594 291 ι
1624 241 1655 296 ln
1668 241 1712 298 his

63 328 145 383 nibus
159 325 360 382 infirmitatibus
390 325 502 381 fratrum
521 325 588 381 sciat
602 324 730 396 compati,
748 340 801 380 non
817 324 863 396 qui
913 325 1003 381 verbis
1018 326 1115 382 Filium
1137 326 1305 384 clarificavit.
1330 328 1489 401 ddjungens
1504 336 1592 384 autem
1609 347 1616 384 :
1635 354 1646 378 tt
1662 330 1710 402 lp·

64 415 240 489 impatienter
268 414 417 486 precipitet
444 414 606 470 sententiam
634 413 817 469 damnationis
835 413 864 467 in
913 431 975 470 sum
989 415 1081 471 cudite
1109 416 1199 488 (ibid).
1220 437 1230 466 ι
1257 416 1285 471 in
1298 418 1351 474 hoc
1374 417 1458 472 verbo
1479 416 1634 488 pontificem
1645 433 1711 475 con·

66 505 201 562 subditos.
217 505 248 559 ln
261 504 393 559 hochene
406 503 530 558 Christus
559 502 664 569 similis,
681 502 728 574 qui
746 510 864 557 tentatus
914 503 1039 560 secrevit.
1055 506 1088 562 Ut
1098 505 1179 560 Pater
1193 505 1349 562 ostenderet
1363 505 1524 579 dignitatern
1537 506 1597 562 Filii
1614 525 1620 563 :
1638 514 1666 563 tu
1681 524 1712 564 es
1806 503 1810 511 “

66 593 217 667 peremnia
245 593 407 664 compatitur
435 590 636 647 infirmitatibus
663 590 777 647 nostris.
797 591 864 647 Dico
914 592 1091 649 Filiusmeus.
1103 594 1181 650 ltade
1190 594 1297 650 Christo
1311 595 1634 667 ait,quemadmodumde
1646 613 1711 668 pon·

66 683 154 755 possit
180 681 336 751 condolere,
362 689 389 736 et
416 680 509 753 utique
523 680 613 747 debet,
643 679 772 751 qnoniam
796 679 865 735 sicut
914 680 1015 737 tiricatu
1025 683 1147 752 ejusdem
1159 683 1242 739 etiam
1256 683 1413 741 inalioloco
1431 685 1553 755 ejusdem
1564 685 1712 757 Scriptura

68 771 179 837 subditi,
196 770 323 827 itaetiam
339 769 399 841 ipse
427 769 608 826 circumdatus
633 776 673 825 est
698 767 864 836 infirmitate,
916 770 966 825 ait:
978 772 1016 827 Τιι
1024 788 1053 827 cs
1061 771 1199 839 sacerdos,
1207 772 1355 828 duraturus
1363 775 1395 828 in
1405 777 1545 829 eternum
1555 774 1712 831 secondum

68 860 97 915 id
110 865 152 916 εει
166 867 192 916 ει
202 859 350 931 fragilitate
379 859 483 925 carnis,
500 866 526 913 et
549 858 649 930 sapius
670 865 732 914 actu
747 857 864 929 peccati.
916 860 1055 927 ordinem,
1069 859 1096 914 id
1105 868 1147 915 est
1157 860 1306 917 secundum
1317 861 1475 933 dignitatem
1485 862 1587 918 ordinis
1596 863 1712 919 lletcbi-

68 949 98 1004 ln
112 949 166 1004 boc
180 956 270 1003 antem
283 947 407 1002 Christus
429 947 514 1016 major
535 947 596 1018 quia
611 955 714 1018 absque
742 954 865 1017 peccato.
915 947 1024 1004 sedech.
1051 948 1239 1005 Sacerdotium
1252 957 1343 1004 autem
1358 949 1507 1007 leviticum
1522 966 1577 1006 non
1596 951 1625 1006 iu
1638 959 1714 1008 aeter·

67 1036 178 1109 thuia
190 1037 249 1108 ipse
264 1036 444 1092 circumdatus
459 1043 501 1090 est
521 1032 678 1090 infirmitate
695 1052 702 1089 z
716 1039 867 1107 propterea
916 1051 991 1100 num,
1009 1036 1098 1092 sedin
1121 1044 1241 1108 tempore
1265 1038 1432 1094 duraturum.
1448 1040 1512 1095 ldeo
1531 1040 1713 1097 sacerdotium

68 1125 305 1198 quemadmodum
318 1123 398 1180 offert
410 1140 461 1197 pro
469 1125 572 1196 populo
587 1123 755 1179 absolvendo
770 1138 786 1178 a
801 1138 868 1194 pec·
917 1124 1017 1180 Christi
1032 1140 1145 1181 necesse
1161 1134 1202 1181 εει
1216 1134 1244 1181 ut
1260 1134 1369 1182 maneat
1383 1128 1411 1181 in
1425 1136 1566 1196 aeternum,
1584 1129 1645 1202 quia
1659 1129 1714 1186 sic·

69 1213 148 1280 catis,
174 1221 201 1268 et
214 1214 402 1269 conservando
426 1212 460 1267 de
486 1211 586 1278 futuro,
611 1212 654 1268 ita
668 1213 755 1267 etitem
771 1211 868 1267 eodem
917 1221 956 1280 ut,
973 1211 1027 1269 nisi
1048 1230 1098 1285 per
1112 1230 1184 1281 eum,
1197 1214 1335 1270 beatitudo
1355 1223 1509 1287 nonpctest
1531 1217 1635 1285 haberi,
1661 1218 1710 1286 sic,

69 1302 153 1358 modo
176 1301 256 1358 debet
272 1302 310 1371 (et
328 1317 443 1357 necesse
460 1301 512 1372 est)
526 1301 627 1371 etiamn
641 1317 692 1372 pro
707 1301 867 1371 semetipso,
917 1301 970 1357 nisi
984 1319 1035 1373 per
1049 1319 1112 1358 eum
1127 1302 1228 1369 habita,
1247 1318 1302 1359 non
1317 1311 1405 1375 potest
1412 1305 1538 1361 retineri.
1553 1308 1582 1361 ln
1593 1307 1645 1362 hoc
1659 1307 1713 1363 ite·

70 1391 168 1463 inquo
188 1397 229 1445 est
244 1389 386 1445 infirmitas
400 1389 588 1446 conservando
602 1389 637 1444 de
652 1388 752 1455 tuturo,
769 1397 795 1444 et
817 1403 869 1461 pro
918 1407 977 1447 rum
992 1391 1064 1462 qnod
1075 1392 1102 1448 in
1118 1400 1247 1447 aeternum
1262 1391 1388 1463 praelatus
1405 1401 1447 1449 est
1460 1394 1614 1450 sacerdotio
1634 1395 1716 1451 Levi-

69 1480 196 1553 peccatis
209 1479 354 1550 praeteritis
370 1478 503 1534 delendis.
520 1478 550 1531 ln
564 1479 616 1533 hoc
634 1477 731 1532 itemm
746 1476 870 1532 Christus
919 1479 982 1549 tico,
1005 1479 1082 1553 quia,
1099 1480 1164 1535 illud
1185 1480 1213 1535 in
1227 1487 1359 1552 tempore.
1371 1482 1406 1536 Et
1421 1481 1444 1537 si
1458 1482 1653 1538 destruendum
1667 1499 1715 1541 sa-

70 1569 158 1638 major
171 1568 301 1640 quianon
315 1566 420 1640 indiget
435 1574 461 1622 ut
477 1565 570 1622 offerat
584 1582 685 1637 prose,
698 1565 750 1619 nisi
767 1573 870 1620 tantum
883 1594 910 1654 Β
921 1569 1073 1625 cerdotinm
1096 1570 1227 1640 prodesse
1251 1570 1347 1641 potnit,
1375 1570 1460 1626 multo
1478 1571 1568 1645 magis
1582 1579 1715 1629 aeternum

70 1672 121 1728 pro
136 1656 246 1728 populo.
263 1654 406 1725 Quomodo
429 1654 473 1711 hic
489 1653 608 1725 pontiiex
629 1654 810 1709 assumendus
824 1654 868 1719 sit,
922 1657 1104 1714 sacerdotium
1125 1658 1224 1713 Christi
1238 1677 1245 1725 ;
1261 1660 1333 1731 quod
1354 1658 1435 1714 etiam
1446 1658 1559 1715 ulterius
1569 1668 1610 1716 est
1624 1660 1717 1734 digni·

73 1743 224 1818 subjungit,
242 1744 337 1801 dicens
353 1762 359 1798 :
376 1743 426 1801 Hic
438 1743 559 1815 pontifex
570 1742 608 1798 sic
619 1743 700 1799 debet
719 1741 827 1809 offerre,
844 1749 871 1798 ει
921 1746 994 1811 ιειιε,
1028 1747 1089 1818 quia
1107 1747 1258 1803 secuudum
1288 1747 1412 1803 ordinem
1432 1747 1642 1807 Melchisedech.
1665 1751 1719 1820 Qui

73 1836 220 1907 qumquam
237 1834 334 1889 horum
355 1830 513 1904 pontificum
528 1850 585 1890 eom
600 1834 701 1898 ειιιιιιι,
717 1831 745 1885 id
760 1838 801 1886 est
816 1847 871 1886 non
922 1835 1046 1890 Christus
1060 1843 1089 1889 ut
1103 1835 1169 1891 certi
1182 1835 1240 1891 sitis
1256 1850 1306 1891 vos
1327 1836 1353 1890 in
1372 1851 1405 1891 eo
1422 1846 1618 1894 consecuturos
1632 1838 1717 1896 mise·

73 1938 105 1977 se
134 1923 169 1977 ad
196 1923 357 1977 sumendum
385 1921 518 1977 honorem
545 1921 656 1994 ingerit.
695 1919 782 1976 Sumit
810 1919 872 1974 dico
922 1923 1077 1991 ricordiam‚
1094 1926 1125 1980 ιιι
1139 1924 1235 1980 diebus
1245 1926 1418 1991 carniacum,
1434 1924 1462 1980 ιιι
1481 1933 1521 1982 est
1530 1925 1717 1998 passibilitatis

73 2012 137 2081 sibi,
153 2011 181 2067 id
198 2019 239 2067 εει
254 2019 381 2081 respectu
396 2025 489 2066 eorum
505 2026 565 2081 quae
579 2025 629 2064 sua
652 2016 723 2064 sunt.
749 2009 872 2063 Sumeret
923 2011 1133 2067 etmortalitatis
1146 2029 1212 2068 suae.
1236 2012 1365 2068 Naturale
1380 2012 1452 2069 enirn
1467 2022 1508 2069 ost
1522 2014 1611 2070 carnis
1621 2016 1676 2086 pati
1691 2023 1719 2072 et

73 2099 137 2168 sibi,
154 2099 177 2155 si
193 2116 242 2171 per
255 2099 410 2171 pecuniam,
428 2099 450 2153 si
460 2105 571 2169 propter
584 2113 740 2169 personam,
756 2096 779 2152 si
790 2112 873 2168 prop·
923 2100 1002 2156 mori.
1019 2101 1050 2156 Iu
1065 2101 1117 2171 his,
1132 2101 1253 2173 inquam,
1266 2101 1474 2159 diebusobtulit
1490 2107 1631 2174 preesset
1648 2121 1718 2178 aep-

74 2195 118 2242 ter
132 2203 230 2260 genus,
242 2195 354 2259 propter
369 2187 529 2242 saecularem
548 2185 696 2258 potentiam
714 2185 757 2243 vel
776 2185 872 2254 hujus·
921 2190 1093 2262 plicationes
1106 2188 1142 2245 ad
1157 2190 1253 2245 Deum.
1264 2189 1363 2245 Preces
1386 2197 1466 2247 vocet
1482 2207 1657 2264 quascunque
1666 2208 1720 2265 pc-

75 2275 150 2331 modi
164 2276 304 2349 ingeratur
318 2275 346 2330 ιιι
360 2275 502 2330 bonorem.
924 2278 1085 2334 stolationes
1099 2287 1161 2334 aute
1175 2277 1311 2350 passionis
1321 2277 1466 2335 articulum
1481 2277 1553 2336 lecit.
1579 2279 1720 2353 Supplica-

112 2366 177 2421 llaec
191 2364 265 2420 enim
280 2363 369 2420 omnia
384 2380 417 2419 ex
432 2379 466 2418 eo
481 2371 554 2430 sunt,
571 2363 620 2419 sed
636 2363 683 2435 qui
696 2369 808 2434 propter
815 2356 875 2417 'vir-
924 2366 1023 2436 tiones,
1045 2366 1110 2423 dicit
1124 2366 1245 2438 quando,
1266 2367 1384 2422 instante
1401 2368 1470 2423 hora
1484 2367 1629 2439 passionis,
1647 2376 1721 2425 tanta

76 2461 160 2521 tutes,
175 2453 343 2525 patientiam,
364 2452 542 2508 humilitatem
557 2461 584 2507 et
603 2451 767 2522 hujusmodi,
784 2466 874 2506 sume·
924 2451 1073 2507 intentione
1087 2452 1175 2507 oravit
1188 2458 1217 2506 ut
1231 2451 1411 2524 sanguineum
1433 2451 1561 2508 sudorem
1576 2453 1719 2509 emitteret.

77 2551 155 2598 retur
168 2542 201 2597 ad
215 2543 358 2609 honorem,
374 2541 488 2598 hicnon
512 2542 572 2607 sibi,
589 2541 674 2597 idest
689 2557 721 2597 ει
745 2556 779 2596 eo
802 2539 874 2611 qnod
925 2540 1039 2607 Obtulit,
1056 2540 1176 2612 inquam,
1192 2540 1228 2595 ad
1242 2556 1314 2608 eum,
1331 2541 1379 2612 qui
1400 2543 1488 2613 possit
1501 2542 1612 2598 salvum
1626 2545 1721 2614 tacere

78 2639 224 2701 anomoei,
240 2632 290 2688 sed
305 2648 338 2686 ex
361 2631 506 2687 virtutibus
522 2647 583 2703 quae
593 2630 643 2686 Dei
669 2637 740 2696 sunt,
757 2634 876 2684 sumeret
925 2630 1010 2685 illum
1025 2646 1043 2685 a
1057 2636 1157 2685 morte.
1175 2629 1236 2683 Non
1251 2636 1278 2683 ut
1295 2643 1351 2684 non
1373 2629 1515 2700 moriatur,
1533 2630 1581 2685 sed
1596 2646 1631 2686 ne
1646 2646 1722 2686 mors

79 2723 224 2777 honorem.
238 2721 326 2776 Nemo
342 2720 425 2776 sumit
435 2719 638 2789 sihihonorem,
650 2719 698 2775 sed
711 2718 757 2773 ille
768 2719 815 2790 qut
831 2732 876 2772 vo·
925 2717 977 2788 ipsi
995 2717 1041 2772 diu
1055 2716 1219 2772 dominetur.
1244 2717 1391 2773 intendens
1413 2730 1462 2789 per
1489 2734 1520 2774 se
1547 2717 1693 2774 liberatum
1707 2733 1724 2774 a

79 2814 165 2867 cetur
178 2825 197 2865 a
210 2811 274 2876 Deo,
294 2809 322 2864 id
346 2816 388 2864 est
418 2808 464 2881 qui
485 2808 577 2864 divina
601 2807 740 2865 vocatione
755 2805 874 2877 eligitur.
925 2813 1024 2872 morte,
1036 2806 1185 2860 humanum
1201 2820 1289 2878 genus
1303 2805 1338 2859 ab
1354 2805 1449 2861 eadem
1464 2805 1646 2862 liberandum.
1663 2806 1723 2862 Ob·

78 2900 141 2954 Non
151 2897 260 2963 dicitur,
276 2905 414 2954 vocatura
429 2897 498 2964 Deo,
514 2897 587 2970 quod
602 2912 654 2953 vox
664 2896 756 2953 divina
770 2894 808 2949 ibi
832 2910 877 2950 au·
928 2894 996 2960 tulit,
1009 2894 1131 2965 inquam,
1141 2895 1177 2950 ad
1187 2910 1249 2950 eum
1264 2910 1329 2950 cum
1340 2895 1463 2952 clamore
1472 2895 1573 2962 valido,
1585 2911 1639 2951 non
1650 2895 1724 2969 quod

81 2986 179 3055 diatur,
192 2986 255 3055 sed,
273 2986 295 3040 si
315 2994 428 3057 propter
446 2985 560 3040 virtutes
574 2984 625 3040 Dei
639 2984 675 3040 ab
691 2984 733 3039 his
759 2983 804 3056 qni
818 2981 877 3038 sani
927 2983 964 3039 ita
978 2982 1031 3038 alte
1041 2983 1210 3048 clamaverit,
1226 2983 1275 3039 sed
1303 2998 1365 3039 cum
1381 2983 1472 3039 valido
1485 2984 1615 3053 clamate,
1631 2984 1659 3039 id
1683 2989 1725 3040 est

79 3083 142 3131 sunt
151 3074 350 3148 eligitur,idem
360 3074 429 3131 valet
440 3089 472 3130 ac
482 3073 506 3128 si
518 3074 592 3129 Deus
602 3072 705 3129 diceret
716 3090 723 3128 :
736 3072 804 3127 Veni
815 3071 878 3143 quia
928 3088 989 3129 eum
1003 3071 1120 3128 maxima
1135 3071 1293 3137 intentione,
1309 3075 1338 3128 et
1352 3089 1413 3128 cum
1425 3073 1567 3145 lacrymis.
1583 3072 1655 3128 Alibi
1669 3087 1724 3128 non

80 3163 181 3237 dignus
196 3178 226 3218 es
240 3163 366 3234 accipere
385 3161 581 3234 pontificatum.
597 3162 716 3218 Vocatur
729 3176 745 3215 ιι
760 3160 817 3216 Deo
833 3175 879 3215 ve·
927 3160 1063 3215 invenitur
1078 3159 1173 3215 eadem
1188 3160 1255 3215 hora
1278 3159 1444 3232 lacrymasse
1468 3160 1614 3231 Christum,
1630 3160 1682 3216 nisi
1696 3162 1725 3216 ιιι

83 3254 127 3309 lut
141 3253 237 3308 Aaron
251 3267 268 3307 a
282 3251 339 3307 Deo
353 3258 466 3307 vocatus
477 3259 528 3306 est.
538 3253 631 3306 Aaron
640 3258 730 3305 tamen
739 3264 794 3304 uon
803 3264 878 3304 com·
928 3249 980 3305 hoc
991 3248 1139 3320 Evangelio
1155 3248 1249 3316 Pauli;
1265 3249 1310 3304 cui
1323 3265 1378 3304 non
1388 3249 1479 3305 minus
1488 3258 1530 3323 est
1544 3248 1722 3319 credendum,

82 3341 157 3397 muni
171 3340 304 3397 electione
319 3340 422 3396 electus
441 3348 493 3409 εει,
513 3339 576 3412 quie
605 3338 664 3393 Filii
683 3338 752 3394 Cone
776 3345 881 3393 contra·
928 3337 1000 3409 quie,
1019 3337 1042 3391 si
1057 3353 1108 3408 pro
1122 3337 1225 3393 Lazaro
1241 3345 1268 3392 et
1280 3352 1332 3408 pro
1345 3337 1528 3394 destmctione
1543 3337 1723 3407 Hierusalem,

83 3430 221 3486 dixerunt.
248 3427 339 3497 Quare
358 3428 432 3484 illato
446 3428 511 3499 igne
535 3428 634 3494 alieno,
650 3425 835 3483 thurificantes
844 3425 879 3479 ab
928 3425 1085 3482 miserando
1099 3425 1200 3497 ubique
1214 3426 1331 3481 humano
1352 3424 1480 3493 defectui,
1502 3426 1670 3500 lacrymasse
1684 3426 1727 3483 di·

82 3517 147 3590 igne
157 3518 311 3589 consumpti
326 3525 397 3586 sunt,
415 3524 442 3572 et
465 3518 572 3571 Datban
588 3523 614 3571 et
642 3515 745 3571 dbiron
767 3530 818 3586 pro
833 3530 880 3569 eo-
928 3515 1007 3584 citur,
1037 3514 1122 3570 multo
1150 3514 1238 3586 magis
1266 3515 1431 3586 lacrymasse
1454 3513 1585 3570 dicendus
1607 3523 1658 3582 est,
1684 3522 1723 3584 ιιι,

84 3607 146 3662 dem
158 3614 397 3676 murmurantes,a
412 3613 486 3662 terra
495 3605 617 3676 absorpti
635 3613 697 3659 sunt
711 3605 806 3675 (Num.
818 3616 878 3670 xvr,
929 3603 1164 3660 consummatione
1179 3602 1341 3660 obedientiae
1354 3619 1420 3670 sna,
1449 3602 1583 3660 deiectum
1612 3602 1725 3659 humani

84 3695 139 3767 3¹).
156 3695 212 3751 Sed
220 3697 329 3767 Moyses
344 3710 377 3750 ex
391 3693 598 3766 praceptobei,
615 3701 640 3749 et
654 3708 704 3764 per
717 3691 880 3750 miraculum
929 3692 1038 3764 generis
1053 3700 1169 3748 sanaret.
1192 3690 1328 3759 Offerens,
1358 3691 1479 3764 inquam,
1494 3708 1591 3764 preces
1606 3708 1667 3749 cum
1683 3692 1727 3747 la-

84 3784 233 3855 assumpsit
245 3787 339 3839 Aaron
359 3784 387 3839 in
406 3783 599 3839 sacerdotium.
616 3781 749 3853 Praecepit
764 3781 837 3837 enim
851 3786 881 3836 ut
930 3781 1031 3854 crymis
1050 3781 1206 3838 excuditur
1227 3785 1279 3847 est,
1304 3782 1440 3853 completo
1465 3782 1538 3854 quod
1560 3781 1726 3853 postulabat,

84 3874 119 3929 de
134 3888 172 3928 ιιιι
196 3872 320 3928 tribubus
335 3887 377 3927 ιιι
398 3872 518 3928 viromm
537 3886 578 3926 ιιι
593 3871 678 3942 virgae
701 3870 729 3924 in
751 3870 881 3925 taberna·
929 3886 979 3943 pro
994 3887 1045 3927 suc
1059 3872 1230 3936 reverentia,
1246 3869 1326 3926 idest
1338 3870 1603 3944 prosuareligione.
1615 3870 1726 3942 Velpro
1832 3936 1836 3947 Ι

84 3961 147 4018 culo
161 3967 337 4033 ponerentur,
353 3967 381 4016 ut
404 3961 480 4031 cujus
495 3960 572 4033 virga
598 3958 745 4028 floruisset,
760 3957 881 4029 pontifex
931 3974 981 4013 sua
995 3959 1158 4027 reverentia,
1175 3959 1202 4014 id
1218 3967 1259 4015 est
1273 3974 1323 4031 pro
1338 3957 1560 4032 obedientiaque
1574 3975 1604 4015 se
1619 3958 1728 4016 Patrem

85 4050 235 4107 secundum
246 4049 417 4105 manifestem
432 4049 599 4105 voluntatem
617 4047 668 4103 Dei
682 4045 769 4103 fieret.
785 4048 816 4102 In
827 4046 883 4103 ele·
931 4063 1039 4119 semper
1056 4048 1206 4104 reveritum
1220 4048 1305 4104 luisse
1319 4047 1452 4119 probavit.
1468 4048 1530 4104 Non
1541 4054 1643 4103 tanturn
1660 4063 1729 4119 pre·

85 4138 176 4195 ctione
190 4146 278 4194 autern
294 4141 387 4194 Aaron
401 4137 520 4193 ostendit
529 4136 613 4209 quod,
629 4136 653 4191 si
666 4136 747 4207 pauci
768 4135 822 4191 sint
836 4133 883 4207 qui
931 4151 1051 4192 cescum
1076 4136 1204 4208 lacrymis
1230 4136 1337 4204 obtulit,
1354 4137 1402 4192 sed
1431 4136 1514 4192 ctiam
1536 4137 1648 4204 didicit,
1672 4151 1728 4192 non

81 4228 154 4298 juste
169 4227 271 4300 eligant
284 4235 311 4283 et
325 4226 466 4282 multitudo
480 4225 655 4295 contradicat,
672 4234 764 4281 tamen
778 4238 883 4296 pauco·
932 4225 1097 4298 cognitione,
1115 4225 1163 4281 sed
1178 4241 1229 4297 per
1239 4224 1433 4296 experientiam
1444 4225 1484 4280 rai
1494 4225 1729 4282 obcoenitatem

82 4333 147 4371 rum
175 4316 309 4372 sententia
334 4315 463 4372 canonice
488 4314 646 4388 eligentium
675 4313 816 4386 sequenda
830 4309 919 4380 est,D
935 4312 978 4368 llis
992 4330 1053 4385 qcoe
1067 4330 1167 4387 passus
1182 4313 1271 4380 eat,id
1286 4320 1327 4369 εει
1341 4329 1391 4384 per
1405 4319 1533 4381 mortem;
1550 4329 1623 4381 cum,
1639 4312 1668 4368 id
1687 4318 1730 4369 εει

84 4404 265 4460 multitudinis
279 4420 356 4460 error
375 4403 565 4474 reprobandus
579 4404 673 4475 (Num.
695 4417 766 4469 ιιιιι,
781 4405 808 4468 2,
826 4403 881 4472 tc).
933 4404 1060 4474 quemvis
1074 4406 1148 4458 esset
1161 4402 1251 4458 Pilius
1275 4401 1326 4457 Dei
1349 4409 1447 4473 potens
1470 4402 1570 4469 omnin,
1582 4402 1623 4459 sic
1637 4411 1730 4459 tamen

86 4493 210 4548 Pontifex
220 4492 267 4548 ille
277 4493 301 4547 si
310 4501 439 4564 tanquam
450 4495 542 4547 Aaron
554 4499 669 4548 vocatus
679 4491 723 4558 sit,
732 4506 788 4546 non
798 4506 828 4545 se
838 4489 884 4544 in·
934 4490 1114 4546 sacerdotium
1129 4507 1208 4546 snum
1222 4490 1335 4562 implere
1349 4489 1443 4545 voluit.
1464 4492 1500 4547 Et
1513 4491 1572 4564 ipse
1595 4509 1730 4549 consum·

85 4581 371 4655 gerensinbonorem,
382 4581 536 4638 hominibus
545 4580 679 4651 prodesse
687 4587 786 4651 potest.
798 4578 843 4635 Sic
858 4583 885 4633 et
934 4584 1040 4647 ιιιιιιιιι,
1056 4579 1084 4635 id
1099 4587 1140 4635 est
1155 4587 1285 4635 mortuus.
1297 4577 1347 4634 Vel
1361 4588 1576 4648 consummatus,
1599 4580 1628 4636 id
1646 4580 1731 4637 estin

87 4669 210 4726 Christus
236 4670 317 4725 simili
333 4671 368 4726 de
388 4685 470 4726 cansa
489 4668 547 4724 suis
562 4667 685 4724 auxiliari
703 4675 802 4739 potest,
821 4665 886 4739 quia
934 4666 1048 4723 dextera
1061 4667 1159 4735 Patris,
1175 4675 1204 4723 ut
1217 4667 1284 4723 nihil
1294 4667 1483 4739 imperfectum
1500 4668 1612 4725 baberet
1624 4666 1731 4750 consti·

90 4757 220 4815 Christus
234 4759 478 4829 conclurificovit,
491 4757 519 4813 id
527 4763 568 4813 est
581 4772 637 4812 ιιοιι
644 4772 674 4812 se
684 4755 885 4830 magnificando
935 4762 1016 4824 tutus,
1032 4758 1128 4828 sactus
1142 4761 1185 4813 est
1204 4771 1292 4814 causo
1301 4757 1405 4813 ιαιιιιιι
1415 4761 1532 4814 oetaerooe
1545 4755 1675 4813 omnibus
1686 4757 1732 4815 ob·

87 4846 206 4920 ingessit
222 4847 257 4902 ad
268 4848 329 4915 hoc,
347 4851 379 4903 ιιι
392 4848 475 4917 fieret
489 4847 632 4919 pontifex,
654 4845 702 4902 sed
711 4845 791 4900 Pater
803 4843 885 4900 clari-
936 4845 1162 4917 temperantibus
1172 4845 1243 4912 sibi,
1266 4861 1322 4901 non
1335 4844 1389 4899 illis
1403 4846 1449 4918 qui
1465 4845 1517 4900 sibi
1532 4852 1648 4902 renuunt
1663 4845 1730 4902 obe-

87 4933 178 4991 ticavit
191 4935 327 4991 Christum
347 4936 394 5008 qai
412 4935 653 5001 locutusadcum,
666 4933 760 4990 diceus
777 4950 785 4989 ι
803 4935 842 4989 Pu
856 4950 886 4990 ει
935 4932 1004 4988 dire.
1028 4933 1116 4988 Causa
1137 4933 1231 5005 utique
1249 4933 1342 4989 salutis
1366 4933 1436 4989 bene
1464 4927 1555 5006 potest
1582 4949 1654 5001 esse,
1670 4933 1734 5010 quia

88 5025 179 5080 Filius
189 5023 682 5096 mcusss'wepobodieqenuite,
695 5021 887 5094 sicutinprin-
935 5022 1099 5094 appellatus
1110 5029 1150 5077 est
1157 5023 1354 5096 pontisernon
1363 5021 1397 5078 ab
1407 5021 1573 5093 hominibus,
1581 5023 1731 5093 redebeo,
1806 5011 1813 5025 ’

87 5110 295 5184 cipioEpistolae
302 5113 558 5184 exposuimusflaec
565 5119 715 5168 autemnon
722 5112 884 5179 suntverhn,
936 5126 987 5166 nec
1003 5110 1154 5166 secundum
1169 5111 1327 5179 Leviticum‚
1344 5111 1392 5168 sed
1408 5113 1501 5184 juxta
1515 5111 1675 5186 dignitatem
1690 5129 1736 5172 or-

88 5200 346 5272 quibusPatercum
356 5199 530 5268 clarificavit;
543 5200 628 5257 sedin
645 5199 887 5272 quibuschristum
937 5199 1013 5255 dinis
1024 5200 1232 5257 Melchisedech.
1248 5199 1377 5256 Dicturus
1392 5200 1432 5257 eis
1456 5200 1594 5274 quomodo
1609 5201 1735 5258 sacerdo·

90 5290 245 5346 sacerdotio
267 5290 381 5363 dignum
398 5289 516 5346 ostendit
540 5307 547 5343 ι
569 5289 676 5360 quando
698 5298 805 5357 autem,
821 5289 887 5344 dum
937 5287 1004 5343 tium
1027 5304 1106 5343 suum
1128 5288 1216 5363 legale
1246 5290 1369 5346 destruat
1397 5290 1597 5358 secerdotium,
1613 5298 1640 5346 et
1668 5303 1737 5362 qno·

89 5376 214 5436 Christus
226 5378 417 5451 baptizaretur,
429 5379 466 5434 ait
482 5395 489 5435 ι
507 5398 519 5430 ι
536 5377 587 5435 llic
601 5386 642 5434 est
656 5377 738 5435 Pilius
756 5393 843 5444 meus,
859 5375 888 5432 in
937 5376 1019 5436 modo
1033 5377 1123 5435 omnia
1137 5377 1240 5453 legalia
1250 5378 1281 5435 in
1296 5393 1329 5436 eo
1349 5377 1432 5436 finem
1453 5379 1581 5447 habeant,
1598 5375 1736 5451 quomodo
