3742 5986
731 189 1034 247 CONSUETUDINES.

706 312 902 370 CAPITULUM
928 314 1049 372 LXXVI.

533 410 570 464 Dc
591 407 711 481 hospitio
733 410 868 466 Fratrum
887 413 936 483 qui
951 414 1029 482 soros
1047 412 1216 468 mittentur.

86 509 153 564 Cum
172 507 256 579 aliqui
271 505 344 562 foras
352 507 492 561 mittuntur
505 503 532 558 in
548 503 645 561 vicinis
668 504 814 574 montanis,
830 506 859 561 id
886 514 968 574 est,a
992 509 1153 565 Cornelicne
1169 510 1302 581 superius,
1333 520 1359 566 ει
1381 529 1397 567 a
1424 512 1583 579 Bocoirone,
1614 519 1641 566 et
1665 511 1701 566 ab

50 608 240 672 lntermontes,
258 613 284 660 et
299 620 314 659 a
330 604 427 670 Scalis,
443 617 494 658 nec
505 616 621 658 eseama
635 618 771 675 quoquam
786 617 837 659 nec
851 602 997 675 hospitium
1011 605 1156 678 accipiunt,
1174 606 1225 661 nisi
1235 615 1281 663 aut
1295 609 1450 678 specialiter
1461 609 1539 679 jussi,
1553 617 1599 664 aut
1613 608 1703 680 aliqua

50 701 202 760 inevitabili
218 709 245 758 ει
259 701 397 773 inopinata
415 700 578 757 necessitate
592 699 690 755 coacti.

713 797 911 855 CAPITULUhl
931 798 1064 853 lxxvii.

670 895 708 950 De
721 895 860 966 suqitr'uis,
882 897 940 952 sive
960 897 1095 968 capulata.

90 998 118 1054 Si
134 995 195 1069 quis
209 995 389 1051 habitatorum
399 992 452 1049 loci
467 992 547 1061 huius
561 992 606 1047 vel
617 991 761 1065 aufugerit,
778 993 823 1049 vel
836 993 930 1064 pulsus
947 993 1037 1060 fuerit,
1054 1002 1080 1048 et
1094 995 1190 1050 ductus
1218 996 1373 1067 poenitentia
1397 997 1517 1066 redierit,
1545 997 1705 1069 promittens

52 1109 165 1150 suarum
180 1091 398 1149 emendationem
413 1089 631 1161 perversitatum,
643 1097 669 1144 et
679 1090 736 1160 ejus
748 1090 859 1161 proprie
874 1089 931 1147 vitii
945 1098 1057 1161 propter
1075 1091 1147 1163 quod
1158 1092 1253 1163 pulsus
1268 1093 1353 1148 fuerat
1368 1094 1411 1150 vel
1420 1093 1572 1167 aufugerat,
1585 1096 1707 1152 tractabit

52 1190 127 1263 prior
141 1204 253 1245 causam
267 1187 326 1257 ejus
340 1185 479 1242 communi
493 1184 616 1254 consilio,
627 1192 655 1239 et
669 1183 739 1240 sicut
752 1184 796 1239 vel
811 1184 924 1241 fratrum
939 1202 1068 1241 numerus
1083 1188 1126 1243 vel
1138 1189 1235 1244 domus
1250 1189 1359 1260 utilitas,
1376 1190 1419 1247 vel
1433 1192 1515 1246 etiam
1532 1191 1606 1247 salus
1621 1191 1706 1262 ipsius

53 1287 192 1359 postulare
205 1285 348 1352 videbitur,
365 1284 444 1340 faciet
458 1283 503 1351 ei;
520 1289 546 1338 ει
560 1283 583 1337 si
606 1282 749 1338 consilium
776 1282 924 1353 recipiendi
942 1284 1082 1354 placuerit,
1107 1285 1140 1340 ad
1166 1286 1354 1358 probationem
1381 1288 1538 1344 humilitatis
1557 1289 1585 1343 in
1613 1289 1706 1344 ultimo

55 1383 236 1440 constituetur
250 1382 320 1438 loco.
337 1381 501 1449 sinautem,
517 1378 821 1435 dabitureilieentiaad
837 1379 954 1453 aliquam
969 1381 1049 1437 aliam
1070 1383 1227 1457 religiosam
1253 1385 1335 1441 eundi
1360 1386 1480 1455 domum,
1497 1386 1525 1441 in
1547 1401 1601 1458 qus
1628 1401 1705 1441 suam

57 1484 145 1554 possit
164 1482 284 1537 animam
313 1479 416 1536 salvam
430 1479 531 1535 facere.

723 1546 1008 1605 COMMENTARIUS.

58 1651 216 1724 abnegatio,
234 1649 261 1705 in
277 1648 386 1721 pmprio
400 1663 455 1704 non
469 1646 595 1703 habendo
610 1654 637 1702 et
647 1645 674 1700 in
688 1645 798 1717 propria
808 1660 854 1702 vo·
867 1647 892 1706 A
908 1645 957 1700 sed
971 1663 1054 1719 super
1065 1657 1211 1719 peccatore
1221 1658 1372 1722 gemerent,
1384 1657 1605 1721 compaterentur
1614 1659 1640 1707 et
1654 1650 1706 1706 sihi

56 1741 161 1796 luntate
177 1737 341 1794 deserenda.
910 1745 1048 1792 caverent.

95 1829 137 1883 De
152 1826 260 1882 licentia
283 1832 374 1881 autern
401 1823 498 1896 prion's
512 1823 555 1879 hie
571 1831 675 1878 tantum
689 1821 719 1876 tn
746 1821 857 1889 mentio,
945 1825 995 1880 llic
1009 1825 1117 1881 videtur
1131 1826 1196 1898 quid
1207 1835 1270 1883 tunc
1297 1825 1375 1884 lieret
1389 1835 1418 1884 ut
1441 1828 1528 1884 caulas
1550 1827 1706 1884 monasticae

59 1916 134 1987 quod
157 1916 192 1970 ad
221 1913 403 1970 obedientiam
433 1911 559 1978 refertur,
586 1918 612 1967 et
635 1911 811 1967 nihilominus
826 1910 860 1965 de
910 1913 945 1967 ab
960 1913 1066 1970 infectis
1080 1915 1177 1970 ovibus
1196 1924 1390 1989 purgarentur,
1406 1933 1441 1971 ne
1463 1917 1530 1972 allas
1557 1915 1705 1973 inficerent.

57 2010 219 2077 paupertate
235 2002 356 2075 perfecte
371 2001 506 2057 servanda
516 2001 599 2055 etiam
613 2002 711 2073 agitur.
727 1998 805 2055 llatic
820 2005 861 2053 est
910 2001 972 2057 Non
987 2001 1158 2074 specificatur
1173 2019 1252 2059 casus
1274 2014 1326 2076 pro
1340 2020 1394 2077 quc
1412 2007 1560 2060 monachus
1579 2012 1623 2059 aut
1637 2019 1706 2060 con-

59 2092 124 2166 quia
132 2092 196 2147 licet
211 2098 304 2147 votum
332 2089 499 2161 paupertatis
525 2104 580 2143 non
604 2087 730 2159 explicite
753 2087 860 2142 emitta—
911 2106 1007 2147 versus
1021 2091 1155 2161 potuisset
1168 2092 1277 2163 expelli,
1294 2092 1343 2146 sed
1357 2093 1521 2165 generahtar
1533 2095 1707 2165 peruersita-

58 2197 130 2250 mus,
147 2180 217 2236 sicut
231 2195 283 2235 nec
308 2186 400 2234 votum
425 2177 570 2244 castitatis,
597 2185 700 2233 certum
724 2183 766 2230 est
789 2174 861 2247 quod
912 2182 1009 2235 tumet
1023 2181 1087 2235 vitii
1102 2180 1211 2234 nomina
1234 2188 1409 2251 usurpantur.
1429 2182 1491 2236 Non
1507 2181 1606 2237 dicitur
1626 2182 1708 2236 etiam

59 2269 88 2324 in
113 2276 178 2324 voto
206 2267 367 2323 obedientiae
394 2266 583 2322 contineantur
610 2263 691 2320 veluti
720 2263 807 2318 infans
834 2262 863 2316 in
912 2266 1128 2341 quodfugitivcs
1143 2271 1293 2325 monachos
1308 2269 1484 2341 requirerent.
1502 2269 1532 2323 ld
1546 2269 1708 2324 ismensuh

61 2365 141 2414 utero
164 2355 269 2421 matris,
295 2353 375 2410 etita
398 2369 505 2425 semper
518 2352 567 2407 fuit
595 2352 761 2408 intellectum
776 2350 803 2405 in
818 2365 863 2406 or·
913 2355 1077 2411 audiendum
1092 2373 1153 2412 esse
1183 2357 1298 2425 videtur,
1322 2373 1384 2413 curn
1405 2356 1535 2412 informa
1560 2357 1709 2429 professio-

62 2445 136 2500 dine.
153 2444 231 2501 Unde
246 2459 301 2499 uon
316 2450 358 2498 est
375 2442 473 2496 mirum
489 2441 512 2495 si
540 2442 571 2497 ll.
587 2441 668 2496 Pater
691 2440 779 2510 Guigo
794 2438 862 2493 obe·
912 2445 955 2499 nis
965 2460 1157 2500 conversorum
1179 2445 1317 2511 innuatur,
1343 2446 1469 2516 quamvis
1491 2445 1554 2501 huic
1572 2446 1709 2518 interpre-

63 2532 194 2589 dientiam
212 2531 296 2588 veluti
325 2531 446 2586 omnium
470 2529 603 2585 bonorum
629 2535 785 2584 nostrorum
800 2525 885 2581 fon·-
912 2533 1008 2588 tatiani
1022 2533 1130 2589 obstare
1140 2533 1280 2590 videantur
1289 2533 1374 2590 verba
1386 2533 1536 2605 sequentia.
1553 2534 1608 2590 Sed
1617 2535 1710 2591 omnia

61 2629 118 2677 iem
127 2621 227 2693 ubique
242 2618 396 2676 consideret
411 2625 437 2674 et
464 2617 605 2688 praedicet,
621 2617 686 2689 quia
713 2623 755 2672 est
782 2613 864 2671 veluti
913 2610 1136 2688 conciliabantur,
1163 2622 1185 2676 si
1215 2620 1262 2677 liat
1287 2622 1423 2678 distinctio
1459 2621 1530 2677 inter
1566 2621 1709 2693 fugitivum

63 2718 153 2765 mater
166 2709 265 2764 insinu
279 2708 383 2764 habens
398 2706 450 2761 alia
464 2714 528 2763 vota
548 2705 714 2778 paupertatis
741 2712 768 2759 ει
783 2703 864 2758 casti·
913 2708 1122 2780 simpliciter,ei
1147 2709 1292 2782 fugitivum
1320 2709 1401 2765 simui
1428 2716 1454 2766 ei
1478 2725 1647 2781 perversum,
1684 2719 1712 2766 ev

63 2799 140 2864 tatis,
170 2804 335 2868 cunctasque
362 2794 552 2851 observantias
581 2794 686 2850 ordinis
702 2811 709 2860 ;
726 2792 749 2847 si
773 2799 864 2846 autem
913 2795 1021 2853 dicatur
1038 2798 1154 2869 primum
1175 2798 1211 2854 ad
1238 2814 1268 2854 se
1306 2798 1495 2855 etiarncoaote
1514 2813 1643 2855 revocare
1657 2814 1710 2869 po-

63 2894 152 2943 mater
166 2885 281 2942 laedatur
295 2893 342 2942 sut
352 2882 494 2950 moriatur,
512 2882 576 2955 quid
587 2885 621 2938 de
645 2881 778 2954 progenie
806 2880 865 2950 ejus
914 2886 1011 2954 tuisse,
1031 2887 1181 2943 secundum
1204 2894 1292 2943 autem
1312 2887 1442 2954 noluisse,
1466 2887 1529 2959 quia
1543 2902 1627 2944 causa
1644 2903 1710 2959 per-

65 2974 234 3048 sperandum
249 2981 291 3029 est
304 2974 319 3028 l
333 2974 397 3029 lfaed
408 2971 573 3042 comparatio
586 2970 609 3025 si
619 2985 674 3026 non
683 2969 773 3041 plene,
790 2975 900 3058 oerleB
915 2974 1048 3030 versitatis
1062 2975 1143 3031 etiem
1158 2974 1257 3047 expelli
1277 2975 1445 3032 merebatur,

63 3062 147 3120 valde
175 3062 301 3118 convenil
324 3059 416 3116 sensui
440 3060 472 3115 R·
497 3059 527 3114 P·
557 3058 701 3131 (illisionis,
718 3064 745 3112 θῑ
772 3063 865 3112 ¹¹⁰⁵ll'0
950 3066 987 3119 st
1000 3063 1101 3120 ductus
1114 3065 1285 3135 penitentia
1297 3063 1424 3121 redierit.
1440 3063 1491 3120 Hic
1507 3078 1561 3119 non
1571 3064 1606 3120 de
1615 3072 1712 3120 coacto

63 3149 370 3221 institutoexponendo,
388 3156 415 3204 et
431 3154 504 3203 recta
531 3144 674 3218 capiendo.
916 3152 1003 3206 reditu
1017 3152 1116 3224 agitur,
1133 3153 1183 3208 sed
1206 3152 1241 3208 de
1267 3152 1355 3208 libero
1375 3152 1541 3224 poenitentiae
1565 3166 1597 3209 ac
1611 3153 1713 3210 intime

102 3239 178 3294 Idem
194 3237 312 3294 refertur
322 3237 399 3292 tertia
413 3243 490 3308 parte
503 3234 678 3307 antiquomm
689 3240 865 3302 statutorum,
916 3241 1103 3296 conversionis
1118 3240 1221 3296 motivo
1236 3241 1410 3312 procedente,

64 3325 320 3399 cap.as,num.1.
952 3330 1127 3385 Promittcm
1147 3344 1265 3385 scarum
1286 3329 1515 3386 amendat-ionem
1540 3331 1713 3402 peruersita-

101 3414 168 3470 er.
185 3414 306 3471 LXXVI.
318 3442 352 3454 -
368 3415 453 3470 Foras
478 3413 640 3468 mittuntur
661 3431 670 3467 .·
693 3410 721 3466 id
735 3419 777 3467 est
791 3419 868 3467 extra
919 3420 990 3473 tum.
1001 3417 1212 3472 Perversitatum
1230 3432 1330 3472 nomen
1343 3417 1370 3471 in
1379 3416 1476 3488 plurali
1486 3417 1604 3486 positum
1615 3432 1715 3490 graves

68 3503 213 3560 terminos.
238 3502 289 3558 Hic
315 3508 406 3557 autem
434 3499 622 3572 exprimuntur
648 3499 708 3556 loca
729 3498 757 3554 in
772 3500 868 3556 vicinis
919 3504 1013 3576 culpas
1027 3504 1137 3574 indicat,
1161 3514 1187 3560 ει
1210 3503 1586 3577 quasihabitualeseffectas,
1609 3521 1642 3560 ex
1656 3506 1716 3562 solo

66 3591 260 3647 montanisaut
270 3590 359 3662 planis
369 3590 430 3655 sita,
441 3589 475 3643 ad
487 3604 547 3660 quae
558 3588 729 3644 communius
744 3596 870 3660 poterant
919 3593 991 3648 enim
1015 3593 1147 3664 peccandi
1173 3593 1276 3659 habitu,
1305 3593 1387 3649 homo
1409 3607 1556 3663 perversus
1583 3600 1610 3648 ει
1639 3593 1717 3664 quasi

69 3678 141 3736 mitti
156 3678 301 3746 conversi3
316 3677 363 3733 ubi
385 3677 530 3749 hospitium
547 3684 573 3731 et
589 3690 708 3732 escama
732 3691 868 3749 quoquam
920 3681 1042 3737 moribus
1054 3681 1217 3753 depravatus
1236 3681 1359 3747 dicitur;
1379 3688 1505 3752 peccator
1518 3695 1585 3737 vero
1613 3688 1716 3736 tantum

23 3816 29 3822 .
68 3767 195 3840 recipere
205 3765 393 3839 prohibentur,
405 3764 487 3837 idque
503 3779 537 3820 ea
551 3764 585 3820 de
600 3780 685 3821 causa
699 3780 870 3836 quamsupra
920 3769 1027 3840 dicitur,
1044 3769 1089 3841 qui
1105 3785 1138 3825 ex
1153 3769 1271 3825 humana
1286 3767 1443 3824 infirmitate
1457 3768 1485 3823 in
1513 3775 1657 3840 peccatum
1670 3770 1717 3824 in-

71 3855 223 3929 attigimus,
235 3870 270 3911 ne
285 3854 312 3909 in
325 3853 535 3909 familiaritatum
550 3861 578 3910 et
598 3852 661 3909 inde
671 3852 700 3908 in
722 3852 870 3909 relaxatio·
920 3858 993 3925 cidit,
1011 3873 1062 3914 nec
1076 3872 1190 3929 peccare
1211 3864 1378 3930 perseverat.

70 3960 138 4000 num
152 3944 312 4000 occasiones
331 3942 494 3998 inciderent·
958 3947 1100 4003 Troctchit
1110 3949 1189 4019 prior
1203 3949 1400 4016 caescmeius,
1417 3953 1468 4003 etc.
1487 3944 1718 4020 Talisergofugi-
1814 3962 1820 3970 ·

109 4031 176 4087 cxv.
190 4030 361 4086 cxxvit.-
380 4031 578 4102 Veloafeqcrit
593 4031 638 4086 uel
654 4031 754 4102 palsas
767 4032 869 4101 suerit.
921 4035 1048 4092 tivusaut
1062 4035 1202 4107 expulsus,
1224 4034 1305 4091 etism
1321 4042 1416 4107 sponte
1435 4049 1564 4091 reversus
1578 4041 1605 4090 et
1628 4033 1718 4105 poeni·

71 4120 123 4176 Hic
137 4135 297 4192 expressum
311 4119 444 4174 hahemus
454 4118 566 4178 modum
581 4118 680 4190 agendi
699 4125 763 4174 tnnc
785 4118 871 4174 usila·
922 4123 1008 4179 tentia
1018 4123 1125 4189 ductus,
1141 4139 1197 4179 non
1210 4124 1302 4179 statim
1312 4122 1511 4193 recipiebatur;
1522 4121 1595 4177 unde
1607 4127 1720 4192 apparet

73 4216 131 4264 tum
159 4224 221 4265 cum
244 4208 286 4262 his
316 4207 459 4278 quierant
480 4215 525 4261 aut
555 4206 671 4280 fugitivi,
701 4213 747 4262 aut
763 4213 873 4277 propter
923 4219 1054 4283 quantum
1068 4212 1121 4266 illis
1132 4211 1300 4282 temporibus
1314 4211 1512 4281 circumspecte
1526 4217 1640 4283 agerent
1654 4209 1719 4264 honi

53 4289 176 4369 ‘pravos
191 4310 283 4352 mores
297 4309 313 4349 e
326 4294 493 4351 monasterio
515 4294 631 4366 expulsi.
647 4295 708 4349 Non
725 4300 766 4349 est
782 4301 872 4349 sutem
922 4300 1033 4367 Patres,
1049 4307 1075 4356 ot
1098 4316 1159 4354 mm
1182 4299 1311 4369 scrupulo
1335 4313 1432 4355 eorem
1462 4297 1562 4354 veliem
1580 4313 1615 4354 m
1639 4313 1720 4353 omm

72 4383 227 4441 mirandum
243 4383 266 4439 si
281 4383 309 4437 in
317 4383 522 4455 quibuscunque
530 4381 777 4447 communitatibus,
788 4381 870 4437 etiarn
924 4388 1042 4459 aliquam
1065 4387 1217 4442 morbidam
1244 4387 1409 4458 reciperent,
1432 4402 1492 4457 qoae
1506 4386 1566 4441 aliis
1588 4385 1720 4442 dommum

71 4472 102 4528 in
131 4471 264 4544 itr0l>0⁸iii
289 4472 331 4527 sui
354 4471 447 4527 ¹1³21V⁰
480 4463 586 4527 sttVOre
629 4470 792 4536 00⁰Sliiuiisss
823 4485 870 4525 rc·
924 4474 1026 4531 inferre
1039 4482 1143 4547 posset,
1159 4475 1260 4530 bonum
1275 4473 1474 4530 communitatis
1487 4473 1721 4546 praeferendouti·

72 4561 216 4633 pariantur
234 4560 359 4616 homines
383 4559 429 4631 qni
451 4560 479 4613 in
498 4558 601 4615 similes
624 4574 707 4616 casus
734 4557 869 4615 decidant.
925 4563 1045 4621 litoribus
1058 4564 1171 4635 primm
1191 4579 1330 4635 mmmm,

75 4651 167 4707 Status
181 4649 253 4704 enlm
263 4648 438 4714 monasticus,
454 4647 651 4720 quanlumllbel
675 4654 767 4704 sancte
790 4645 871 4702 insli-
962 4654 1268 4725 Eteieutveisrairem
1278 4651 1585 4720 numeru3‚veld0mm
1595 4651 1720 4720 utilitas,

74 4754 149 4803 tutus
164 4754 191 4802 ει
214 4745 388 4817 acquirendas
415 4745 549 4801 sanctitati
572 4752 654 4816 atque
677 4743 874 4801 conservande
922 4743 966 4799 uel
985 4744 1072 4798 etiam
1087 4742 1173 4807 salus,
1190 4749 1242 4797 etc.
1259 4742 1300 4796 Ex
1310 4740 1423 4796 fratrum
1437 4754 1552 4795 numero
1560 4737 1720 4812 gravitatem

77 4835 243 4908 aptissimus,
258 4850 313 4890 non
338 4840 427 4905 potest
456 4831 565 4890 efficere
585 4841 615 4888 ut
629 4832 752 4889 homines
766 4839 875 4888 cessent
924 4829 1030 4888 consilii
1044 4845 1077 4886 ex
1097 4828 1214 4901 plurium
1228 4828 1391 4901 conglobato
1412 4844 1495 4884 sensu
1515 4825 1720 4898 provenientem

79 4923 285 4988 essehomines,
302 4937 362 4979 cum
377 4937 429 4979 nec
449 4929 535 4979 status
562 4921 726 4993 apostolicus
754 4919 875 4977 effecerit
925 4918 981 4975 vult
1003 4917 1157 4988 exprimere
1171 4918 1204 4974 ll.
1232 4917 1262 4972 P.
1280 4916 1370 4990 Guigo
1386 4934 1394 4983 ;
1411 4923 1438 4972 ει
1460 4915 1505 4970 hic
1532 4913 1608 4969 varia
1631 4914 1720 4985 capita

75 5019 107 5068 ut
120 5011 206 5066 ludas
219 5025 275 5067 non
293 5009 373 5066 fuerit
399 5010 534 5082 proditor,
565 5025 597 5066 sc
623 5009 723 5066 deinde
749 5008 876 5079 suiipsius
926 5005 1126 5064 consideranda
1136 5021 1184 5061 seu
1201 5003 1379 5077 ponderanda
1407 5003 1539 5073 assignat,
1568 5001 1723 5074 exquibus

75 5099 224 5155 homicida.
241 5099 296 5154 Cur
311 5114 378 5170 ergo
392 5106 448 5154 tum
463 5098 517 5154 alte
532 5098 684 5154 exclamant
698 5097 878 5153 hominessu-
928 5094 1010 5151 veluti
1031 5093 1171 5166 principiis
1203 5093 1409 5149 convenientior
1440 5090 1621 5147 deduceretur
1654 5105 1723 5147 cou-

76 5205 128 5261 per
143 5203 210 5243 casu
224 5187 338 5256 alicujus
352 5186 502 5243 monachii
518 5185 587 5255 Quia
614 5186 720 5258 seipsos
743 5185 878 5252 nesciunt,
930 5182 1026 5250 clusio,
1055 5199 1107 5254 qua
1131 5181 1331 5239 communitatis
1363 5179 1475 5246 utilitas,
1492 5187 1519 5236 et
1541 5180 1615 5251 quod
1645 5179 1725 5234 saluti

78 5284 105 5332 ει
121 5275 232 5347 propria
247 5275 374 5347 opinione
389 5275 482 5332 caecati
497 5276 603 5348 seipsos
617 5291 673 5332 non
688 5274 837 5339 attendunt,
854 5279 880 5329 et
929 5270 1034 5343 expulsi
1048 5279 1094 5326 aut
1108 5269 1214 5344 fugitivi
1235 5270 1326 5342 magis
1349 5266 1529 5324 conveniebat
1552 5266 1633 5322 simul
1661 5281 1728 5323 con·

80 5364 201 5438 quotidie
217 5364 345 5420 cadentes
360 5371 390 5420 ut
403 5364 497 5420 miseri
510 5364 645 5430 homines,
654 5363 744 5419 adhuc
750 5362 881 5435 ignorant
931 5359 1119 5416 conderentur.

82 5453 149 5526 quid
159 5453 195 5509 sit
207 5468 268 5509 esse
278 5452 426 5508 hominem.
442 5453 471 5509 Si
486 5467 554 5526 ergo
570 5457 732 5524 saperentet
744 5449 881 5522 intellige·
968 5449 1037 5505 atri
1053 5446 1370 5521 constitumrcca'picndt
1379 5442 1577 5518 placueritmd
1586 5442 1730 5514 probatio·

81 5548 153 5609 rent,
168 5540 258 5598 zetum
283 5540 392 5613 quidem
416 5547 511 5599 contra
539 5547 683 5612 peecatum
709 5545 879 5605 exercerent,
892 5529 919 5592 D
932 5531 1533 5606 nemhamilitatis,ete.llincapparetqucd
1541 5530 1734 5605 autequamad
