3742 5986
176 159 228 216 743
579 159 749 217 GUlGONlS
777 160 788 215 l
812 160 1016 217 CARTHUSIAE
1044 161 1191 219 trasonis
1219 161 1358 219 entonis
1386 161 1418 216 V.
1777 160 1826 217 tit

211 287 238 340 a.
255 281 363 339 Nullius
377 290 501 339 nostmm
515 283 559 340 vel
572 284 656 340 verba
671 283 714 340 vel
724 284 825 340 salutes
838 284 1000 357 adaliquem
1009 285 1182 353 exteriorem,
1194 284 1349 358 nulliusque
1358 281 1499 341 exterioris
1509 281 1545 338 ad
1559 279 1680 354 aliquem
1689 289 1823 352 nostrum,

174 380 226 436 nisi
242 380 333 452 priore
349 381 392 438 uel
406 390 585 454 procuratore
597 382 719 452 jubente,
737 382 789 438 tert
803 390 849 439 aut
862 383 955 439 refert.
974 382 1127 440 Saeculares
1140 399 1268 440 rumores
1282 384 1329 440 ubi
1344 382 1430 450 audit,
1446 379 1484 436 ibi
1494 378 1606 450 jubetur
1620 376 1773 433 dimittere.

860 505 1059 563 clrltblttn
1074 506 1168 562 LXlll.

951 596 989 651 θα
1004 592 1094 650 borio.

208 688 309 745 Hortus
323 698 351 746 et
363 705 424 763 quae
435 689 470 745 ad
485 704 546 744 eum
561 688 694 760 pertinent
706 689 753 745 uni
768 688 912 761 deputatur
926 707 941 746 e
955 688 1095 758 iratribus,
1126 691 1172 763 qui
1199 691 1233 748 de
1261 690 1387 747 omnibus
1402 689 1437 746 ad
1459 695 1668 762 procuratorem
1696 687 1824 757 recurrit,

174 786 253 858 eique
269 786 303 841 de
318 789 422 845 cunetis
437 785 570 842 rationem
586 785 686 842 reddit.

788 857 1056 914 CAPITULUll
1085 857 1214 914 cxlv.

857 948 896 1002 θα
910 946 1025 1005 custode
1038 949 1143 1019 ponte.

208 1047 233 1097 l.
250 1041 341 1097 Pontis
356 1048 446 1097 custos
462 1057 524 1097 curu
538 1041 612 1097 nullo
627 1058 751 1114 prorsus,
768 1041 820 1098 nisi
835 1043 991 1115 specialiter
1009 1044 1112 1113 jussus,
1134 1042 1272 1099 fabulandi
1296 1043 1432 1100 licentiam
1456 1042 1555 1111 habet3
1572 1040 1685 1097 nutibus
1709 1048 1822 1110 mutum,

170 1136 224 1205 vel,
239 1136 262 1192 si
277 1151 332 1192 non
354 1135 523 1208 intelligitur,
552 1137 635 1194 etiam
664 1139 754 1196 verbis
783 1155 832 1197 eos
847 1141 963 1213 quinon
989 1140 1091 1198 debent
1119 1139 1246 1210 transire,
1275 1139 1394 1212 repellit.
1412 1139 1535 1214 idipsum
1564 1157 1677 1199 servare
1702 1140 1822 1210 jubetur,

172 1233 327 1305 quicunque
341 1231 416 1287 vices
430 1231 488 1300 ejus
503 1234 668 1305 exsequitur.

205 1334 232 1387 2.
248 1331 283 1386 Et
299 1327 410 1386 omnino
424 1327 580 1402 quicunque
594 1330 622 1386 in
637 1348 797 1406 quacunque
809 1334 965 1392 obedientia
978 1337 1123 1408 cujuslibet
1136 1336 1194 1408 agit
1214 1339 1299 1402 vices,
1327 1335 1520 1392 nihilomnino
1549 1334 1577 1390 in
1593 1349 1627 1391 ea
1641 1334 1703 1390 sine
1718 1333 1824 1390 licentia

171 1433 278 1482 mutare
291 1424 463 1496 permittitur.
480 1424 510 1479 ln
525 1426 600 1482 cellis
616 1445 724 1502 quoque
739 1430 807 1502 ipsis
821 1432 879 1487 sive
894 1433 1018 1504 superius
1032 1435 1091 1491 sive
1103 1432 1227 1500 inferius,
1255 1432 1322 1489 nihil
1348 1432 1401 1489 nisi
1415 1432 1493 1505 prius
1521 1439 1663 1488 ostensum
1677 1438 1705 1487 et
1716 1431 1823 1501 iussum

170 1521 269 1578 mutari
285 1520 376 1577 fierive
390 1520 496 1590 sinitur,
512 1538 547 1578 ne
561 1523 659 1579 domus
673 1524 810 1581 laboriose
826 1524 904 1582 tacte
916 1527 1072 1585 curiositate
1087 1530 1287 1588 deteriorentur
1301 1529 1352 1604 [ol.
1363 1528 1533 1603 deterantur]
1547 1528 1592 1587 vel
1605 1527 1799 1586 destruantur.

859 1653 1058 1711 CAPITULUll
1070 1654 1151 1712 LXV.

812 1743 850 1800 θα
869 1743 1029 1816 disciplinis
1044 1745 1182 1814 fratrem.

207 1839 232 1893 i.
249 1837 280 1893 ln
294 1837 420 1895 Adventu
434 1845 461 1895 et
476 1838 706 1912 Quinquagesima
720 1855 770 1912 per
784 1839 908 1913 singulas
921 1838 1108 1896 hebdomadas
1123 1840 1223 1912 singuli
1237 1840 1362 1915 singulas
1375 1839 1511 1913 accipiunt
1530 1837 1700 1912 disciplinas.

205 1937 232 1990 2.
248 1933 329 2004 Quod
343 1935 366 1992 si
380 1936 521 1992 dominon
535 1935 644 2005 luerint,
660 1937 762 2010 septies
776 1952 825 2009 pro
839 1935 986 2008 disciplina
998 1938 1086 1993 Potcr
1098 1941 1197 1995 noster
1210 1953 1273 1994 cum
1287 1937 1374 1995 veniis
1386 1937 1489 1994 dicum.

856 2059 1054 2116 CdPll’llLUll
1069 2060 1163 2116 LXVI.

934 2149 972 2205 Dc
985 2148 1092 2206 cincre.

206 2240 331 2299 Cinerem
347 2242 393 2314 qui
406 2242 547 2300 adsuntin
562 2243 682 2302 inferiori
710 2244 815 2317 capella
829 2243 864 2301 de
877 2259 959 2300 manu
985 2245 1169 2316 procuratoris
1196 2244 1342 2318 accipiunt.
1371 2244 1425 2315 Qui
1439 2260 1494 2301 non
1521 2243 1628 2310 adsunt,
1660 2249 1706 2298 ter
1736 2243 1816 2298 Pater

169 2342 267 2397 mater
281 2354 344 2396 cum
358 2339 446 2399 veniis
465 2339 567 2399 dicunt.

844 2407 1042 2465 CAPITULUll
1056 2407 1162 2464 lxvtt.

813 2497 884 2567 Quid
901 2496 1014 2569 saciant
1030 2513 1082 2570 pro
1098 2497 1197 2554 misso.

205 2597 272 2653 ltem
287 2603 327 2654 ter
340 2598 427 2654 Pater
441 2601 539 2654 noster
552 2611 568 2652 a
583 2594 678 2668 Capite
689 2593 785 2665 jejunii
798 2610 885 2666 usque
901 2593 935 2649 ad
950 2594 1064 2660 Pascha,
1081 2601 1142 2666 post
1156 2608 1257 2651 nonam
1271 2593 1401 2666 prostrati
1414 2609 1465 2667 pro
1480 2593 1563 2650 missa
1578 2591 1700 2650 solvunt.

829 2716 1028 2774 cartrctbn
1042 2716 1162 2774 LXVlll.

864 2806 902 2861 θα
919 2806 1002 2861 Coenc
1015 2807 1136 2863 Domini.

205 2904 236 2958 ln
249 2902 331 2959 Coena
346 2903 464 2969 Domini,
481 2902 528 2975 qui
542 2901 656 2959 inferius
674 2908 823 2971 remanent,
855 2901 966 2957 veniunt
993 2909 1056 2972 post
1082 2901 1227 2973 prandium
1250 2900 1285 2958 ad
1313 2900 1474 2974 coquinam,
1490 2908 1516 2957 et
1529 2899 1563 2956 ab
1577 2915 1611 2957 eo
1624 2901 1671 2973 qui
1684 2900 1766 2973 prior
1779 2907 1817 2957 est

169 2997 265 3054 ordine
280 2997 405 3056 lavantur
420 2997 525 3055 ceteris
539 2997 635 3073 pedes,
650 2996 817 3069 offerturque
831 2994 946 3068 singulis
956 2996 1058 3063 vinum,
1074 3005 1101 3053 et
1115 2996 1240 3054 bibentes
1255 2997 1395 3054 recedunt.

853 3118 1140 3177 COMMENTARIUS.

206 3220 282 3276 ldern
297 3220 412 3275 babetur
426 3219 454 3275 in
463 3219 581 3291 antiquis
590 3218 697 3275 statutis
710 3225 782 3290 part·
798 3232 839 3284 ur,
852 3232 911 3289 cap.
924 3221 967 3284 ta,
979 3220 1007 3280 Α
1057 3217 1131 3275 ldem
1145 3218 1260 3274 habetur
1271 3218 1299 3273 in
1313 3217 1432 3290 antiquis
1455 3216 1563 3275 statutis
1586 3225 1656 3290 part.
1685 3232 1730 3285 ιιι,
1758 3232 1817 3291 cap.

169 3324 201 3364 u.
221 3310 350 3379 l't;cap.
366 3312 393 3374 3,
410 3325 438 3363 n.
455 3312 489 3375 b;
505 3323 567 3380 cap.
585 3312 628 3373 ta,
644 3323 672 3363 n.
689 3311 734 3364 tt.
1016 3307 1062 3375 27,
1078 3310 1234 3378 n.t;cap.
1248 3310 1293 3373 28,
1309 3321 1338 3361 ιι.
1355 3309 1399 3361 30.

204 3396 273 3452 Cle.
288 3396 370 3452 LXll.
387 3427 422 3438 -
436 3397 478 3452 lix
491 3397 544 3452 hoc
558 3395 678 3467 capitulo
690 3395 831 3451 evidenter
844 3402 965 3467 apparet,
1053 3429 1118 3486 Cn.
1134 3428 1207 3486 LXV

168 3484 240 3557 quod
256 3500 337 3555 supra
355 3484 483 3554 diximus,
515 3483 714 3557 sagmariorum
742 3483 852 3538 nomine
878 3481 967 3538 mulos
1209 3472 1216 3485 ’

168 3570 328 3644 significari,
345 3581 372 3628 et
386 3580 517 3645 quantum
527 3580 635 3628 nostros
644 3587 743 3629 cavere
757 3570 857 3627 vellent
869 3587 886 3625 a
899 3587 967 3642 pru-

165 3661 217 3716 ritu
247 3661 354 3717 curiose
382 3659 504 3717 discendi
532 3659 598 3732 quid
624 3659 652 3715 in
680 3658 780 3716 saeculo
799 3667 906 3730 agatur,
922 3666 968 3713 aut
1379 3711 1385 3723 ,
1612 3711 1619 3724 ι
1793 3711 1801 3725 ι

166 3749 324 3805 rumoribus
339 3747 456 3819 publicis
470 3747 639 3804 attendendi.
1053 3713 1120 3769 0⁸¹³·
1145 3712 1239 3768 LXVI·
1256 3741 1291 3753 ··
1303 3711 1431 3784 L⁰qu¹t⁰l
1458 3711 1492 3769 R·
1508 3712 1539 3768 Ρ·
1567 3711 1659 3787 Gu¹ss⁰
1686 3712 1725 3770 de
1751 3712 1818 3770 sm

201 3837 275 3892 ldem
290 3836 407 3892 refertur
421 3836 449 3890 in
463 3837 581 3908 antiquis
602 3834 709 3891 statutis
728 3843 802 3906 part.
820 3849 864 3903 ιιι,
878 3850 903 3891 c.
919 3837 965 3903 26,
1017 3808 1113 3874 quam
1127 3808 1189 3858 ³⁰¹⁶
1204 3799 1457 3901 Quadragesimam,
1469 3816 1531 3902 (ΙΨ
1546 3799 1681 3858 anirum
1695 3808 1818 3872 Ὺθῦῦῐῦῑ»

168 3940 197 3979 n,
214 3927 240 3978 ι,
1017 3905 1050 3945 eo
1064 3889 1136 3962 quod
1151 3905 1183 3946 ea
1196 3889 1239 3946 dre
1253 3905 1322 3946 crnrs
1336 3889 1469 3961 capitibus
1491 3896 1655 3961 imponatur.

202 4011 258 4066 CM,
286 4009 382 4065 Lxssl·
397 4040 433 4052 -
447 4010 554 4067 Exhoo
578 4010 696 4083 capitulo
711 4018 738 4067 eq
759 4010 828 4075 offis,
858 4010 905 4066 ubi
932 4009 966 4067 de
1050 3977 1125 4034 lderu
1148 3977 1266 4035 retertur
1290 3976 1319 4033 in
1347 3976 1465 4050 antiquis
1491 3975 1606 4033 statutis.
1624 3991 1667 4046 ru,
1696 3992 1761 4050 cap.
1789 3977 1815 4044 a,

154 4075 207 4156 'rei
221 4097 363 4154 familiaris
378 4098 611 4155 administratione
634 4099 730 4171 agitur,
755 4106 867 4171 apparet
885 4115 967 4171 quam
1016 4082 1045 4121 ¹¹·
1062 4068 1089 4121 ¹·

166 4187 291 4245 ordinate
306 4195 402 4244 cuncta
418 4187 527 4259 disponi
555 4195 582 4244 et
609 4188 661 4244 sub
679 4187 842 4244 obedieutiae
868 4187 966 4244 merito
1052 4172 1121 4228 0⁴⁹·
1151 4170 1256 4229 LXVII·
1272 4201 1307 4212 -
1334 4170 1385 4228 Ηῑθ
1414 4170 1540 4226 stillim?
1562 4169 1671 4242 Pietatis
1689 4185 1815 4242 Pensm·

155 4270 293 4332 'constitui
308 4275 423 4332 vellent.
1016 4259 1089 4332 quod
1103 4275 1154 4331 pro
1167 4259 1252 4315 missa
1267 4258 1502 4332 Quadraqesimali
1526 4257 1644 4326 solvant,
1669 4274 1733 4329 quat
1747 4273 1816 4331 quo·

201 4362 276 4420 Idem
291 4363 409 4420 refertur
422 4363 453 4433 iq
465 4363 581 4437 antiquis
596 4364 705 4421 5122„qu
718 4380 743 4423 ο,
770 4367 813 4432 15,
838 4372 907 4436 paq,
923 4379 964 4434 m,
1016 4347 1083 4404 tidie
1095 4347 1124 4403 in
1139 4347 1275 4418 superiori
1289 4346 1371 4402 domo
1386 4345 1601 4403 conventualiter
1614 4343 1814 4402 celebrabatur.

153 4454 193 4508 ’ῃ,
210 4456 236 4507 t,
1052 4436 1127 4492 ldem
1141 4434 1260 4492 refertur
1273 4434 1301 4490 iu
1317 4432 1436 4507 antiquis
1451 4432 1559 4490 statutis
1569 4448 1632 4506 cap.
1648 4435 1675 4502 6,
1688 4441 1761 4506 part.
1774 4446 1815 4499 m,

200 4541 266 4596 Cur.
284 4539 422 4597 LXlV.-
434 4541 508 4598 Pons
522 4540 574 4598 iste
588 4541 657 4598 situs
667 4547 709 4599 est
721 4541 794 4598 inter
805 4539 875 4596 duas
889 4556 1000 4631 prae-B
1016 4541 1045 4581 ¹¹·
1062 4527 1088 4580 ἱ·

164 4637 258 4700 ruptas
272 4635 299 4684 et
313 4629 436 4686 excelsas
451 4645 532 4702 rupes
547 4647 580 4686 ex
596 4637 675 4701 parte
698 4629 804 4685 itineris
819 4628 964 4685 Gratiano·
1052 4630 1118 4685 Car.
1135 4628 1254 4685 LXVlll.
1271 4658 1306 4670 -
1320 4629 1424 4685 Domus
1452 4626 1567 4685 inferior
1580 4642 1637 4683 non
1660 4634 1771 4699 poterat
1783 4624 1816 4681 ab

163 4717 285 4790 polliani,
301 4718 373 4774 iuter
387 4734 454 4790 quas
468 4717 628 4790 praeterfluit
642 4725 751 4773 torrens
772 4732 906 4789 aquarum
929 4732 963 4772 ex
1016 4717 1144 4775 omnibus
1158 4717 1266 4785 deseri;
1283 4717 1401 4774 maxima
1424 4731 1490 4789 ergo
1505 4724 1583 4787 parte
1597 4715 1632 4771 ad
1645 4715 1759 4772 domum
1772 4731 1818 4770 sn-

163 4806 299 4862 montibus
325 4814 351 4861 et
382 4804 501 4861 lontibus
530 4804 730 4862 circumvicinis
757 4804 961 4861 confluentium.
1016 4806 1153 4878 perierem
1167 4806 1342 4870 aseendente,
1372 4804 1420 4876 qui
1439 4805 1513 4860 domi
1535 4804 1717 4860 remanebant
1735 4818 1818 4860 caere·

163 4894 215 4963 Qui
230 4902 346 4963 torrens,
367 4895 475 4966 quando
490 4910 523 4950 ex
538 4893 691 4965 pluviarum
705 4892 749 4950 vel
764 4892 864 4950 nivium
880 4892 965 4965 lique-
1017 4895 1139 4951 moniam
1150 4894 1260 4950 lotionis
1273 4894 1375 4965 pedum
1385 4893 1613 4964 exsequebantur,
1625 4898 1817 4964 quamtanturn

162 4983 295 5039 scentiam
309 4983 475 5038 abundantia
488 4981 608 5049 inflatur,
626 4989 700 5038 tanto
723 4981 825 5053 impetu
840 4989 867 5037 et
880 4981 963 5037 boatu
1017 4983 1063 5039 hic
1077 4982 1189 5040 innuere
1205 4982 1321 5048 videtur,
1338 4981 1408 5037 adeo
1419 4980 1557 5038 succincte
1571 4980 1607 5036 de
1621 4979 1669 5035 illa
1678 4979 1776 5037 scribit
1783 4978 1815 5034 ll.

161 5070 232 5125 inter
245 5086 311 5127 saxa
325 5070 427 5129 decidit
450 5079 476 5127 et
501 5069 629 5137 excurrit,
647 5078 676 5126 ut
703 5070 827 5141 fragores
853 5069 964 5125 tonitrui
1014 5070 1044 5126 P.
1062 5070 1163 5143 Guiqo,
1180 5069 1253 5142 quod
1268 5077 1295 5125 et
1309 5069 1336 5124 in
1351 5068 1475 5140 pluribus
1490 5067 1551 5124 aliis
1566 5066 1693 5123 similiter
1706 5067 1781 5125 lecit.

161 5157 317 5214 aemuletur.
1052 5158 1228 5230 offerturque
1241 5158 1363 5229 vinealia
1373 5157 1481 5224 vinum,
1497 5160 1525 5212 et
1534 5156 1658 5213 bibentes
1669 5155 1815 5212 ναεαάιιαιι.

196 5247 227 5301 ln
241 5248 394 5303 hocautem
411 5246 530 5319 capitulo
544 5245 612 5302 nihil
642 5247 717 5303 aliud
745 5246 890 5302 notandum
912 5261 962 5302 oc·
1015 5245 1196 5301 imitabantur
1210 5245 1238 5300 in
1266 5245 1320 5301 hoc
1333 5236 1423 5300 ritum'
1443 5243 1522 5316 quia
1547 5241 1691 5299 monachis
1716 5240 1816 5300 servati

160 5335 254 5400 currit,
270 5343 370 5407 praeter
384 5335 510 5390 eamdem
521 5334 621 5390 silentii
630 5343 657 5390 et
671 5333 833 5391 obedientie
848 5333 962 5389 formam
1013 5334 1204 5406 prescribitur
1218 5348 1301 5404 supra
1315 5347 1377 5404 cap.
1395 5334 1421 5402 i,
1439 5349 1466 5387 n.
1483 5336 1528 5390 23.

146 5424 334 5493 ¹servandam,
356 5438 417 5495 quae
439 5420 469 5478 in
492 5421 619 5478 omnibus
640 5439 692 5495 per
712 5422 781 5479 istas
795 5423 828 5479 li.
845 5422 874 5477 P.
891 5420 961 5478 Gui-
1050 5424 1126 5480 ldern
1139 5420 1256 5479 relertur
1283 5421 1310 5476 in
1338 5420 1456 5493 antiquis
1484 5418 1588 5475 statutis
1603 5427 1674 5490 part.
1691 5433 1734 5487 ιιι,
1750 5433 1777 5475 c.
1790 5418 1817 5485 l,

158 5511 238 5581 genis
253 5509 470 5567 consuetudines
485 5511 652 5584 assignatur.
1013 5527 1042 5566 n.
1059 5513 1086 5565 3.

1230 3459 1266 3471 -
1277 3429 1355 3487 Idem
1369 3428 1397 3484 in
1421 3429 1539 3502 antiquis
1554 3428 1672 3501 statutis,
1687 3439 1761 3503 part.
1776 3442 1816 3494 m,

1017 3533 1077 3590 cap.
1093 3519 1159 3586 l,n.
1177 3521 1203 3586 l,
1228 3517 1355 3584 refertur,
1386 3525 1414 3573 et
1438 3518 1536 3574 eodem
1559 3518 1643 3575 modo
1669 3518 1818 3576 etiamnum

1017 3613 1149 3663 servatur.
