3742 5986
70 257 72 260 ,
102 214 154 269 eas
519 212 690 272 onreoms
709 214 720 269 1
740 213 945 272 carrenses
958 212 1107 270 alacrus
1126 213 1265 271 emotus
1280 174 1317 270 v.
1700 217 1757 272 aas

101 342 220 403 mnntur,
237 345 292 391 non
313 334 377 392 ideo
395 331 522 393 novitatis
542 337 649 393 dehere·
665 336 754 408 argui,
778 336 842 408 quia
863 337 895 392 11.
908 341 934 400 Α
948 337 1001 392 sint
1015 335 1177 392 sufficienter
1192 336 1333 408 explicata,
1345 342 1375 390 nt
1388 333 1753 407 possitillorumgenuinns

101 423 148 479 ille
164 425 243 479 Pater
256 423 358 479 nnllam
372 424 407 479 de
430 425 485 479 illis
508 426 675 480 mentionem
696 424 767 492 lacit,
794 423 843 480 sed
866 424 902 479 ad
954 439 1050 479 sensus
1065 423 1125 494 capi
1139 424 1174 478 ab
1187 424 1229 478 his
1245 424 1291 495 qni
1306 424 1374 478 ritus
1394 421 1588 478 carthusianos
1608 438 1660 494 per
1684 438 1753 495 pra-

103 511 236 567 rationem
251 512 457 567 condendorum
470 520 633 568 statutorum
656 512 814 583 pertinere;
838 527 901 567 cre·
953 511 1009 566 xim
1023 506 1077 566 non
1090 519 1198 577 norunt,
1216 511 1320 566 etiarnsi
1335 511 1388 565 sint
1411 510 1477 564 alias
1499 509 1571 565 docti
1596 516 1623 565 et
1645 511 1752 567 cordati

104 607 198 655 scente
212 598 285 654 enirn
300 615 413 656 nurnero
428 600 571 656 domorum
585 607 611 655 et
625 615 805 671 personarum
826 599 902 654 ordi·
952 599 1014 655 viri.
1031 600 1096 654 lude
1111 599 1196 654 oritur
1209 599 1279 654 ratio
1293 597 1453 668 indulgendi
1468 597 1511 651 his
1525 596 1572 668 qui
1586 597 1689 653 vellent
1709 615 1753 655 se-

104 686 156 753 nis,
183 703 243 742 curn
264 694 361 741 statuta
385 695 477 743 essent
497 688 639 744 condenda
669 703 730 758 quae
765 686 903 759 simplices
954 687 1073 742 cundum
1088 703 1166 741 snum
1181 702 1291 741 sensum
1302 685 1368 741 istas
1376 684 1754 757 consuetudinesiuqnibus-

104 774 316 830 consuetudines
329 774 357 828 in
371 775 505 846 quasdam
520 775 602 830 veluti
617 773 685 829 lixas
705 775 817 847 regulas
838 791 903 830 ver·
955 775 1018 830 dam
1042 773 1110 830 locis
1127 774 1280 846 intelligere
1294 781 1321 829 et
1335 772 1485 844 applicare,
1503 772 1601 843 quibus
1615 772 1679 829 ideo
1688 773 1755 831 illud

105 870 202 928 terent,
218 868 245 916 et
258 877 318 933 quae
332 869 409 917 aetus
432 862 581 917 multorum
604 862 745 917 hominum
769 862 797 916 in
821 861 905 918 variis
954 860 1132 933 apostolieum
1147 869 1241 933 posset
1254 861 1283 915 in
1296 861 1363 926 hoc,
1379 860 1453 914 salva
1467 859 1575 915 illorum
1589 861 1753 930 reverentia,

105 948 220 1020 agendis
243 948 271 1002 in
294 964 375 1003 unam
391 949 598 1005 consonantiam
613 957 640 1005 et
653 949 746 1021 praxis
760 948 904 1003 uniformi·
956 949 1097 1019 applicari,
1111 948 1630 1019 aoniatellioentesmeqaedequibus
1638 948 1756 1020 wqaaa·

107 1044 189 1092 tatem
203 1035 376 1105 adducerent,
392 1045 421 1091 nt
435 1037 464 1091 in
477 1038 574 1092 eadem
588 1037 671 1094 veluti
699 1037 823 1110 regulam
847 1037 905 1092 col·
958 1041 1014 1099 tor,
1032 1052 1122 1109 neque
1135 1037 1169 1092 de
1183 1036 1282 1108 quibas
1297 1037 1445 1107 affirment
1460 1035 1486 1105 (l
1506 1036 1577 1090 Pha.
1597 1037 1628 1106 ι).

106 1123 241 1191 limarent,
258 1139 372 1180 necesse
386 1140 498 1195 prorsus
513 1132 573 1180 erat
594 1133 623 1180 ut
644 1124 810 1180 enucleatior
830 1123 906 1179 lieret
990 1124 1060 1179 Poro
1075 1124 1148 1180 cirea
1163 1131 1270 1195 tempus
1285 1138 1339 1195 qno
1353 1123 1386 1178 11.
1402 1122 1432 1176 P.
1449 1121 1539 1194 Gnigo
1554 1126 1604 1177 bas
1628 1123 1756 1180 Consue-

109 1211 250 1281 expressio
265 1208 435 1282 singulorum
450 1213 631 1285 agendomm,
647 1220 674 1267 et
687 1211 762 1266 modi
777 1226 831 1282 quo
847 1211 905 1265 sin·
957 1211 1064 1266 tudines
1078 1211 1196 1283 scripsit,
1212 1211 1279 1266 nihd
1293 1217 1383 1281 potest
1398 1209 1582 1266 certissimum
1596 1210 1754 1282 assignem

107 1298 172 1371 gula
187 1306 261 1353 erant
276 1298 393 1370 agenda,
408 1315 443 1354 ne
458 1299 486 1353 in
501 1300 553 1355 bae
566 1299 738 1354 multitudine
753 1315 786 1354 ex
809 1299 906 1370 singu·
957 1299 1006 1354 sed
1021 1299 1192 1369 supputando
1222 1313 1309 1354 anuos
1324 1298 1359 1352 ab
1374 1313 1488 1353 accessu
1505 1297 1533 1352 S.
1557 1297 1645 1352 Patris
1668 1300 1757 1355 nostri

109 1385 194 1441 larum
208 1401 386 1456 personarum
401 1386 590 1442 abundantiori
600 1385 824 1457 multiplicatione
834 1401 908 1441 com·
956 1387 1091 1441 Brnnouis
1101 1387 1134 1440 ad
1140 1402 1222 1457 mpes
1233 1384 1411 1452 charthusiae,
1427 1400 1475 1440 eas
1489 1384 1633 1457 scripsisse
1647 1386 1756 1442 videtur
1791 1385 1793 1394 '

108 1472 208 1544 posita,
224 1471 328 1528 facilior
342 1479 448 1543 pateret
460 1474 548 1528 aditus
568 1473 750 1544 singularibus
769 1473 905 1544 personis,
957 1477 991 1529 lt
1005 1483 1050 1528 ant
1069 1476 1102 1528 lb
1126 1474 1235 1529 circiter
1261 1473 1339 1528 annis
1367 1480 1429 1544 post
1456 1473 1605 1544 ineoeptum
1620 1473 1755 1529 ordinem.

112 1561 147 1614 ad
163 1561 289 1630 quedam
304 1560 454 1616 secundum
477 1562 617 1632 proprium
641 1577 751 1616 sensnm
772 1562 907 1633 iuterpre·
992 1562 1089 1617 Adhuc
1103 1561 1175 1616 enim
1190 1561 1297 1617 vivebat
1312 1560 1340 1615 S.
1357 1560 1436 1633 Ilugo
1451 1559 1596 1631 episeopus
1611 1560 1757 1617 Gratiano-

110 1648 193 1703 tanda
209 1655 234 1704 et
248 1646 446 1719 detorquenda,
462 1648 535 1704 unde
549 1648 761 1705 uniformitatem
780 1650 808 1704 in
831 1647 908 1721 praxi
921 1648 1105 1742 Bpolitanus,
1122 1657 1150 1704 ut
1164 1664 1197 1704 ex
1210 1649 1271 1719 ipso
1286 1647 1396 1721 Prologi
1410 1655 1484 1704 textu
1499 1648 1652 1704 innotescit.
1678 1649 1708 1705 S.
1722 1650 1754 1705 P.

113 1751 195 1790 sensu
210 1734 413 1807 depravandam
430 1735 497 1802 lore,
513 1752 594 1792 uerno
608 1752 664 1792 non
678 1737 765 1792 videt.
957 1738 1047 1792 Bruno
1071 1737 1106 1791 ad
1134 1752 1254 1792 eremum
1278 1735 1429 1791 carthusie
1452 1744 1564 1791 venerat
1586 1752 1648 1792 cum
1674 1736 1757 1793 sociis

147 1824 248 1892 Tertio,
264 1833 389 1880 sanetum
403 1824 478 1879 illum
491 1824 589 1892 virum,
606 1824 652 1896 qui
668 1825 768 1880 eratin
787 1825 909 1897 utrisque
959 1839 1031 1879 anno
1045 1824 1152 1880 circiter
1167 1827 1245 1891 1081,
1261 1832 1289 1880 et
1303 1840 1320 1879 a
1333 1824 1377 1880 die
1391 1823 1432 1879 sni
1456 1824 1585 1879 adventus
1608 1840 1698 1896 usque
1721 1826 1758 1881 ad

112 1911 207 1967 litteris
221 1912 321 1968 divinis
344 1919 372 1967 et
395 1912 522 1967 humanis
546 1913 668 1984 apprime
691 1912 821 1979 eruditus,
847 1911 909 1983 styli
959 1913 1017 1981 eius
1031 1912 1134 1966 obitum
1150 1910 1309 1966 effluxerunt
1325 1914 1358 1967 17
1371 1911 1444 1966 anni.
1461 1913 1563 1967 Decem
1578 1911 1690 1984 quidem
1704 1928 1757 1969 an-

112 1999 286 2072 elegantiam,
302 2001 432 2073 quemad
447 2015 557 2055 manum
572 2001 698 2066 habebat,
714 2016 909 2072 nonnunquam
958 2001 1001 2055 nis
1015 1999 1123 2070 praesuit
1135 2000 1254 2055 indomo
1269 1999 1417 2055 Cartbnsiae
1440 2000 1470 2053 B.
1495 1999 1659 2066 baudoinus,
1685 2016 1757 2055 unns

74 2106 78 2114 ·
112 2087 279 2155 deseruisse,
294 2095 323 2143 ut
336 2088 363 2143 in
377 2088 530 2144 scribendis
546 2088 793 2145 consuetudinibus
805 2088 910 2144 ordinis
958 2103 973 2142 e
989 2087 1086 2152 sociis3
1101 2087 1151 2143 sed
1167 2088 1194 2143 S.
1212 2089 1302 2143 Bruno
1319 2087 1346 2141 in
1360 2087 1487 2142 calabria
1502 2086 1616 2159 degens,
1628 2087 1759 2144 adhuoin

113 2175 313 2246 simplicitatem
344 2183 504 2244 sectaretur,
531 2184 558 2231 et
582 2176 644 2232 inde
681 2190 731 2231 nos
763 2176 910 2232 instrueret
958 2175 1027 2231 vivis
1043 2184 1111 2240 erat,
1128 2175 1276 2247 supervixit
1289 2175 1362 2230 enim
1375 2176 1405 2230 B.
1422 2175 1571 2242 Lauduin0,
1587 2174 1659 2229 iuter
1680 2190 1756 2231 mar-

114 2270 241 2333 qnantum
258 2263 418 2335 eloquendi
433 2271 479 2318 aut
494 2263 632 2320 scribendi
642 2263 740 2332 modis,
753 2263 799 2334 qni
810 2263 910 2318 fastum
959 2272 1033 2336 tyres
1048 2264 1145 2320 merito
1160 2264 1331 2329 collocando,
1347 2263 1454 2336 integro
1468 2278 1541 2320 anno
1555 2271 1582 2319 et
1603 2267 1636 2319 19
1646 2263 1756 2320 diebus.

114 2351 232 2422 aliquem
261 2350 392 2420 redolent,
421 2351 559 2407 abstinere
587 2351 744 2407 debeamus.
780 2352 910 2407 Scintillae
995 2353 1044 2407 cni
1058 2353 1088 2407 B.
1105 2352 1247 2407 Landuino
1261 2352 1393 2407 successit
1408 2353 1440 2408 11.
1458 2353 1536 2407 Pater
1557 2353 1652 2408 Petrus
1668 2352 1757 2408 Fran-

115 2448 203 2495 autem
220 2439 339 2496 coelestis
353 2439 515 2511 eloquentiae
529 2439 610 2494 simul
624 2446 651 2494 et
665 2440 800 2506 hnmana,
812 2440 910 2511 quibus
959 2456 1018 2505 cns,
1033 2449 1059 2495 et
1074 2440 1097 2495 is
1111 2439 1189 2495 annis
1204 2447 1307 2494 tantum
1320 2439 1426 2494 dnobus
1439 2438 1547 2509 praelnit
1563 2457 1569 2494 ι
1586 2440 1666 2512 eique
1690 2456 1758 2496 snc-

114 2527 234 2599 pollebat
249 2527 326 2600 quasi
340 2528 401 2584 aeris
415 2527 568 2594 candentis,
585 2543 619 2584 ex
633 2527 707 2582 illius
735 2527 910 2584 nihilominus
959 2528 1041 2585 cessit
1055 2529 1087 2584 R.
1099 2529 1129 2583 P.
1146 2528 1183 2583 D.
1197 2528 1317 2582 loannes
1330 2526 1444 2599 primus,
1458 2527 1503 2598 qui
1518 2526 1551 2582 ll.
1561 2528 1590 2582 P.
1601 2527 1758 2601 Golgoncm

114 2616 220 2671 calamo
234 2630 288 2671 non
303 2631 366 2671 raro
380 2622 573 2687 proruperunt,
590 2624 619 2671 ut
632 2615 726 2671 videre
749 2623 790 2671 est
811 2617 839 2671 in
863 2615 910 2671 illo
959 2616 1091 2672 Ecclesiae
1106 2615 1365 2686 Gratianopolitanae
1380 2615 1512 2670 decanum
1527 2615 1627 2686 recepit
1642 2615 1671 2670 in
1686 2616 1761 2672 ordi·

113 2703 232 2758 mirabili
245 2703 362 2774 capitulo
376 2703 414 2759 De
427 2704 640 2759 vitesolitorioe
654 2703 908 2773 commendatione,
960 2721 1004 2774 ne,
1021 2704 1067 2758 nbi
1081 2710 1185 2759 tantum
1199 2702 1323 2774 proiecit,
1344 2711 1373 2757 ut
1395 2710 1457 2774 post
1483 2711 1538 2759 tres
1566 2710 1613 2758 ant
1641 2710 1759 2775 quatuor
1803 2711 1805 2726 '

114 2806 215 2863 exque
229 2790 360 2846 discimus
374 2798 503 2861 quantum
517 2798 642 2846 versatus
656 2799 728 2846 esset
743 2791 770 2845 in
781 2790 909 2863 colligen·
961 2808 1047 2847 annos
1061 2793 1090 2846 in
1103 2792 1222 2862 priorem
1237 2791 1398 2856 Carthusiae,
1414 2807 1485 2847 anno
1500 2789 1625 2859 videlieet
1638 2794 1673 2850 26
1687 2791 1761 2848 ordi·

114 2879 157 2936 dis
172 2895 205 2934 ex
221 2886 374 2934 sanctarum
389 2877 591 2949 Scripturarum
614 2893 709 2950 campo
732 2878 852 2944 floribus,
878 2894 911 2933 ex
960 2880 1003 2934 nis
1017 2879 1083 2946 nati,
1100 2880 1202 2935 electus
1218 2880 1265 2933 sit.

116 2968 213 3039 quibus
226 2967 375 3039 prudenter
389 2967 509 3023 collectis
524 2975 549 3022 et
563 2973 677 3022 venuste
693 2967 825 3023 contextis
839 2974 911 3023 serta
995 2968 1044 3022 His
1059 2982 1125 3038 ergo
1139 2970 1173 3024 116
1188 2967 1266 3021 annis
1281 2966 1304 3020 si
1324 2970 1356 3021 18
1378 2975 1423 3021 aut
1438 2970 1471 3021 19
1494 2966 1640 3036 addantur,
1668 2966 1760 3023 donec

116 3070 281 3126 componere
304 3063 417 3111 noverat
442 3054 581 3111 coelestem
601 3055 715 3111 odorem
739 3055 906 3110 exhalantia.
922 3022 946 3085 Ο
961 3055 1037 3127 prior
1050 3054 1170 3111 existens
1192 3054 1331 3125 scripserit
1349 3053 1565 3110 consuetudines
1586 3053 1661 3120 istas,
1687 3068 1761 3111 anno

116 3142 193 3199 Unde
207 3142 287 3198 etiam
301 3142 460 3198 instruimur
473 3143 501 3198 iu
516 3142 591 3199 nullo
605 3158 656 3198 nos
671 3143 771 3199 laedere
782 3142 911 3214 simplici·
962 3145 1055 3198 liant
1072 3144 1104 3197 15
1119 3150 1180 3213 post
1201 3142 1324 3197 ordinem
1350 3149 1451 3208 natum,
1476 3150 1506 3196 ut
1525 3156 1607 3212 supra
1630 3140 1760 3212 diximus,

116 3239 197 3286 tatem
213 3229 428 3298 Carthasianam,
445 3231 468 3285 si
483 3245 624 3288 sacrorum
643 3231 756 3287 istorum
782 3231 913 3287 librorum
962 3231 1009 3287 eas
1024 3231 1141 3303 scriptas
1156 3230 1240 3286 luisse
1254 3229 1398 3286 constabit.
1415 3231 1456 3283 Ex
1476 3229 1519 3284 his
1541 3229 1623 3285 etiam
1645 3238 1763 3300 apparet

116 3318 296 3390 eloquentiam
310 3319 493 3389 addiscamus,
509 3320 599 3392 utqui
610 3321 669 3389 jam
683 3336 732 3391 per
745 3320 910 3376 consolatio·
961 3321 994 3376 11.
1011 3320 1119 3375 Patrem
1132 3319 1286 3390 caigonem
1300 3317 1408 3373 venisse
1432 3316 1468 3372 ad
1491 3316 1616 3372 ordinem
1637 3316 1760 3390 quinque

116 3423 178 3463 nem
195 3406 396 3478 seripturarum
409 3424 487 3479 spem
495 3408 673 3474 habemus,in
682 3407 820 3480 loquendo
830 3409 911 3464 etiam
961 3415 1005 3461 ant
1020 3424 1068 3462 sex
1082 3414 1186 3462 tantum
1200 3407 1278 3461 annis
1293 3413 1354 3477 post
1373 3413 1488 3461 mortem
1508 3404 1537 3459 S.
1562 3405 1709 3473 brunonis,
1733 3413 1763 3462 et

117 3494 225 3567 eloquia
237 3494 285 3550 illa
298 3495 406 3551 Domini
421 3503 496 3552 casta
510 3503 633 3552 eructare
648 3495 818 3562 aemulemur,
835 3496 914 3552 etsie
962 3504 1018 3551 tum
1033 3512 1082 3566 per
1094 3510 1189 3567 opera,
1206 3503 1327 3566 lumper
1342 3494 1434 3561 verba,
1446 3494 1480 3548 ab
1491 3494 1550 3563 ejus
1560 3493 1703 3565 discipulis
1712 3493 1761 3566 qni

116 3585 271 3655 optatumB.
279 3583 502 3655 Petriapostoliin
511 3583 590 3639 nobis
600 3585 770 3655 compleatur
782 3583 912 3640 dicentis:
963 3584 1046 3639 etiarn
1059 3600 1119 3640 eum
1146 3584 1174 3639 S.
1194 3583 1347 3638 institutore
1371 3581 1493 3637 vixerant
1516 3598 1548 3637 ea
1571 3581 1663 3637 omnia
1686 3580 1762 3637 didi-

116 3671 222 3743 Siquis
239 3673 373 3744 loquitar,
384 3673 465 3744 quael
480 3688 623 3730 sermones
647 3672 698 3729 Dei
713 3672 738 3741 (l
759 3674 837 3728 Patr.
861 3672 912 3740 xv).
963 3672 1045 3738 cisse,
1061 3688 1122 3743 quaa
1135 3671 1236 3726 inistis
1250 3671 1358 3740 seriptis
1373 3669 1620 3725 consuetudinibus
1641 3669 1762 3740 posteris

152 3759 265 3827 Quarto,
287 3759 366 3830 plura
390 3759 504 3831 reperiri
525 3760 552 3815 in
577 3759 643 3830 ipsis
668 3759 915 3815 consuetudinibus
963 3760 1083 3830 reliquit,
1100 3776 1161 3831 quae
1176 3759 1410 3815 consuetudinum
1423 3774 1522 3813 nomen
1537 3773 1591 3814 uon
1616 3773 1763 3815 mereren-

118 3862 179 3918 quae
202 3862 218 3902 a
238 3845 303 3902 solis
326 3847 504 3916 ⁴carthusiani
527 3848 659 3919 propositi
691 3847 914 3904 observatoribus
964 3857 1016 3914 tur,
1033 3847 1085 3902 nisi
1099 3863 1116 3902 a
1130 3847 1254 3918 pluribus
1265 3847 1321 3916 jam
1336 3846 1413 3901 annis
1436 3846 1557 3902 instituta
1581 3845 1707 3914 inissent,
1734 3854 1763 3903 et

116 3942 230 4005 possunt
244 3934 313 3990 bene
326 3935 449 4008 intelligi,
458 3950 520 3991 cum
535 3935 625 3991 verbis
639 3935 704 3991 satis
714 3935 837 3990 barbaris
845 3949 913 3990 non·
962 3935 1085 3990 moribus
1099 3936 1230 3990 utentium
1245 3935 1392 4006 approbata
1406 3942 1433 3990 et
1447 3933 1613 3990 confirmata.
1626 3934 1675 3989 llis
1684 3950 1760 4006 prae·

117 4037 254 4094 nunquam
270 4022 324 4077 sint
338 4039 477 4094 expressa,
492 4031 528 4091 ct,
544 4031 573 4078 ut
596 4039 681 4095 supra
703 4023 831 4091 diximus,
857 4038 913 4079 non
963 4023 1062 4079 notatis
1077 4039 1149 4079 nunc
1164 4023 1200 4079 ad
1215 4039 1273 4078 rem
1287 4023 1438 4079 veniamus.

575 4328 872 4417 PROLOGUS
907 4330 960 4415 D.
1013 4327 1295 4414 GUIGONIS.

302 4483 412 4566 Incipit
439 4489 595 4571 Prologus
623 4489 891 4554 Consuetudinem
920 4486 1037 4550 domini
1058 4485 1211 4565 Guigonis
1230 4485 1344 4564 prioris
1367 4483 1551 4548 carthusiae.

155 4792 180 4844 1.
196 4788 299 4845 hmieis
314 4795 340 4843 et
353 4784 481 4842 iratribus
495 4785 522 4840 in
537 4782 644 4840 christo
658 4780 852 4848 dileetissimis,
870 4782 1022 4836 Paestano
1037 4779 1189 4847 Portarum,
1206 4778 1360 4833 Huxaaaro
1375 4775 1403 4831 S.
1419 4774 1536 4847 Sulpitii,
1562 4775 1668 4830 limem
1682 4773 1768 4843 llaje·

118 4888 183 4945 raevi
198 4885 333 4959 prioribus
347 4893 374 4941 et
387 4882 520 4940 universis
535 4881 655 4954 quicum
671 4879 712 4936 eis
726 4881 784 4935 Deo
799 4877 919 4934 serviunt
933 4875 1071 4943 iratribus,
1087 4873 1238 4930 carthusie
1256 4870 1332 4944 prior
1352 4879 1465 4927 vocatus
1489 4870 1582 4925 Guroo
1592 4877 1623 4924 et
1644 4867 1692 4939 qni
1716 4883 1766 4924 se·

119 5000 182 5041 enm
195 4993 257 5040 sunt
271 4984 378 5051 iratres,
395 4989 553 5054 perpetuam
567 4978 597 5034 in
611 4977 727 5034 Domino
742 4977 866 5033 salutem.

153 5086 180 5139 11.
197 5081 352 5136 charissimi
366 5096 399 5137 ac
411 5076 632 5136 reverendissimi
647 5076 726 5132 nobis
740 5075 825 5131 Patris
839 5073 963 5146 hugonis
978 5070 1218 5142 Gratianopolitaui
1234 5068 1365 5141 episcopi,
1386 5067 1463 5137 cujus
1488 5062 1620 5121 voluntati
1640 5061 1770 5120 resistere

119 5179 160 5235 las
174 5193 229 5234 non
244 5178 385 5244 habemus,
399 5175 483 5247 jussis
497 5183 523 5232 et
537 5173 646 5230 monitis
661 5174 890 5243 obtemperantes,
907 5170 980 5242 qnod
994 5176 1086 5225 vestra
1098 5183 1154 5223 non
1167 5167 1252 5223 semel
1271 5164 1380 5222 dilectio
1399 5160 1558 5236 postulavit,
1581 5159 1767 5217 consuetudi·

801 5311 1095 5368 condemnarunt.

158 5451 317 5506 Pronom-
326 5444 431 5503 Numa.
441 5440 665 5501 consuetudines
675 5439 773 5496 domas
782 5442 919 5494 nostre...
967 5441 1027 5491 vata
1041 5442 1098 5490 tum
1112 5434 1147 5489 ab
1161 5433 1208 5489 illo
1222 5440 1280 5488 tum
1300 5447 1317 5487 a
1338 5429 1420 5487 sociis
1443 5429 1472 5484 in
1496 5429 1578 5483 domo
1601 5441 1651 5481 sen
1674 5423 1766 5496 potins

123 5544 165 5602 Ea
179 5552 239 5616 quae
253 5550 271 5592 a
285 5535 313 5592 S.
329 5534 406 5589 Patre
420 5533 548 5589 anone
560 5529 680 5587 instituta
701 5535 788 5596 erant,
813 5533 840 5583 et
862 5540 923 5583 ser·
968 5523 1124 5582 eremitorio
1138 5521 1295 5591 carthusie,
1312 5536 1327 5575 a
1341 5516 1548 5577 suecessoribus
1562 5514 1671 5570 illorum
1690 5511 1769 5568 fideli
