3742 5986
161 251 216 309 tot
443 253 472 309 S.
492 251 670 311 BRUNONIS
688 249 1012 312 canthusuuoutttt
1029 252 1272 312 tttsTtw'routs
1290 253 1367 312 OPP.
1386 254 1477 314 PARS
1494 256 1528 312 11.
1762 259 1815 313 508

165 374 209 433 his
223 375 269 449 qui
283 391 300 432 a
314 377 373 433 Dec
393 375 550 433 audiebant.
567 376 645 433 Fidei
658 377 720 434 dico
734 384 853 450 acceptae
867 394 904 435 ex
918 377 962 433 his
976 375 1092 440 dicetis
1115 377 1243 449 operibus
1268 379 1421 434 nuntiatum
1442 386 1484 435 cst
1506 379 1596 436 nobis.
1625 381 1708 438 uteo
1734 383 1815 438 euim

166 482 228 538 quoe
241 465 408 532 audieruut,
424 472 453 520 ut
469 464 538 521 sicut
547 465 703 532 audiebant,
717 466 756 522 sic
766 468 853 522 Deum
865 465 965 538 imple·
1016 465 1157 536 Scriptura
1171 466 1215 522 vel
1228 468 1337 538 Moyses
1352 468 1383 524 ira
1393 467 1513 540 quodum
1523 469 1581 525 ioco
1592 468 1625 525 de
1635 470 1762 543 septima
1771 469 1817 526 die

165 561 257 609 turum
270 553 426 609 crederent.
442 553 493 609 Vel
506 553 541 608 ita
560 572 567 609 t
583 554 680 610 Sermo
694 554 801 610 auditus
809 562 836 611 et
846 571 901 610 non
913 555 965 610 ad·
1014 554 1066 610 sic.
1083 554 1148 610 ideo
1173 570 1228 610 non
1247 555 1433 611 determinans
1451 556 1543 612 locum
1558 556 1623 614 dicit
1642 555 1673 612 in
1694 557 1816 630 quodam

166 641 262 698 mistus
277 640 353 708 fidei,
381 657 414 697 ex
437 641 491 708 his,
506 641 534 698 id
557 650 599 697 est
621 649 732 713 propter
746 659 777 698 ea
793 659 854 714 quae
867 643 965 699 audie·
1014 641 1086 709 loco,
1103 642 1167 714 quia
1182 652 1208 699 et
1231 643 1278 699 hic
1297 643 1374 699 locus
1398 644 1542 716 Scripturas
1566 645 1633 700 satis
1656 653 1740 702 notus
1756 654 1818 702 erat

165 737 229 786 runt
237 730 273 785 ab
282 729 337 785 illis
347 729 566 801 exploratoribus
577 731 708 800 reversis,
720 746 775 786 non
783 730 886 802 proiuit
899 732 962 787 illis.
1014 729 1079 797 illis,
1095 738 1123 786 et
1136 730 1198 802 quia
1214 731 1258 788 hic
1270 731 1348 788 locus
1361 732 1495 788 discretus
1505 742 1532 788 et
1541 734 1672 807 egregius
1683 741 1756 804 erat,
1770 734 1818 791 ubi

165 818 322 879 Secundum
336 818 407 874 hanc
423 819 585 875 sententiam
600 820 636 874 ad
651 819 793 875 historiam
806 836 858 876 nos
872 821 962 889 mittit,
1014 818 1049 873 de
1063 819 1213 876 salvatione
1229 835 1319 876 senno
1334 821 1487 876 habebatur
1502 836 1509 876 :
1523 821 1667 894 dignitate,
1689 821 1815 894 inquam,

164 906 274 978 quando
289 905 433 962 duodecim
448 906 640 978 exploratores
654 907 859 979 missiahloyse
869 924 964 964 rever·
1014 906 1151 963 discretus
1165 909 1201 962 ab
1215 908 1278 975 illis,
1303 909 1349 964 ubi
1372 909 1407 965 de
1422 917 1500 966 tauro
1519 910 1686 966 immolando
1701 911 1819 967 babetur

166 1002 253 1050 ιεειεε
268 1002 423 1050 terraemot
443 994 513 1051 lilios
534 996 630 1064 lsrael,
652 996 776 1053 dicentes
790 996 884 1069 (Num.
900 1011 962 1064 xrrr,
1015 1010 1117 1051 sermo.
1135 997 1184 1051 Vel
1199 997 1222 1051 si
1245 995 1282 1051 ibi
1296 1012 1351 1052 non
1371 997 1416 1064 sit,
1432 998 1515 1065 enim,
1531 998 1598 1053 nihil
1611 1007 1718 1071 oportet
1732 1015 1816 1071 repe-

166 1088 210 1152 28,
227 1085 273 1154 st)
289 1101 296 1138 :
312 1085 422 1139 Terram
432 1083 544 1156 quidem
555 1100 617 1140 esse
625 1083 793 1141 fructiferam
810 1101 816 1140 :
832 1085 964 1141 sedilios
1015 1090 1082 1150 tere,
1100 1084 1150 1138 sed
1173 1084 1295 1140 dicamus
1310 1086 1440 1156 operibus
1454 1085 1594 1157 perlectis.
1611 1087 1685 1142 Dixit
1700 1087 1729 1142 in
1745 1104 1818 1160 qno-

165 1172 297 1231 Iloachim
309 1172 347 1227 ihi
361 1188 423 1228 εεεε
436 1172 574 1245 giganteae
588 1180 709 1240 statura,
722 1166 838 1245 quorum
852 1173 880 1228 in
894 1189 964 1230 con·
1015 1171 1078 1226 dam
1103 1171 1163 1228 loco
1178 1171 1212 1228 de
1227 1173 1271 1229 die
1286 1173 1410 1245 septima,
1428 1174 1468 1231 sic
1483 1174 1550 1230 illud
1565 1181 1592 1230 ει
1606 1175 1679 1248 quod
1693 1176 1819 1248 seqnitur

167 1269 261 1334 spectu
277 1269 350 1317 stare
370 1277 426 1317 non
445 1268 573 1332 possent3
590 1261 689 1332 quibus
704 1269 730 1316 et
744 1262 899 1330 hujusmodi
913 1279 964 1318 au·
1015 1260 1070 1315 vim
1093 1260 1177 1317 habet
1200 1261 1229 1316 in
1253 1261 1349 1317 ordine
1375 1263 1483 1330 litterae,
1505 1264 1578 1319 unde
1602 1271 1744 1335 sumptum
1758 1273 1818 1333 est;

166 1349 229 1405 ditis
238 1349 365 1405 dixerunt
386 1367 392 1403 :
412 1348 577 1406 «Faciamus
590 1348 718 1406 3Ἷο
737 1350 817 1404 nohis
826 1350 922 1407 ducem
938 1357 966 1406 ει
1015 1349 1092 1420 quasi
1107 1349 1234 1405 diceret:
1251 1351 1309 1406 lloc
1338 1357 1364 1405 et
1384 1352 1437 1407 hoc
1451 1350 1515 1408 iecit
1529 1353 1620 1419 Βεεες
1635 1356 1664 1409 ει
1682 1353 1726 1408 bis
1740 1352 1818 1410 iactis

166 1444 339 1494 revertamur
353 1437 381 1492 in
397 1437 540 1508 AEgyptum
556 1437 650 1508 (Num.
666 1453 727 1505 xiv,
744 1438 781 1508 i),
800 1458 811 1488 ι
829 1438 857 1493 ιε
870 1438 965 1496 incre·
1015 1439 1152 1510 requievit
1167 1438 1211 1494 die
1226 1440 1358 1511 septima.
1369 1439 1431 1494 Non
1446 1438 1627 1495 diciturDcus
1637 1441 1816 1513 requievisse,

166 1525 278 1582 dulitate
302 1525 499 1581 exacerbantes
522 1526 619 1580 Deum.
645 1525 716 1581 Vere
744 1541 834 1581 sermo
857 1527 965 1582 auditus
1015 1525 1094 1598 quasi
1108 1526 1154 1597 qui
1176 1526 1270 1582 labore
1293 1526 1384 1598 aliquo
1407 1536 1569 1595 veteretum
1585 1528 1635 1584 sed
1655 1536 1686 1584 ει
1701 1544 1755 1600 per
1767 1530 1819 1587 hoc

167 1621 271 1668 tantum
287 1612 349 1685 quia
368 1628 424 1668 non
440 1619 482 1669 est
504 1611 639 1668 admistus
654 1612 727 1682 fidei,
744 1608 799 1669 non
813 1613 915 1685 profuit
929 1614 964 1669 il·
1016 1612 1182 1684 significaret
1196 1614 1317 1686 requiem
1332 1614 1451 1670 futuram
1465 1616 1503 1671 ait
1516 1633 1524 1670 ι
1538 1617 1773 1690 Deusrequierrit,
1789 1617 1817 1674 id

166 1701 201 1758 lis
219 1719 225 1756 :
241 1717 304 1757 nam
318 1701 379 1773 quia
392 1701 419 1755 in
442 1700 521 1756 nohis
544 1709 586 1757 est
607 1700 739 1756 admistus
758 1702 823 1758 fidei
842 1703 1001 1793 proderitB
1016 1709 1058 1757 εει
1073 1702 1190 1758 εεεεειιι
1212 1705 1246 1759 ob
1270 1703 1397 1758 omnihus
1409 1704 1538 1776 operibus
1560 1707 1630 1772 suis,
1651 1705 1728 1777 quod
1750 1705 1818 1762 nibil

166 1789 255 1847 nobis.
272 1791 359 1846 Locus
374 1804 391 1844 a
404 1788 558 1846 contrariis.
575 1788 655 1858 Quod
663 1790 700 1845 ita
708 1790 745 1846 ait
757 1807 763 1846 :
774 1792 831 1846 Nos
842 1794 891 1864 qui
899 1809 963 1849 cre·
1015 1797 1114 1860 postca
1140 1798 1304 1862 operaturus
1318 1791 1368 1858 sit;
1383 1807 1460 1861 cuius
1483 1792 1594 1848 materia
1608 1793 1652 1849 rel
1667 1793 1819 1851 similitudo

165 1879 298 1945 didimus,
315 1878 343 1933 id
357 1886 400 1934 εει
414 1878 459 1950 qui
474 1876 556 1933 iidem
575 1878 674 1933 auditis
689 1879 894 1947 admiscuimus,
919 1883 965 1936 in·
1015 1878 1043 1932 in
1058 1879 1140 1950 priori
1155 1879 1295 1935 creatione
1311 1895 1365 1935 non
1378 1880 1562 1951 prmcesserit,
1573 1881 1724 1938 materiain
1734 1882 1819 1939 rebus

166 1969 326 2041 predicantur
350 1968 381 2023 io
401 1983 492 2023 veram
507 1969 632 2039 requiem
648 1986 657 2023 :
675 1969 752 2038 cujus
766 1977 793 2024 ει
807 1966 924 2039 figuram
939 1977 966 2025 et
1016 1966 1175 2038 corporeis;
1191 1967 1341 2023 similitudo
1366 1967 1394 2022 in
1415 1969 1558 2039 corporeis
1576 1977 1606 2024 ut
1618 1969 1647 2024 in
1659 1969 1817 2026 animabus.

167 2056 311 2113 veritatem
333 2055 373 2110 illi
392 2055 466 2127 (quia
480 2055 625 2125 increduli)
639 2056 825 2127 perdiderunt.
841 2057 908 2124 Nos,
924 2056 965 2112 in·
1015 2055 1110 2111 Statim
1126 2063 1202 2110 sexta
1220 2054 1290 2111 feria
1313 2055 1386 2112 iacto
1400 2057 1520 2122 homine,
1537 2057 1656 2114 Sabbato
1670 2058 1817 2130 requierit,

169 2160 262 2217 quam,
287 2143 492 2216 ingrediemur3
508 2144 743 2217 quemadmodum
759 2145 836 2201 dicit
851 2161 902 2201 nos
915 2161 966 2216 per
1016 2143 1094 2214 quasi
1117 2159 1168 2214 per
1191 2144 1243 2199 hoc
1268 2144 1371 2201 diceret
1392 2144 1496 2200 homini
1512 2160 1519 2200 ε
1535 2145 1564 2202 Si
1591 2146 1725 2202 obediens
1751 2146 1818 2202 mihi

169 2231 251 2289 sudem
263 2232 436 2305 ingressuros
446 2251 454 2298 ;
465 2232 511 2288 ubi
519 2231 557 2287 ait
574 2249 581 2287 :
592 2233 672 2289 Sicut
676 2233 776 2304 juravi
786 2235 818 2288 ira
828 2234 873 2289 iro
881 2250 944 2290 meo
956 2253 965 2290 ε
1016 2231 1109 2300 tueris,
1126 2233 1186 2287 haec
1198 2232 1296 2287 cadem
1311 2233 1420 2305 requies
1434 2242 1543 2304 peracta
1552 2233 1709 2290 obedientia
1721 2243 1818 2306 parata

169 2322 200 2377 st
214 2320 376 2377 introibunt
391 2323 423 2376 io
439 2322 564 2393 requiem
579 2338 683 2377 mecm.
699 2321 735 2376 Et
749 2322 801 2377 hoc
815 2322 907 2377 dicere
917 2322 967 2378 iuit
1016 2319 1130 2376 esttibi.
1158 2320 1209 2376 Ubi
1224 2320 1262 2375 ait
1279 2335 1285 2374 :
1302 2321 1436 2393 requievit
1454 2321 1499 2376 die
1513 2322 1638 2394 septima,
1661 2322 1702 2379 sic
1723 2322 1761 2379 de
1774 2340 1819 2379 re·

169 2426 220 2479 per
243 2410 417 2477 contrarium,
448 2409 512 2481 quia
532 2408 578 2464 ubi
602 2409 664 2466 illos
685 2417 799 2481 propter
821 2410 967 2467 increduli·
1020 2409 1082 2480 quie
1096 2409 1247 2463 nuntiatum
1263 2416 1316 2476 est,
1332 2418 1361 2465 ut
1376 2416 1403 2465 et
1418 2408 1506 2482 figura
1522 2410 1624 2481 requiei
1638 2419 1818 2482 exspectare-

169 2506 251 2556 tatem
265 2514 321 2554 non
343 2498 491 2555 intraturos
514 2498 582 2553 dixit
603 2499 630 2553 in
654 2499 785 2571 requiem,
802 2499 904 2555 ibidem
919 2516 968 2571 per
1016 2505 1069 2563 tur,
1088 2496 1191 2553 scilicet
1207 2505 1280 2552 terra
1306 2498 1538 2568 repromissionis.
1557 2499 1592 2554 Et
1605 2498 1706 2555 ueritas
1720 2497 1819 2573 figura

170 2588 338 2646 contrarium
352 2603 413 2654 nos,
439 2587 504 2658 quia
519 2587 656 2643 credimus
671 2588 737 2642 dixit
751 2588 925 2660 ingressuros
939 2589 967 2643 in
1016 2585 1044 2641 in
1059 2585 1157 2641 diebus
1182 2585 1294 2652 Christi,
1319 2593 1382 2641 εειε
1406 2603 1487 2658 quem
1511 2602 1592 2644 nemo
1614 2602 1709 2643 veram
1721 2587 1816 2644 habuit

170 2677 302 2748 requiem.
318 2675 368 2732 l'el
378 2675 486 2748 singula
500 2675 646 2732 reddamus
658 2676 879 2747 singulisNobis
893 2693 967 2732 nun·
1017 2674 1149 2746 requiem.
1171 2674 1246 2730 Sicut
1268 2674 1296 2728 in
1316 2673 1429 2746 praeiato
1453 2675 1523 2740 loco,
1548 2675 1588 2731 sic
1612 2675 1694 2730 etiam
1717 2677 1748 2731 in
1763 2675 1816 2733 isto

170 2763 264 2820 tiatnm
280 2770 321 2819 est
335 2763 369 2819 de
393 2764 489 2835 requie
512 2764 567 2831 illa,
584 2763 647 2836 quia
671 2780 722 2820 nos
741 2765 786 2836 qui
800 2764 967 2821 credidimus
1017 2778 1126 2818 rursum
1149 2762 1302 2817 nuntiatum
1326 2770 1380 2818 est.
1408 2763 1456 2819 Vel
1478 2763 1544 2820 dicit
1568 2763 1710 2835 Scriptura
1722 2764 1760 2821 de
1774 2780 1817 2821 rc·

170 2851 356 2926 ingrediemur
378 2851 500 2924 requiem
517 2868 523 2906 :
540 2851 583 2906 ilis
608 2868 664 2908 non
687 2851 789 2924 profuit
809 2869 899 2908 sermo
915 2869 967 2909 au·
1018 2851 1080 2923 quie
1094 2851 1142 2906 illa
1156 2850 1203 2907 ubi
1216 2852 1254 2907 ait
1268 2868 1375 2906 mrsum
1390 2851 1425 2907 dc
1440 2852 1536 2908 codem
1551 2850 1761 2926 significatum
1775 2855 1816 2912 di·

171 2942 244 2998 ditus
258 2949 372 3008 tantum,
398 2941 629 3012 quemadmodum
650 2941 717 2995 dixit
734 2956 740 2996 :
757 2941 827 2997 sicut
837 2942 927 3011 juravi
940 2943 967 2997 in
1017 2949 1103 2997 ctum.

170 3030 211 3087 ira
225 3047 286 3086 mea
300 3031 324 3085 si
339 3030 485 3086 introibunt
498 3030 527 3085 in
542 3029 665 3101 requiem
678 3044 778 3086 meam.
1054 3029 1108 3098 Sic,
1125 3028 1245 3101 inquam,
1257 3027 1406 3085 nuntiatum
1422 3038 1464 3086 εει
1479 3031 1529 3087 :st
1543 3031 1706 3089 introibunt
1721 3033 1756 3090 in
1770 3050 1816 3091 re·

205 3119 278 3174 Dixit
298 3119 424 3190 superius
441 3136 448 3174 ι
464 3118 560 3174 Videte
574 3134 609 3174 ne
633 3119 667 3173 sit
689 3119 716 3173 in
739 3119 830 3192 aliquo
844 3127 965 3175 vestrum
1018 3120 1111 3189 quiem
1122 3133 1225 3174 meum.
1239 3117 1291 3174 Ubi
1301 3118 1373 3174 enim
1381 3120 1434 3174 boc
1443 3119 1560 3176 diceudo
1570 3120 1718 3177 incredulis
1728 3138 1816 3195 εεςε-

171 3223 220 3265 cor
228 3206 432 3274 incredulitatis,
445 3207 508 3278 quia
518 3215 630 3278 propter
639 3206 853 3264 incredulitatem
865 3223 920 3264 non
929 3208 968 3263 in·
1019 3208 1064 3262 bnt
1074 3206 1207 3278 requiem,
1218 3205 1390 3278 significabat
1399 3206 1815 3282 esserequiemfidelibuspossi·

171 3303 313 3352 travcrunt
326 3296 353 3350 in
368 3294 491 3369 requiem
505 3296 664 3367 pollicitam,
680 3295 715 3352 de
729 3314 781 3368 qna
790 3296 886 3369 requie
900 3313 968 3352 nun·
1018 3295 1147 3350 dandam.
1158 3296 1222 3350 llaec
1231 3304 1319 3350 antem
1332 3295 1469 3366 Scriptura
1478 3295 1649 3353 inveniturin
1659 3299 1758 3368 David,
1769 3301 1816 3372 qui

172 3385 267 3441 tiatum
285 3393 326 3440 εει
350 3385 438 3452 vobis,
455 3384 566 3456 quodsi
588 3383 669 3441 tidem
684 3385 822 3453 habeatis,
839 3387 908 3441 hanc
924 3402 968 3442 re·
1015 3382 1155 3453 jam37
1165 3383 1195 3439 1
1206 3381 1457 3455 defigura,scilicet
1470 3385 1505 3440 de
1519 3393 1595 3441 terra
1605 3385 1817 3457 illapromissio·

173 3473 263 3547 quiem
278 3475 381 3530 hahere
396 3473 519 3546 potestis.
536 3472 642 3542 Quibus
657 3482 748 3529 autem
764 3474 863 3540 modis,
875 3475 969 3546 etqui·
1018 3472 1061 3526 nis
1070 3487 1125 3527 non
1131 3479 1237 3542 poterat
1244 3473 1512 3544 prophetaretquam
1520 3471 1568 3529 filii
1577 3473 1663 3530 Israel
1669 3476 1817 3545 jammulto

171 3563 223 3618 bus
246 3563 413 3635 temporibus
436 3562 587 3618 nuntiatum
602 3562 637 3617 sit
652 3562 802 3635 subjungit,
820 3563 968 3618 osteudens
1019 3568 1140 3630 tempore
1155 3561 1343 3630 possederant.
1354 3564 1386 3615 ht
1399 3560 1436 3617 ita
1451 3562 1602 3618 secundum
1615 3563 1704 3620 Dauid
1714 3579 1771 3620 non
1784 3565 1819 3622 de

172 3651 240 3707 duas
255 3652 438 3708 εεειιειιεεεε
458 3651 493 3706 de
517 3653 570 3706 hac
593 3650 688 3721 requie
710 3649 794 3706 iactas
819 3667 880 3707 esse
895 3650 923 3705 in
938 3649 969 3704 ii·
1019 3647 1108 3721 ligura
1121 3665 1182 3720 quae
1191 3649 1248 3718 jam
1258 3649 1646 3720 habebatur,ssddeveritate
1659 3651 1700 3708 rei
1712 3669 1776 3725 quta
1789 3654 1817 3709 in

172 3756 251 3812 gura,
267 3740 329 3812 quia
343 3755 424 3795 nemo
438 3739 526 3794 adhuc
541 3738 663 3810 requiem
677 3737 753 3794 illam
772 3739 873 3795 hahere
888 3747 969 3810 pote·
1019 3736 1126 3792 Christo
1152 3738 1359 3808 exspectabatur·
1379 3739 1439 3794 hacc
1461 3738 1604 3809 prophetia
1617 3747 1686 3795 erat.
1711 3741 1818 3799 Secun-

171 3835 216 3883 rat
232 3843 238 3882 :
256 3829 332 3897 cujus
348 3827 451 3900 requiei
469 3826 549 3882 tertia
571 3826 702 3881 nuntiatio
716 3826 786 3882 iacta
801 3834 856 3895 cst,
872 3828 968 3883 nonin
1020 3825 1085 3880 dum
1098 3826 1210 3898 iloysen
1221 3833 1310 3882 autem
1325 3826 1371 3898 qui
1386 3827 1439 3883 hoc
1453 3827 1527 3883 idem
1540 3827 1649 3883 dicebat
1661 3826 1818 3887 tiliislsrael

174 3915 270 3989 figura,
287 3915 378 3971 sedin
402 3915 461 3986 ipsa
481 3914 604 3984 veritate,
630 3914 737 3986 quando
757 3915 814 3984 jam
833 3923 860 3970 et
876 3916 969 3971 haberi
1020 3913 1161 3985 prophetin
1185 3923 1254 3981 erat,
1277 3923 1304 3970 ει
1324 3915 1359 3971 (ιε
1380 3914 1603 3988 figuranoudum
1619 3917 1722 3985 habita,
1739 3920 1815 3976 etde

175 4011 293 4076 poterat,
310 4011 336 4059 ει
350 4002 502 4058 habebatur
525 4003 585 4074 ipsa
607 4004 727 4073 requies,
753 4003 857 4059 scilicet
871 4004 899 4059 in
909 4005 970 4060 die-
1020 4002 1134 4058 veritate
1148 4002 1175 4057 in
1191 4003 1298 4059 Christo
1312 4004 1481 4075 accipienda.
1504 4004 1656 4061 Praemissis
1670 4006 1706 4062 de
1719 4008 1819 4064 eadem

174 4093 225 4149 bus
240 4092 342 4167 gratim.
360 4092 460 4148 Littera
475 4091 515 4148 sic
525 4090 670 4164 iungitur:
688 4092 727 4147 De
742 4092 836 4164 requie
854 4093 900 4147 illa
915 4093 970 4148 uti·
1020 4091 1115 4163 requie
1133 4092 1240 4148 duabus
1258 4092 1473 4148 nuntiationibus
1501 4094 1530 4149 in
1551 4091 1658 4168 figuris,
1677 4095 1819 4172 subjungit

174 4199 227 4255 que
241 4183 392 4238 nuntiatum
416 4189 457 4237 εει
478 4180 556 4236 nobis
573 4195 579 4235 :
595 4196 657 4235 nam
675 4189 702 4236 ει
715 4181 743 4236 ιε
758 4182 809 4237 hoc
824 4181 884 4238 loco
899 4190 926 4238 et
942 4182 970 4237 in
1021 4181 1126 4235 tertiam
1153 4181 1303 4237 secundum
1328 4181 1495 4252 impletionis
1520 4183 1675 4250 veritatem,
1697 4184 1818 4242 dicens:

174 4271 231 4338 illo,
248 4280 275 4327 ει
287 4271 315 4326 ιε
329 4271 391 4327 ειιο.
416 4270 486 4325 lllud
500 4274 528 4326 et
542 4269 715 4325 diversitates
735 4269 859 4326 locorum
876 4270 922 4325 ubi
937 4268 972 4327 de
1021 4268 1092 4338 Quia
1099 4270 1235 4326 hocetillo
1243 4270 1325 4326 modo
1332 4270 1521 4342 darequieilla
1528 4271 1680 4327 nuntiatum
1688 4280 1741 4344 est,
1750 4289 1819 4348 ergo

173 4358 268 4430 requie
281 4359 373 4430 aqitnr
397 4356 532 4429 significat
548 4372 555 4411 τ
571 4357 639 4413 illud
652 4357 764 4430 quidem
779 4357 972 4414 discretionem
1021 4365 1049 4412 ει
1062 4357 1242 4429 implerentur
1262 4359 1402 4430 praedictn,
1423 4359 1546 4415 terminat
1568 4359 1667 4418 iterum
1683 4377 1771 4436 agens
1786 4363 1820 4420 da

174 4446 305 4518 temporis
321 4463 328 4501 ι
344 4446 408 4518 quia
422 4454 530 4517 tempus
554 4462 608 4519 quo
622 4445 740 4517 primum
759 4446 794 4502 de
808 4447 902 4518 requie
919 4449 970 4505 bac
985 4445 1118 4507 Deadem
1129 4447 1233 4519 requie,
1245 4447 1318 4504 diem
1328 4448 1474 4520 quemdam
1482 4448 1597 4519 Spiritus
1604 4449 1693 4506 sancti
1702 4450 1820 4508 dicando

172 4537 343 4593 nuntiatum
357 4538 409 4601 erl,
426 4534 529 4590 scilicet
542 4534 697 4590 constitutio
712 4533 820 4599 mundi,
837 4534 920 4609 longe
934 4536 973 4591 di·
1022 4534 1103 4590 hodic
1119 4535 1146 4590 ιιι
1172 4535 1270 4591 David.
1295 4536 1375 4592 Diem
1390 4537 1462 4592 huuc
1476 4535 1542 4593 dicit
1556 4537 1713 4609 quemdam,
1729 4538 1758 4594 id
1780 4546 1821 4596 εει

175 4624 420 4694 stabatatempore
430 4621 605 4693 impletionis,
617 4621 853 4677 scilicetadiehns
862 4623 970 4679 Christi.
1022 4622 1169 4679 discretum
1183 4632 1210 4678 et
1228 4624 1355 4680 omnibns
1377 4625 1424 4697 qui
1443 4632 1507 4681 ante
1525 4624 1634 4681 iuemnt
1654 4627 1820 4698 precellen-

176 4713 254 4770 Unde
269 4711 309 4769 sic
324 4712 360 4767 ait
376 4726 383 4766 τ
398 4710 557 4766 Nuntiatum
578 4708 689 4781 quidem
711 4709 792 4764 nohis
814 4718 856 4766 est
875 4711 909 4766 de
925 4728 972 4768 re·
1022 4718 1076 4767 tem
1093 4727 1099 4767 :
1115 4711 1179 4783 quia
1193 4711 1220 4766 in
1235 4713 1287 4768 hoc
1301 4713 1345 4768 die
1374 4712 1499 4784 impletur
1522 4712 1605 4781 salus,
1622 4714 1726 4787 quasin
1740 4723 1822 4773 antc-

177 4801 240 4874 quie
257 4808 302 4856 :et
312 4800 422 4873 quidem
433 4799 561 4872 operibus
569 4800 704 4871 perfectis
715 4797 871 4869 incipiendo
881 4799 972 4856 obin-
1022 4799 1090 4855 actis
1104 4800 1200 4856 diebus
1216 4800 1334 4856 nuntiari
1348 4808 1453 4857 tantum
1466 4801 1553 4873 potuit
1564 4817 1703 4875 nunqnam
1717 4803 1820 4876 impla·

177 4891 329 4948 stitutione
338 4887 621 4946 mundirnuntiatum
631 4886 758 4943 estnobis
768 4886 904 4960 derequie
914 4888 971 4944 illa.
1023 4888 1055 4944 ri.
1071 4887 1193 4945 Dicendo
1216 4888 1298 4945 hodie
1317 4889 1345 4944 in
1366 4889 1453 4945 David
1475 4898 1537 4961 post
1552 4898 1654 4946 tantum
1669 4893 1816 4963 temporis.

176 4978 261 5035 Facto
284 4978 402 5045 bomine,
427 4975 547 5049 perfecta
571 4975 697 5032 dicuntur
715 4991 776 5032 esse
800 4991 884 5048 opera
911 4977 971 5043 Dei,
1022 4977 1136 5032 linitum
1156 4977 1229 5033 enim
1249 4985 1357 5049 tempus
1375 4977 1542 5049 praeterierat
1560 4979 1673 5035 aiosne
1696 4979 1745 5053 qui
1763 4987 1820 5038 ter·

179 5082 241 5124 cum
257 5066 346 5121 omnis
364 5066 467 5122 creatio
481 5063 574 5120 mundi
589 5063 669 5120 fuerit
682 5073 796 5136 propter
810 5065 948 5121 hominem
964 5081 971 5121 :
1023 5082 1081 5121 ram
1101 5065 1291 5137 promissionis
1309 5065 1411 5122 tudaeis
1431 5065 1582 5134 distribuit,
1598 5083 1685 5139 usque
1698 5067 1734 5123 ad
1749 5069 1822 5127 diem

179 5156 203 5212 si
216 5156 300 5210 homo
315 5160 396 5225 capnt
419 5161 604 5210 creaturarum
618 5153 735 5223 deesset,
750 5153 910 5225 imperfecta
926 5170 972 5211 cs·
1024 5153 1111 5211 David
1127 5169 1134 5209 τ
1150 5153 1222 5210 unde
1238 5162 1349 5226 apparet
1370 5154 1457 5210 David
1475 5154 1557 5210 aliam
1571 5154 1696 5227 requiem
1709 5155 1821 5215 intelle-

179 5251 241 5301 sent
254 5241 344 5298 omnia
359 5249 473 5313 propter
485 5241 624 5297 hominem
640 5249 741 5298 creata.
756 5243 791 5297 Et
806 5243 870 5314 quia
884 5258 900 5298 a
915 5243 973 5298 Deo
1023 5243 1096 5299 xisse
1115 5242 1241 5312 futuram,
1263 5259 1344 5315 quam
1370 5243 1444 5298 illam
1463 5250 1565 5299 terram
1589 5259 1672 5315 quam
1692 5245 1752 5315 jam
1775 5247 1821 5303 dia

178 5331 273 5405 perfici
301 5337 328 5387 et
350 5330 535 5386 consummari
550 5331 699 5388 secuudum
720 5331 876 5402 opinionem
902 5345 973 5402 quo-
1023 5327 1213 5398 possederant.
1228 5327 1361 5394 Dicendo,
1378 5326 1497 5399 iuquam,
1509 5327 1591 5384 hodie
1605 5328 1822 5402 sicutsupradi·

180 5421 305 5477 mundam
319 5426 442 5491 possent,
462 5427 489 5474 et
511 5435 567 5475 non
580 5419 745 5492 principium
758 5419 860 5476 habere
875 5420 972 5489 aDco,
1023 5422 1095 5472 ctum
1110 5424 1153 5472 εει
1166 5415 1213 5471 ibi.
1234 5416 1321 5472 Hodie
1344 5415 1368 5470 si
1382 5431 1479 5473 vocem
1493 5416 1552 5485 eius
1570 5416 1721 5485 audieritis,
1737 5418 1821 5476 nolite

178 5508 241 5572 ideo
254 5509 293 5574 ait
306 5507 463 5593 incipiendo
477 5507 512 5567 ab
527 5507 694 5576 institutione
708 5508 812 5573 mundi.
828 5508 898 5576 Vere
911 5523 974 5591 per-
1023 5503 1158 5570 obdurare
1178 5505 1262 5562 corda
1283 5511 1389 5572 vestra,
1417 5504 1480 5587 qnia
1499 5503 1570 5563 sicut
1594 5504 1704 5587 priores
1727 5513 1822 5589 patres
