3742 5986
123 232 158 287 lb
448 222 638 288 nxrosmo
657 223 694 283 IN
714 224 904 282 EPISTOLAS
928 226 1041 284 eluat.
1058 257 1092 268 —
1107 227 1145 284 IN
1161 227 1270 285 tertsr.
1296 228 1343 284 AD
1367 227 1451 285 uolt.
1737 233 1772 288 bd

128 378 140 403 ι
163 355 236 411 bono
251 354 362 411 forsitan
377 355 438 428 quis
452 354 553 413 audeat
561 349 656 410 morit
680 350 859 408 Commendat
873 366 925 407 au·
934 356 963 416 Α
977 351 1094 408 Paulus:
1108 355 1163 410 Per
1184 369 1275 427 quem,
1303 353 1450 422 Christum,
1475 351 1557 410 etiam
1575 369 1730 424 artemam,
1745 355 1774 412 id

128 467 140 491 ι
163 451 219 499 tem
234 443 396 502 charitatem
412 460 490 500 suam
513 443 587 499 Deus
601 441 630 496 in
644 440 732 506 nobis,
749 439 886 512 quoniam,
902 439 930 511 si
977 448 1019 497 est
1031 441 1150 513 primurn
1167 443 1283 514 gradum
1304 441 1430 498 veniendi
1445 442 1478 497 ad
1492 442 1564 499 banc
1577 442 1704 516 gratiam,
1720 445 1776 500 ba·

127 552 140 581 ι
163 548 227 588 cum
240 532 329 589 adbuc
343 540 502 604 peccatores
512 546 635 588 essemus
645 530 795 586 secundum
805 537 925 600 tempus,
974 530 1088 587 bemus:
1104 547 1187 604 quam
1201 531 1318 604 gratiam
1327 531 1521 604 consequimur
1528 546 1579 603 per
1593 532 1688 603 fidem,
1706 532 1776 590 sicut

127 642 139 667 ι
162 620 288 676 Christus
301 636 353 692 pro
365 621 445 677 nobis
462 628 588 677 mortuus
604 626 654 685 est,
669 618 754 674 multo
768 618 852 691 igitur
864 634 924 673 ma·
970 617 1203 688 justificationem,
1229 620 1291 692 quia
1306 628 1333 676 et
1346 619 1416 675 tides
1428 618 1569 689 justificat;
1585 629 1612 676 et
1625 618 1694 677 fides
1710 637 1777 697 gra·

125 732 137 756 ·
160 708 206 780 gis
220 724 293 766 nunc
313 709 453 778 justificati
468 709 497 764 in
518 707 650 781 sanguine
664 707 761 779 ipsius,
785 707 854 763 salvi
871 707 924 763 eri·
974 707 1040 763 tiam
1054 709 1124 765 banc
1140 708 1186 765 dat
1200 710 1232 765 in
1247 725 1302 782 qaa
1312 709 1466 782 gratianos
1482 713 1603 778 stamus,
1618 709 1646 765 id
1661 717 1703 766 est
1716 726 1778 782 per·

127 816 138 850 a
159 813 223 852 mus
238 798 273 853 ab
287 797 330 854 ira
342 813 392 869 ρετ
405 797 504 869 ipsum.
520 798 549 854 Si
563 796 637 853 erun
655 810 717 853 cum
733 795 835 852 inimici
845 812 923 852 esse·
975 811 1142 853 sereremus.
1169 797 1235 853 ltdae
1259 797 1370 869 quidem
1394 797 1479 853 multa
1502 797 1589 870 gratia
1610 797 1707 854 collata
1721 806 1773 870 est,

125 908 137 933 α
159 901 232 951 mus,
255 885 424 942 reconciliati
447 902 540 942 sumus
563 886 622 940 Deo
654 900 703 955 per
726 892 842 940 mortem
863 883 924 940 Filii
973 885 1065 940 sedin
1080 902 1113 942 ea
1127 901 1182 942 non
1196 886 1280 941 stetit.
1296 888 1331 942 lit
1341 887 1437 942 stando
1451 885 1479 940 in
1494 887 1545 943 bac
1561 886 1651 959 gratia
1664 889 1772 960 gloria-

123 997 135 1021 ι
157 975 230 1044 ejus,
246 974 331 1031 multo
344 973 607 1049 magisreconciliati
623 973 691 1029 salvi
707 973 808 1029 erimus
823 973 851 1029 in
867 974 923 1029 vita
973 976 1080 1031 marin
1090 991 1139 1048 spe
1153 976 1250 1047 gloriae
1261 974 1427 1045 filioram,id
1442 981 1483 1031 est
1497 991 1530 1030 ex
1545 990 1579 1030 eo
1594 975 1659 1048 quia
1672 976 1772 1032 certis-

123 1086 135 1110 ·
158 1063 257 1134 ipsius.
272 1063 334 1118 Non
344 1063 432 1119 solum
442 1071 542 1130 autem,
555 1062 604 1118 sed
619 1070 646 1118 ct
661 1062 813 1136 gloriamur
826 1062 854 1117 in
865 1063 923 1118 Deo
972 1063 1040 1118 sime
1056 1079 1198 1134 speramus
1213 1079 1264 1119 nos
1278 1063 1417 1119 habituros
1434 1063 1553 1137 gloriam
1568 1078 1650 1136 quam
1672 1065 1771 1121 babent

123 1173 134 1198 ι
157 1167 209 1222 ρετ
222 1151 367 1206 Dominam
381 1152 608 1208 nostrumJesum
619 1151 766 1218 Christum,
783 1167 831 1222 per
841 1167 922 1222 quem
971 1150 1018 1206 tilii
1034 1152 1093 1218 Dea
1113 1169 1171 1209 ooo
1185 1154 1277 1209 solam
1293 1157 1399 1216 autem,
1431 1168 1479 1224 spe
1500 1152 1579 1221 hujus
1598 1152 1704 1224 glorie,
1720 1153 1769 1210 sed

123 1262 134 1286 s
158 1255 233 1295 nune
247 1239 496 1296 reconciliationem
511 1239 678 1311 accepimus.
694 1241 840 1311 Propterea
854 1240 923 1295 sicut
971 1241 1059 1296 etiam
1069 1240 1267 1311 ploriamario
1279 1241 1518 1297 tribulationibus.
1530 1241 1767 1297 llaecestmaxima

122 1349 134 1373 ι
157 1344 211 1399 ρετ
225 1344 309 1383 unum
333 1328 471 1384 bominem
493 1336 635 1400 peccatum
655 1327 683 1383 in
698 1329 768 1384 huno
790 1329 922 1383 mundum
971 1328 1066 1395 virtus,
1096 1328 1125 1383 in
1149 1328 1201 1385 hoc
1234 1329 1356 1402 gaudere
1385 1328 1458 1401 quod
1473 1329 1594 1385 naturale
1609 1337 1650 1385 est
1666 1329 1764 1386 lormi-

122 1437 133 1466 ι
156 1416 278 1483 intrarit,
301 1423 328 1472 et
348 1433 398 1489 per
418 1425 561 1488 peccatum
585 1433 671 1484 mors,
686 1416 762 1472 etita
784 1416 811 1471 in
826 1432 921 1472 omnes
970 1416 1035 1472 dare
1054 1417 1138 1473 :ideo
1157 1417 1184 1472 in
1199 1417 1418 1472 tribulationibus
1429 1417 1586 1491 gloriamur,
1603 1417 1768 1488 quiescien-

120 1528 132 1551 ι
156 1504 285 1561 homines
307 1521 383 1561 mors
404 1506 569 1577 pertransiit,
592 1506 620 1560 in
643 1520 697 1578 quo
712 1519 808 1561 omnes
820 1521 921 1576 pecca·
972 1509 1013 1561 tes
1041 1522 1136 1561 sumus
1150 1507 1221 1579 qaod
1236 1506 1382 1563 tribulatio
1396 1507 1569 1578 patientiam
1584 1506 1767 1578 operatar‚id

119 1616 130 1640 ·
154 1603 264 1650 verunt.
291 1595 382 1667 Usque
405 1595 440 1650 ad
470 1594 559 1668 legem
583 1593 655 1650 enim
669 1601 807 1665 peccatum
822 1602 881 1650 erat
893 1594 920 1648 in
970 1602 1011 1649 est
1026 1593 1089 1666 quia
1103 1611 1167 1650 usas
1182 1603 1208 1650 et
1218 1594 1387 1651 consuetudo
1403 1593 1605 1650 tribulationum
1620 1595 1703 1651 nutrit
1717 1610 1767 1667 pa-

118 1705 130 1729 ·
153 1682 269 1737 mundo.
295 1683 438 1739 Peccatum
460 1691 550 1739 autem
574 1698 628 1738 non
652 1681 842 1754 imputabatur,
859 1699 920 1738 cum
934 1682 1102 1772 Btientiam.
1129 1684 1275 1739 Patientia
1298 1687 1395 1739 uatem
1419 1690 1546 1754 operatur
1559 1683 1765 1755 probationem,

119 1792 131 1820 ι
153 1771 201 1826 lex
215 1786 270 1826 non
285 1779 376 1827 esset:
393 1771 442 1827 sed
457 1771 581 1844 regnavit
591 1787 665 1827 mors
680 1771 715 1826 ab
730 1771 817 1826 Adam
831 1787 918 1843 usque
969 1770 997 1825 id
1012 1779 1052 1826 est
1066 1772 1267 1843 purgationem
1290 1771 1352 1844 quia
1372 1771 1440 1827 sicut
1455 1786 1553 1827 aurum
1568 1780 1700 1845 purgatur
1715 1789 1766 1844 per

118 1883 130 1906 ι
154 1859 191 1914 ad
205 1861 329 1931 bfoysen,
350 1860 430 1916 etiam
446 1859 472 1914 in
487 1875 535 1916 eos
550 1860 664 1932 quinon
686 1867 866 1933 peccaverunt
890 1859 919 1913 in
967 1859 1070 1932 ignem,
1092 1860 1131 1916 sic
1146 1861 1219 1932 quod
1233 1860 1261 1915 in
1276 1860 1335 1915 istis
1349 1861 1523 1933 purgandum
1539 1868 1581 1916 est
1595 1860 1659 1934 igne
1674 1861 1763 1918 tribu·

118 1970 130 1995 a
155 1948 363 2005 similitudinem
374 1948 605 2022 praevaricationis
619 1949 696 2017 nde,
712 1948 758 2021 qui
774 1956 815 2003 est
829 1948 918 2004 forma
968 1947 1076 2004 lationis
1091 1948 1252 2021 excoquitur
1267 1966 1274 2003 :
1290 1949 1362 2004 unde
1377 1964 1425 2004 eos
1439 1949 1485 2020 qui
1499 1948 1526 2003 in
1541 1948 1711 2005 tribulatione
1726 1949 1766 2006 vi-

116 2060 128 2084 ·
152 2035 246 2092 futuri.
264 2038 318 2095 Sed
341 2054 396 2094 non
416 2038 486 2093 sicut
499 2037 638 2104 delictum,
664 2037 702 2093 ita
714 2045 741 2094 et
756 2038 870 2093 donum.
890 2037 918 2094 Si
967 2042 1020 2091 tam
1035 2034 1140 2103 finiunt,
1157 2045 1266 2093 sanctos
1281 2036 1340 2093 sine
1355 2036 1446 2109 aliqua
1460 2036 1627 2093 hesitatione
1642 2036 1761 2093 confidi·

114 2149 126 2172 ι
151 2125 228 2181 enim
242 2125 313 2182 ilbus
327 2127 426 2183 delicto
440 2126 516 2181 multi
531 2127 628 2183 mortui
641 2135 714 2192 sunt,
730 2126 814 2181 multo
829 2126 918 2199 magis
966 2141 1037 2192 mus,
1048 2125 1113 2197 quia
1127 2125 1258 2198 quidquid
1273 2125 1346 2196 prius
1353 2133 1546 2197 peccaverunt,
1562 2125 1634 2197 ignis
1647 2125 1764 2182 tribula-

115 2236 127 2261 «
152 2214 243 2284 grstia
255 2215 305 2270 Dei
327 2223 354 2270 et
368 2215 469 2270 donum
484 2216 511 2269 in
525 2215 614 2288 gratia
630 2215 710 2271 unius
723 2214 840 2271 hominis
853 2216 918 2270 Jesu
966 2213 1049 2268 tionis
1073 2221 1159 2269 totum
1182 2214 1297 2270 excoxit.
1322 2215 1377 2269 lios
1400 2228 1466 2270 vero
1491 2213 1578 2286 quiin
1593 2229 1661 2284 pace
1682 2214 1763 2270 uitam

114 2323 127 2352 ι
152 2302 254 2357 Christi
281 2303 309 2357 in
332 2302 426 2375 plures
451 2302 599 2376 [homines]
622 2303 790 2360 abundarit:
807 2310 834 2358 et
862 2319 917 2359 non
965 2300 1069 2368 liniunt,
1106 2310 1344 2375 quantumcunque
1358 2300 1528 2357 laudabiliter
1541 2301 1658 2358 vixerint
1671 2302 1764 2373 (nemo

115 2415 128 2437 ·
152 2391 224 2446 sicut
247 2408 297 2462 per
318 2407 402 2446 unum
416 2400 558 2463 peccatum
577 2391 735 2465 [delictam]
750 2410 757 2446 ε
773 2392 809 2447 ita
824 2400 850 2447 et
863 2391 916 2447 do·
966 2390 1039 2445 enim
1075 2391 1134 2446 sine
1171 2391 1253 2447 sorde
1293 2390 1345 2461 est)
1361 2390 1419 2445 sine
1462 2399 1536 2446 certa
1570 2390 1765 2448 miraculorum

116 2499 129 2528 ι
152 2495 233 2535 num.
249 2480 317 2535 Nam
337 2479 470 2549 judicium
486 2495 519 2535 ex
535 2495 589 2536 uno
604 2480 633 2536 in
649 2480 914 2547 condemnationem,
965 2477 1136 2546 ostensione,
1153 2479 1182 2532 in
1205 2479 1330 2550 cauloac
1354 2486 1511 2534 sanctorum
1529 2493 1584 2534 non
1598 2494 1764 2534 annumera-

114 2588 126 2616 ι
151 2567 243 2640 gratia
256 2576 346 2623 autem
361 2583 394 2624 ex
408 2567 500 2623 multis
513 2568 619 2625 delictis
631 2569 659 2623 in
675 2568 910 2638 justificationem.
942 2582 1035 2622 mus.
1064 2567 1195 2626 Probatio
1222 2584 1285 2624 vero
1327 2574 1458 2638 operatur
1484 2583 1582 2639 spem;
1611 2567 1764 2624 certissime

114 2678 127 2702 α
152 2655 181 2711 Si
197 2655 310 2711 enimin
326 2656 406 2712 unius
421 2656 520 2713 delicto
535 2672 609 2712 mors
620 2657 743 2730 regnavit
756 2673 805 2728 per
819 2673 912 2723 unum,
965 2654 1038 2710 enim
1053 2671 1165 2726 sperare
1190 2663 1286 2727 potest,
1312 2656 1358 2727 qui
1373 2653 1539 2711 sufficienter
1559 2663 1691 2730 purgatus
1703 2663 1758 2712 est.

112 2767 126 2791 ι
149 2744 239 2800 multo
254 2746 343 2818 magis
365 2745 558 2801 abundantiam
573 2746 668 2817 gratiae
681 2753 708 2802 et
723 2745 877 2801 donationis
887 2751 914 2800 et
964 2743 1029 2814 Spes
1039 2748 1136 2801 uatem
1148 2743 1187 2800 sic
1196 2752 1258 2815 post
1268 2743 1460 2816 purgationem
1472 2743 1562 2798 habita
1570 2759 1629 2800 noa
1642 2746 1766 2815 consan-

112 2855 124 2879 a
146 2832 259 2900 justitiae
279 2833 453 2905 accipientes,
468 2834 497 2888 in
512 2834 565 2890 rita
588 2833 740 2906 regnabunt
754 2849 912 2905 perunum,
964 2831 1015 2897 dit,
1032 2832 1060 2887 id
1075 2841 1124 2899 est,
1136 2831 1264 2888 nonfacit
1275 2833 1437 2889 erubescere
1448 2848 1496 2888 eos
1507 2832 1683 2905 quisperant,
1696 2848 1765 2905 quos

112 2943 124 2967 ι
148 2921 243 2975 iesum
252 2920 398 2976 Christum.
413 2921 497 2994 igitur
511 2922 580 2979 siout
593 2937 644 2993 ρετ
657 2921 735 2977 unius
749 2922 876 2979 delictum
885 2921 913 2976 in
964 2918 1064 2976 faceret
1074 2920 1252 2976 confusibiles
1266 2921 1289 2976 si
1305 2920 1441 2993 inexpleta
1452 2929 1534 2977 esset.
1553 2922 1624 2977 Vere
1636 2937 1699 2992 spes
1709 2935 1764 2976 non

113 3031 126 3055 s
150 3024 248 3063 omnes
275 3009 401 3065 homines
425 3011 452 3064 in
475 3010 739 3076 condemnationem,
766 3010 846 3066 sicet
863 3026 913 3081 per
963 3008 1113 3078 confundit,
1139 3009 1189 3064 sed
1213 3009 1378 3080 implebitur,
1409 3010 1482 3083 quod
1502 3017 1604 3066 eertum
1627 3010 1761 3066 habemus

113 3118 126 3147 ι
151 3096 232 3152 unius
242 3096 374 3166 justitiam
389 3097 417 3152 in
441 3113 537 3153 omnes
560 3098 684 3154 homines
698 3098 725 3153 in
736 3098 911 3167 justificatio·
960 3112 1012 3167 ρετ
1034 3096 1162 3167 Spiritum
1174 3105 1296 3153 sanctum
1320 3099 1366 3169 qui
1389 3098 1469 3153 datus
1484 3106 1523 3154 est
1540 3097 1628 3153 nobis.
1645 3097 1761 3169 Spiritus

114 3207 126 3235 ι
150 3201 214 3241 nem
242 3185 313 3242 vitae.
342 3186 417 3242 Sicut
444 3185 516 3241 enim
534 3202 585 3257 per
606 3185 817 3242 inobedientiam
832 3186 911 3242 unius
960 3185 1032 3240 enim
1047 3193 1167 3253 sanctus,
1180 3186 1238 3255 jam
1253 3202 1303 3242 nos
1318 3203 1351 3242 ex
1366 3195 1442 3258 parte
1462 3185 1601 3252 deificans,
1618 3186 1761 3243 certitudi-

113 3296 127 3324 ι
150 3274 279 3344 bominis,
299 3281 460 3345 peccatores
483 3273 621 3330 constituti
645 3282 709 3330 sunt
731 3274 817 3339 multi,
834 3274 869 3330 ita
884 3282 911 3330 ει
959 3289 1023 3328 nem
1036 3274 1082 3329 dat
1098 3291 1105 3328 ι
1122 3273 1187 3345 quia
1200 3290 1250 3329 nos
1274 3274 1398 3346 plenarie
1410 3275 1600 3332 deificabimur
1614 3274 1642 3330 in
1657 3274 1759 3343 futuro,

112 3385 125 3409 s
148 3378 200 3433 ρετ
213 3362 294 3417 unius
308 3361 451 3436 [immissis]
465 3361 649 3418 obedientiam
661 3363 728 3433 justi
740 3363 909 3420 constituen-
958 3361 1101 3416 illuminati
1116 3363 1267 3418 secundum
1280 3363 1398 3419 animam
1412 3364 1509 3433 majori
1524 3363 1680 3437 cognitione
1696 3362 1756 3433 Dei,

113 3472 126 3502 ι
149 3459 192 3506 tur
219 3450 306 3506 multi.
335 3452 389 3507 Lex
416 3458 508 3506 autern
531 3450 699 3519 subintravit,
716 3459 745 3506 ut
759 3452 909 3508 abundaret
959 3457 986 3505 et
999 3450 1150 3506 secundum
1164 3466 1265 3521 corpus
1281 3451 1499 3523 incorruptibiles
1513 3451 1606 3508 futuri.
1623 3452 1758 3523 QulaSpi·

110 3565 122 3588 s
147 3539 288 3606 delictum,
312 3539 358 3595 ubi
378 3547 467 3596 autem
486 3539 635 3595 abundavit
656 3540 794 3608 delictum,
824 3557 908 3613 supe·
958 3538 1026 3594 ritus
1051 3548 1160 3595 sanctus
1188 3539 1268 3594 datus
1286 3540 1321 3594 sit
1344 3540 1423 3596 nobis
1443 3548 1558 3612 apparet
1572 3556 1605 3595 ex
1620 3556 1663 3606 eo,
1686 3543 1754 3612 qaia

111 3649 124 3678 ι
147 3628 307 3683 rabundavit
328 3637 355 3684 et
368 3628 467 3700 grstia,
483 3635 513 3684 ut
529 3627 598 3684 sicut
622 3629 744 3700 regnavit
766 3637 907 3700 peceatum
958 3628 1084 3685 ebaritas
1094 3629 1141 3687 bet
1149 3627 1470 3698 diffascestincordibas
1480 3629 1596 3695 nostris,
1609 3628 1683 3683 idest
1693 3628 1758 3700 quia

110 3740 123 3763 ι
146 3716 174 3771 in
190 3723 315 3782 mortem,
332 3716 369 3771 ita
387 3725 413 3771 et
430 3715 519 3787 gratia
547 3723 645 3788 regnet
658 3733 709 3788 per
728 3716 860 3786 justitiam
880 3718 907 3772 in
956 3716 1121 3774 dilectioDei
1131 3715 1293 3788 amplificata
1306 3716 1380 3772 estin
1388 3716 1516 3773 cordibus
1526 3716 1636 3783 nostris,
1644 3716 1759 3788 quispa-

110 3804 230 3861 «vitam
253 3812 392 3874 aeternam,
414 3805 568 3876 pertesum
598 3805 732 3860 Christum
761 3805 907 3861 Dominum
957 3805 1008 3860 rati
1016 3822 1110 3862 sumus
1121 3822 1170 3879 pro
1179 3821 1212 3862 eo
1222 3813 1249 3862 et
1258 3806 1313 3878 pati
1323 3813 1350 3863 et
1359 3806 1439 3862 mori.
1449 3805 1498 3861 Vel
1508 3805 1586 3862 aliter
1601 3821 1608 3861 τ
1626 3821 1691 3875 rere
1702 3820 1757 3861 uon

111 3915 123 3942 ι
145 3900 311 3948 nostrum.»
519 3907 523 3913 ’
955 3894 1106 3963 confundit,
1131 3897 1181 3950 sed
1203 3895 1378 3966 implebitur:
1395 3894 1467 3966 quod
1487 3901 1560 3965 patet
1579 3910 1612 3951 ex
1632 3909 1675 3960 eo,
1691 3895 1758 3968 qaia

425 3979 585 4020 ⁸¹⁹⁰ffl10·
956 3982 1083 4039 claritas
1095 3984 1145 4040 Dei
1155 3984 1259 4054 diffusa
1272 3988 1325 4053 est,
1338 3982 1424 4048 idest,
1433 3983 1496 4055 quia
1508 3983 1582 4039 Deus
1600 3983 1709 4039 abunde
1723 3983 1761 4038 di·

144 4070 374 4144 Quandoquidem
397 4069 560 4127 sufficienter
583 4087 616 4126 ex
632 4068 818 4140 superioribus
837 4087 905 4143 pro·
955 4069 1016 4144 ligit
1030 4087 1090 4138 nos,
1107 4079 1133 4126 et
1148 4072 1212 4143 quia
1226 4072 1342 4128 charitas
1356 4071 1485 4127 Deiadeo
1499 4069 1602 4126 ferveat
1612 4087 1679 4144 erga
1693 4086 1755 4128 nos.

107 4160 202 4214 batum
216 4169 258 4215 est
267 4176 376 4216 omnem
383 4157 604 4229 justificationem
618 4173 680 4214 esse
691 4173 724 4213 ex
740 4155 803 4225 lide3
814 4159 907 4230 iqitttr
955 4159 1012 4214 lloc
1036 4159 1168 4215 sentimus
1183 4159 1210 4214 in
1235 4159 1365 4216 cordibus
1393 4158 1495 4215 nostris
1523 4157 1681 4214 illuminatis
1702 4176 1754 4232 ρετ

100 4248 310 4318 justificatiex
323 4247 387 4318 fida,
398 4246 548 4304 babeamus
562 4264 671 4321 pacem,
695 4246 905 4304 idestconeor-
953 4247 1093 4320 Spiritum
1117 4252 1249 4304 sanctam
1285 4250 1334 4321 qai
1362 4247 1446 4303 datas
1474 4251 1515 4303 εει
1536 4247 1625 4304 nobis.
1653 4246 1754 4304 Probat

105 4336 181 4391 mam
209 4336 280 4391 inter
307 4351 382 4392 nos:
408 4345 436 4392 ut
462 4351 552 4408 neque
580 4336 690 4393 ludaeus
717 4337 821 4410 gentili,
851 4352 904 4393 nec
954 4336 1027 4408 quod
1048 4351 1112 4407 spes
1127 4336 1208 4409 (sicut
1231 4336 1401 4406 dictumest)
1416 4335 1571 4406 impleatur,
1587 4334 1752 4392 dirersisde

107 4424 319 4498 gentilisludaeo
346 4424 375 4479 in
401 4425 534 4481 bacnora
553 4425 642 4498 gratia
657 4441 688 4481 se
703 4424 837 4496 preferat.
869 4415 940 4483 urb
954 4424 1065 4480 cerasis:
1102 4432 1160 4480 tum
1197 4425 1260 4497 quia
1296 4424 1319 4479 si
1354 4439 1408 4479 non
1445 4422 1612 4494 impleretur,
1651 4423 1752 4480 frustra
1841 4423 1845 4429 '

104 4521 195 4569 autem
206 4514 294 4587 magis
308 4529 356 4570 eos
370 4513 571 4570 stadiscordia
586 4514 732 4584 deterreat,
748 4522 775 4570 et
790 4514 825 4570 ad
839 4531 904 4572 con·
954 4513 1028 4569 Deus
1065 4513 1147 4569 bomo
1192 4521 1265 4568 esset
1303 4511 1398 4579 factus,
1436 4519 1552 4567 mortem
1601 4519 1749 4585 gustasset,

107 4602 232 4658 cordiam
246 4602 364 4670 inducat,
393 4603 449 4659 ait:
468 4604 620 4660 Habeamus
641 4603 786 4675 pocemad
805 4606 901 4661 Deam.
953 4601 1005 4657 nisi
1033 4618 1109 4673 spem
1125 4602 1341 4659 consummando
1369 4601 1441 4673 quod
1469 4608 1588 4671 coeperat
1610 4599 1655 4670 pie
1669 4599 1753 4671 perfi-

105 4691 135 4746 Si
149 4690 224 4745 enim
241 4690 311 4747 inter
337 4707 388 4747 nos
415 4691 555 4748 discordes
587 4690 727 4757 fuerimus,
753 4692 787 4748 ad
815 4692 903 4748 Deum
953 4698 1036 4746 cenet.
1066 4692 1134 4747 Tum
1154 4691 1233 4747 etiam
1248 4690 1321 4758 ideo,
1346 4690 1371 4745 si
1392 4706 1453 4747 cum
1474 4688 1549 4760 impii
1570 4703 1693 4744 essemus
1723 4695 1751 4745 et

103 4779 199 4851 utique
212 4795 308 4850 pacem
322 4794 377 4835 non
397 4779 537 4836 babemus.
560 4779 716 4837 Habeamus
730 4780 792 4836 dico
807 4796 901 4851 pacem
952 4779 1132 4836 damnationis
1170 4779 1297 4835 rneritum
1335 4786 1408 4834 esset
1447 4778 1474 4833 in
1511 4776 1590 4832 nobis
1633 4783 1748 4843 tantum,

102 4884 156 4941 per
171 4869 322 4924 Dominam
337 4866 416 4925 30
438 4871 671 4925 aostramiesom
687 4869 840 4935 Christum,
858 4868 902 4925 cui
952 4867 1017 4940 quid
1064 4867 1155 4925 lacere
1205 4867 1289 4924 voluit
1328 4874 1357 4922 ut
1400 4884 1450 4939 pro
1499 4865 1595 4932 nobis,
1646 4865 1747 4938 impiis,

103 4954 131 5010 in
145 4956 273 5012 omnibus
296 4956 407 5013 obedire
430 4957 576 5013 debemus:
602 4956 649 5028 qui
674 4956 745 5012 tradi
768 4957 851 5013 voluit
866 4957 900 5012 ad
951 4956 1136 5012 difficultatem
1158 4957 1255 5012 mortis
1278 4956 1397 5022 subiret,
1421 4971 1475 5011 non
1499 4963 1540 5010 est
1554 4953 1749 5025 ambigendum

104 5053 222 5101 mortem
231 5053 343 5116 propter
353 5045 566 5110 delictanostra,
578 5051 631 5101 etc.
643 5047 697 5102 Per
712 5062 794 5118 quem
809 5046 901 5102 Chris-
951 5044 1016 5118 quin
1026 5060 1086 5108 nos,
1099 5045 1154 5114 jam
1175 5045 1337 5114 justificatos
1360 5051 1387 5100 et
1406 5045 1463 5113 jam
1479 5041 1605 5098 meritum
1621 5042 1749 5098 salvatio-

103 5140 162 5188 tum
176 5149 232 5188 non
246 5134 335 5189 solum
362 5133 459 5190 delicta
471 5133 586 5189 dimissa
601 5142 673 5203 sunt,
691 5134 744 5189 vite
759 5134 901 5205 etjustitia
950 5133 993 5188 nis
1014 5133 1224 5204 praetendentes,
1250 5131 1340 5188 salros
1368 5131 1472 5188 faciat:
1503 5130 1576 5202 quod
1604 5128 1683 5188 facile
1708 5140 1748 5186 est

102 5222 175 5288 data,
202 5221 251 5276 sed
276 5221 356 5277 etiam
378 5221 511 5279 babemus
535 5224 661 5294 qratiam
686 5223 780 5289 istam,
808 5222 901 5278 idest
949 5221 984 5289 ei,
1012 5221 1072 5295 quia
1096 5237 1150 5277 non
1175 5229 1283 5293 οροτιει
1307 5238 1369 5276 eum
1384 5219 1596 5291 ampliusmori.
1613 5220 1692 5277 Unde
1706 5219 1746 5274 sic

101 5319 156 5365 tam
181 5309 369 5379 excellentem,
398 5319 426 5366 ut
449 5310 587 5383 depellere
617 5311 729 5368 morbos
754 5311 900 5384 facereque
949 5310 1007 5365 ait:
1025 5311 1094 5382 Vere
1109 5325 1239 5382 spesnon
1261 5308 1412 5376 confundit,
1435 5307 1485 5363 sed
1500 5307 1665 5379 implebitur,
1682 5306 1746 5376 quia

101 5398 241 5455 miracula.
272 5397 327 5455 Sed
352 5415 388 5455 ne
413 5399 500 5456 Judaei
525 5399 702 5471 opinarentur
715 5415 764 5471 ρετ
773 5400 900 5455 meritum
948 5399 1001 5454 nisi
1016 5399 1085 5455 sicut
1097 5415 1239 5470 speramus
1249 5404 1485 5454 consummaretur
1501 5415 1508 5452 ε
1527 5398 1559 5454 ttt
1573 5394 1639 5465 qaid
1656 5392 1749 5450 Claris-

101 5486 174 5560 tegis
196 5486 314 5561 aliquem
328 5487 444 5563 gradum
458 5487 558 5548 habere
578 5487 605 5543 in
621 5488 692 5546 banc
713 5486 836 5562 gratiam,
863 5488 901 5545 ait
950 5492 996 5545 tas
1024 5491 1155 5545 mortuas
1188 5490 1231 5545 est
1261 5487 1351 5557 iustus
1381 5502 1433 5559 pro
1465 5481 1581 5557 impiis?
1610 5480 1659 5538 Vel
1686 5481 1748 5543 rice
