3750 5984
93 192 146 244 666
202 188 204 193 “
756 179 1068 240 consultionibus,
1688 182 1741 242 616

92 311 246 378 Extraneis,
269 311 323 366 nisi
334 311 436 380 166666,
454 325 510 366 666
538 309 671 382 loquetur,
688 322 750 374 666,
762 304 904 365 conversis
918 305 1020 377 passim
1035 314 1062 362 et
1076 307 1250 379 quibuslibet,
1267 308 1317 364 sed
1341 306 1384 363 his
1406 315 1511 365 166166
1536 307 1634 381 661666
1656 306 1743 380 priori

89 409 134 464 vel
149 409 333 480 dispensatori
348 407 481 479 placuerit
497 422 503 461 :
519 415 548 462 61
566 407 589 462 61
604 406 667 462 16116
678 412 719 461 661
741 405 787 477 qui
802 402 908 459 erudire
923 410 950 458 et
964 403 1100 459 consolari
1118 412 1214 477 potens
1230 403 1273 471 sit,
1291 421 1353 461 cunt
1367 407 1409 462 his
1433 407 1560 479 16666166
1575 405 1621 478 661
1641 405 1742 462 erudiri

89 512 115 560 et
130 504 267 561 consolari
287 512 387 577 egent;
412 505 453 561 siu
476 512 568 561 66166
585 503 644 575 1666
670 501 854 559 consolatione
878 499 922 557 661
946 501 1098 582 eruditione
1116 518 1186 575 opus
1208 502 1307 570 babet,
1327 504 1448 560 666616
1469 504 1515 576 661
1537 504 1596 560 666
1615 512 1740 576 prestare

89 608 232 659 noverunt.
735 647 738 652 ,

715 666 967 725 carridium
993 669 1126 724 xviii.

753 765 824 822 lte-m
839 764 873 821 dc
885 769 1080 838 procuratore.

123 866 181 923 1166
196 865 276 922 61166
292 864 469 922 omittendum
497 880 552 921 non
577 872 628 933 est,
645 862 718 935 quod
732 877 802 934 pene
817 867 909 917 tamen
918 860 995 918 obliti
1017 859 1161 928 16616666,
1179 862 1242 934 6616
1261 861 1405 934 praedictus
1431 870 1590 936 procurator
1613 863 1641 918 16
1657 864 1738 918 6666

88 963 211 1022 inferiori
231 965 305 1022 61666
324 963 423 1034 6616616
449 979 589 1032 exercens,
605 961 726 1034 hospites
742 959 865 1031 suscipit,
881 959 1029 1023 osculatur,
1046 957 1170 1014 61611611
1186 959 1280 1030 (16661
1304 961 1375 1019 circa
1390 959 1505 1030 sextam)
1533 960 1643 1016 veniunt
1669 965 1739 1014 tem-

87 1078 167 1134 pore.
183 1071 209 1118 et
224 1061 291 1117 tales
310 1076 447 1132 personae,
467 1061 520 1116 hoc
535 1068 576 1116 est
595 1058 733 1129 religiosae
756 1063 830 1125 6661,
845 1062 871 1111 61
890 1053 1058 1127 precipuum
1078 1069 1132 1110 uon
1157 1056 1349 1127 estiejunium,
1367 1059 1482 1131 prandet
1496 1074 1558 1114 666
1579 1057 1634 1125 616,
1658 1056 1738 1113 66611·

87 1159 187 1216 nentiae
200 1175 314 1216 censura
328 1158 425 1226 solutu,
442 1165 470 1214 et
484 1158 519 1213 ad
532 1156 652 1229 priorem
665 1169 733 1228 quos
745 1155 843 1226 dignos
857 1142 961 1221 judicat
976 1160 1158 1225 congruenter
1173 1153 1338 1210 transmittit.

772 1273 1061 1332 COMMENTARIUS.

87 1380 160 1454 quod
179 1385 277 1434 6161616
294 1385 387 1434 666166
415 1384 469 1432 166
496 1375 608 1448 6611666
643 1389 725 1446 6666
753 1371 923 1430 66666666
937 1369 1012 1440 6661,
1029 1380 1058 1427 61
1072 1372 1154 1428 61166
1166 1373 1298 1442 ieiunium
1314 1375 1422 1431 ordinis
1435 1382 1528 1447 posset
1542 1374 1632 1447 frangi
1647 1390 1664 1430 6
1678 1389 1740 1446 pro·

86 1475 230 1538 tantopere
244 1464 445 1530 commendant,
462 1463 558 1520 eadem
569 1462 652 1520 66666
663 1459 814 1532 repetendo
827 1473 889 1531 6666
938 1468 1061 1517 curatore
1074 1461 1137 1517 illos
1160 1462 1321 1533 excipiente.
1338 1463 1464 1519 Verbum
1479 1471 1580 1529 autem,
1603 1463 1738 1536 prandet,

87 1555 133 1611 hic
147 1554 241 1611 scribit
256 1556 288 1611 11.
305 1555 336 1609 Ρ.
353 1553 453 1623 Guigo,
470 1552 563 1608 616116
577 1551 656 1622 plura
674 1549 811 1605 addendo.
938 1549 1090 1619 66661166
1115 1565 1222 1606 coenam
1244 1551 1513 1622 616616111116166
1537 1551 1739 1625 (1616616616-

123 1644 204 1698 Num.
220 1647 247 1699 6.
264 1643 420 1698 Exta-urreis
443 1641 501 1696 trist
520 1641 629 1712 jussas,
651 1646 707 1694 etc.
736 1636 766 1693 ld
780 1633 887 1708 signiti-
937 1653 996 1693 rem
1019 1654 1130 1695 morere
1153 1655 1209 1695 non
1233 1639 1316 1696 debet
1341 1656 1404 1696 curn
1418 1639 1492 1706 61161,
1518 1643 1737 1712 6666666611,

88 1729 453 1805 66166666666111666616,
470 1729 629 1784 addoraurn
651 1725 806 1782 interiorem
822 1741 888 1796 pas·
937 1742 965 1780 6.
982 1727 1009 1793 7,
1038 1727 1136 1782 eodem
1162 1728 1248 1785 verbo
1277 1728 1313 1783 66
1328 1729 1535 1801 exprimendum
1548 1736 1605 1785 tum
1620 1743 1738 1796 coennm,

89 1821 141 1875 sim
152 1819 369 1889 advenientibus,
384 1817 536 1874 monachus
551 1815 674 1872 infirmus
697 1815 761 1871 11166
787 1813 888 1868 616666
940 1821 994 1869 166
1018 1815 1164 1887 66666166
1178 1823 1278 1871 utatur.

89 1909 164 1980 loqui
178 1924 233 1963 666
255 1914 363 1979 6616661
384 1907 443 1962 sine
458 1905 567 1962 licentia
595 1905 660 1974 (hoc
678 1903 730 1958 sibi
744 1901 802 1959 6611
825 1915 888 1958 666·
974 1902 1175 1974 116661161116116
1189 1905 1281 1976 116666
1292 1904 1430 1978 religiosae
1443 1905 1595 1973 urbanitas,
1611 1920 1673 1978 quat
1687 1907 1741 1963 huo

89 1997 154 2052 bum
182 1996 360 2068 6161166666,
378 2011 432 2066 quo
457 1994 539 2050 etiam
566 2007 618 2064 pro
642 1991 751 2047 licentia
779 1987 888 2063 signifi·
938 1992 1066 2063 usquein
1082 1993 1177 2049 ordine
1200 1992 1251 2048 luit
1274 1995 1512 2062 commendatas
1539 1992 1738 2066 6661616161-

89 2085 176 2142 canda
190 2084 253 2139 alibi
275 2084 358 2139 utitur
381 2084 413 2139 11.
441 2085 521 2139 Pater
536 2081 649 2153 Guigo),
665 2095 717 2136 nec
731 2079 811 2134 etiam
825 2093 888 2134 cum
939 2080 990 2135 bns
1017 2080 1118 2136 6661616
1132 2081 1268 2154 originem
1288 2083 1412 2154 sumpsit,
1443 2098 1503 2154 666
1531 2082 1554 2138 61
1582 2098 1691 2154 semper
1711 2089 1739 2138 et

88 2173 294 2245 quibuscunque
318 2171 469 2228 conversis.
499 2171 539 2226 De
572 2167 770 2240 dispensatoris
797 2174 888 2222 autern
937 2169 1038 2241 ubique
1067 2168 1096 2223 16
1110 2170 1237 2226 6661666
1256 2178 1381 2227 servetur
1412 2171 1489 2240 juxta
1522 2171 1738 2227 moderationem

88 2261 187 2333 placito
214 2260 303 2317 616111
317 2259 429 2328 666116,
446 2259 519 2331 6616,
545 2266 574 2314 61
600 2256 671 2312 16166
686 2255 836 2320 616661166,
854 2253 888 2309 66
939 2264 966 2312 61
987 2257 1179 2314 discretionem
1201 2259 1229 2314 in
1266 2258 1406 2315 modernis
1434 2258 1541 2315 statutis
1566 2273 1736 2330 expressam,

89 2365 263 2415 conversum,
294 2348 340 2420 661
368 2347 488 2404 6616166
520 2344 715 2418 dispensatoris
731 2342 886 2410 exercebat,
940 2352 1003 2401 tunc
1016 2346 1152 2401 immunes
1162 2347 1265 2402 erimus
1280 2347 1315 2402 ab
1329 2348 1404 2403 6661
1417 2362 1495 2404 6666
1507 2348 1739 2420 justaereprehen·

89 2437 245 2509 pertinebat
257 2436 285 2491 16
299 2436 422 2491 66666116
446 2434 545 2507 prioris
571 2442 599 2489 61
622 2431 808 2504 procuratoris
823 2430 889 2486 dare
939 2434 1033 2489 sionis.
1050 2434 1135 2490 Secus
1148 2451 1224 2504 vero,
1246 2436 1269 2490 si
1284 2435 1384 2491 limites
1398 2436 1520 2492 banestre
1534 2436 1737 2502 mediocritatis,

89 2525 150 2580 61116
168 2524 309 2581 conversis
323 2523 459 2579 licentiam
473 2521 612 2594 loquendi,
628 2521 687 2576 sine
703 2535 757 2593 qua
780 2517 889 2575 11666116
939 2531 1047 2591 servata
1065 2538 1244 2594 personarum
1257 2531 1285 2580 et
1299 2521 1422 2581 locorum
1449 2524 1589 2597 qualitate,
1620 2524 1739 2581 exceda-

89 2613 227 2669 silentium
242 2612 368 2686 frangere
383 2611 436 2666 illis
459 2610 582 2668 illicitum
609 2617 675 2679 erat,
691 2608 744 2663 nisi
759 2607 788 2662 in
814 2606 888 2663 casi-
938 2626 1016 2679 mus,
1046 2626 1109 2668 curn
1132 2612 1160 2667 id
1193 2620 1317 2682 166666
1345 2613 1455 2685 6611666
1479 2621 1664 2681 6161616166
1688 2627 1738 2684 666

90 2702 204 2774 666661
218 2717 268 2772 per
292 2707 389 2756 6161616
412 2699 637 2755 determinantur.
897 2715 1011 2781 Bnova
1034 2700 1147 2756 vetitum
1170 2700 1215 2766 sit,
1241 2700 1293 2756 nisi
1323 2701 1359 2756 66
1385 2701 1486 2757 16666
1510 2710 1592 2774 cogat
1620 2700 1738 2758 1666116-

125 2786 594 2854 1616.1116116116661,616.1666
622 2794 737 2858 6666661
759 2792 893 2858 quantum·
939 2787 1000 2842 bilis
1026 2788 1185 2844 necessitas.
1215 2789 1331 2860 Explico
1354 2789 1497 2861 exemplis.
1529 2789 1610 2861 Viget
1623 2789 1735 2858 bellum,

89 2880 118 2933 16
142 2878 239 2933 666616
271 2876 445 2948 66116666661
468 2875 585 2932 licentiis
615 2874 742 2930 habenda
756 2874 791 2928 611
819 2872 888 2929 66116
938 2877 1034 2931 domus
1063 2876 1151 2950 611666
1174 2877 1277 2934 ordinis
1292 2877 1413 2951 undique
1433 2877 1565 2934 militibus
1581 2878 1737 2935 circumda-

89 2967 203 3037 majoris
217 2965 341 3021 utilitatis
354 2965 511 3036 spiritualis,
541 2963 692 3020 secundum
712 2972 828 3019 mentem
847 2962 883 3017 11.
936 2973 991 3034 166,
1015 2973 1041 3021 61
1066 2964 1094 3019 16
1106 2965 1229 3037 periculo
1252 2974 1294 3020 661
1315 2966 1435 3021 maxima
1453 2967 1553 3021 demna
1568 2966 1736 3036 incurrendi,
1786 3040 1789 3047 Ι

88 3057 177 3111 Ρ61616
204 3053 347 3126 Guigonis,
371 3061 400 3110 ut
428 3051 556 3110 solatium
584 3059 727 3108 externum
741 3051 848 3107 interno
862 3059 888 3106 et
936 3053 991 3109 6161
1013 3054 1111 3110 66666
1140 3061 1166 3109 61
1193 3053 1349 3111 officialium
1376 3054 1491 3127 gratiam
1519 3054 1572 3109 sibi
1600 3055 1735 3124 conciliet,

88 3140 223 3216 spirituali
251 3159 306 3198 non
334 3149 474 3198 remaneat
502 3140 671 3207 destitutum,
700 3147 810 3196 6666616
823 3155 888 3211 pru·
936 3149 1016 3212 prout
1037 3142 1171 3199 16166616
1200 3142 1304 3213 experti
1328 3158 1421 3199 sumus
1446 3143 1475 3197 16
1496 3142 1623 3199 6661666
1649 3143 1738 3200 Picar-

90 3233 190 3288 dentiae
217 3229 637 3302 61666611666161166661116166
654 3228 753 3284 infirmi
771 3226 886 3284 6116116-
936 3229 1007 3298 616,
1032 3230 1118 3302 belgii
1146 3238 1173 3286 61
1202 3231 1357 3286 Germania
1387 3247 1394 3287 τ
1424 3231 1485 3303 quis
1514 3230 1643 3288 cordatus
1668 3247 1736 3304 pos·

91 3321 202 3377 6116116.
936 3318 971 3373 611
1008 3319 1081 3386 iuste
1109 3319 1310 3390 reprehendere
1343 3318 1473 3376 officiales
1500 3319 1599 3376 66666
1626 3319 1737 3377 11116661

124 3404 887 3480 (116.Χ1’111.-166661616[661661,1616666616νί6
936 3405 1050 3462 invitent
1092 3406 1185 3477 duces,
1210 3406 1401 3478 61661666166
1443 3408 1569 3480 quadam
1603 3409 1737 3465 instruant

89 3514 235 3566 66666666,
252 3504 316 3568 616,
337 3497 459 3570 hospites
472 3497 602 3569 66661611.
618 3494 684 3550 1666
704 3494 818 3551 6616666
846 3500 887 3548 661
936 3495 1062 3552 66661616
1072 3495 1113 3566 (6)
1127 3495 1163 3550 66
1184 3495 1348 3567 captandam
1372 3495 1497 3553 virorum
1515 3495 1672 3551 militarium
1686 3498 1738 3554 bs·

90 3587 165 3659 quod
191 3593 352 3658 procurator
382 3586 472 3643 vicem
498 3585 598 3658 agebat
631 3583 730 3655 prioris
757 3581 886 3638 166666
936 3583 1191 3655 66661661166,661
1220 3584 1475 3641 6666166161616116
1503 3585 1678 3658 regularibus
1691 3593 1737 3643 at·

87 3674 219 3742 interiori,
237 3675 346 3747 etquod
368 3683 433 3731 1666
459 3674 582 3744 66661166
597 3672 632 3729 66
652 3671 822 3728 carthusiam
838 3685 885 3730 66·
935 3672 1057 3741 tendere,
1085 3673 1135 3727 666
1147 3680 1242 3743 661661
1265 3672 1394 3743 injuriam
1421 3673 1473 3729 sibi
1504 3672 1566 3730 fieri
1593 3674 1645 3729 6161
1659 3690 1737 3731 meu·

87 3763 194 3819 uiantes
222 3762 250 3818 in
276 3764 358 3819 domo
373 3762 494 3819 interiori
517 3761 605 3833 primo
633 3760 843 3830 recipiebantur,
859 3767 886 3815 et
936 3777 996 3816 sam
1022 3761 1133 3833 opipare
1154 3768 1279 3833 paratam
1295 3761 1456 3830 inveniant3
1472 3761 1515 3818 cui
1530 3762 1554 3817 si
1568 3761 1672 3834 aliquid
1685 3763 1737 3820 de·

86 3851 238 3923 66616666
260 3851 380 3922 priorem
408 3851 443 3906 ad
466 3850 577 3905 domum
602 3849 768 3920 superiorem
793 3847 885 3903 mitte·
935 3850 970 3905 sit
998 3850 1070 3923 quod
1087 3865 1144 3906 666
1165 3850 1316 3907 conditioni
1338 3850 1435 3907 deberi
1462 3858 1569 3922 putant,
1584 3851 1757 3908 irascuntur'

87 3939 196 4006 bantur,
213 3947 318 3995 6666616
344 3938 507 3994 discretione
529 3937 573 3993 hic
591 3944 692 4003 661616,
719 3937 765 4010 qui
794 3944 886 3992 tamen
936 3946 963 3995 et
1003 3937 1163 3995 occasiones
1205 3955 1236 3995 se
1277 3938 1432 3996 vindicandi
1471 3946 1619 4012 quaerunt,
1656 3946 1737 4012 prout

88 4028 163 4099 prior
177 4028 212 4083 ad
225 4027 347 4098 hospites
365 4027 534 4092 invisendos,
563 4026 587 4081 si
615 4025 642 4081 id
656 4033 833 4096 mererentur,
849 4026 885 4081 ad
898 4074 922 4137 c
935 4027 1085 4083 identidem
1117 4027 1220 4098 experti
1260 4043 1364 4095 sumus,
1393 4027 1448 4082 imo
1471 4043 1523 4085 nec
1546 4029 1737 4086 excusationes

87 4116 199 4171 doraum
213 4114 371 4171 1616616666
399 4100 593 4181 descendebat,
609 4121 638 4170 ut
661 4129 743 4186 supra
759 4129 819 4185 cap.
836 4128 886 4184 xv,
937 4117 1081 4171 admittunt
1104 4115 1140 4170 ab
1168 4115 1383 4186 impossibilitate
1397 4116 1553 4188 reperiendi
1578 4117 1736 4188 pretiosiora

87 4219 117 4260 n.
134 4207 160 4270 d,
184 4203 354 4276 exprimitur.
937 4204 1074 4262 esculenta
1094 4202 1238 4260 deductas.
1258 4203 1332 4258 1666
1345 4218 1538 4276 nonnunquam
1552 4204 1649 4262 6661611
1663 4205 1736 4263 circa

125 4291 205 4349 Circo
220 4297 341 4358 sectam,
354 4299 418 4356 616,
434 4296 463 4348 61
475 4293 652 4364 precipuum
665 4307 724 4347 nott
745 4295 788 4347 cst
807 4292 886 4364 jcjrt·
937 4293 1069 4365 quosdam
1098 4291 1205 4347 nobiles
1233 4292 1389 4359 saeculares,
1413 4307 1527 4365 qnorum
1556 4292 1735 4350 16666166616

86 4381 178 4446 niam,
193 4381 324 4453 prandet,
337 4380 432 4436 61616
448 4381 501 4436 hoc
515 4387 627 4451 apparet
637 4386 769 4452 quantum
779 4379 887 4435 abesset
937 4381 1019 4437 certis
1033 4379 1142 4436 casibus
1157 4377 1283 4435 absolute
1297 4379 1462 4451 indigemus,
1479 4380 1577 4452 quibus
1603 4380 1627 4436 si
1640 4397 1736 4438 mensa

85 4469 214 4539 6661616
236 4468 340 4524 ordinis
358 4467 562 4540 professoribus
591 4468 727 4524 obstinata
761 4466 886 4540 quaedam
937 4470 1049 4525 11166666
1075 4468 1196 4541 qualitati
1211 4475 1257 4524 aut
1272 4468 1405 4540 appetitui
1428 4469 1621 4526 convenienter
1640 4479 1738 4543 parata

86 4556 254 4612 adhaerentia
267 4557 324 4611 6616
348 4556 538 4623 abstinentiis,
565 4571 634 4629 quas
645 4555 800 4612 subdendas
824 4570 886 4611 esse
936 4573 991 4614 nou
1019 4556 1159 4625 61166166,
1173 4573 1203 4612 66
1228 4555 1348 4612 offensos
1375 4564 1510 4628 66661661,
1534 4566 1561 4614 61
1583 4574 1617 4614 ex
1641 4559 1735 4616 amicis

87 4644 234 4717 aliquando
269 4644 392 4701 charitati
415 4653 442 4701 et
470 4660 580 4717 semper
607 4644 778 4711 obedientie,
794 4643 886 4702 uerbis
936 4645 1003 4702 fiunt
1032 4645 1113 4701 nobis
1140 4645 1249 4701 1616661.
1278 4645 1380 4701 Videre
1408 4653 1450 4702 est
1470 4645 1617 4702 miseriam.
1633 4647 1736 4703 inistis

87 4732 223 4788 docebant
260 4741 287 4788 et
317 4732 450 4805 exemplis
477 4733 712 4789 demonstrabant.
743 4731 805 4803 Quo
831 4733 886 4790 1166
936 4750 1005 4808 ergo
1027 4735 1146 4801 casibus,
1177 4734 1277 4806 quibus
1306 4735 1412 4791 ceditur
1437 4741 1540 4791 166166
1568 4735 1734 4803 necessitati,

86 4821 115 4875 id
130 4820 275 4879 iacerent?
288 4823 323 4878 Ut
336 4821 474 4893 propriam
484 4821 655 4877 subditorum
670 4821 774 4878 ordinis
789 4822 885 4878 volun·
935 4832 1037 4880 temere
1049 4824 1211 4892 judicarent,
1228 4823 1275 4895 qni
1286 4824 1345 4880 666
1359 4823 1480 4879 6166666
1495 4839 1546 4879 666
1560 4823 1594 4879 66
1608 4822 1693 4880 61616
1707 4823 1736 4880 16

85 4915 171 4964 16166
184 4909 218 4964 66
233 4909 323 4965 66616
339 4925 447 4980 666666
463 4909 608 4965 ilexibilem
623 4908 780 4989 redderent,
797 4917 824 4966 et
838 4926 885 4966 ex·
936 4911 1022 4985 epulis
1038 4911 1091 4966 illis
1102 4912 1248 4983 splendore
1259 4911 1483 4968 condemnarent.

86 4997 212 5053 biberent
235 4998 271 5052 ad
300 4997 386 5053 nostri
407 4993 521 5053 in'stituti
549 4998 680 5055 rationem
693 4998 840 5068 pertinere,
856 5006 886 5054 61
971 4999 1149 5056 Cessantibus
1183 4999 1452 5066 666616116666616,
1482 4999 1509 5054 id
1535 5007 1586 5066 661,
1598 4999 1622 5056 61
1636 5000 1734 5058 eadem

86 5085 179 5151 omnia
193 5085 330 5153 omnibus,
355 5092 483 5158 quantum
509 5086 583 5152 66116,
618 5085 678 5142 11661
714 5086 883 5142 studeamus.
935 5089 1100 5156 1666661666,
1115 5088 1226 5160 quando
1241 5104 1303 5144 enm
1318 5087 1439 5145 cordatis
1449 5096 1475 5144 et
1488 5088 1541 5160 piis
1565 5087 1632 5145 viris
1655 5089 1735 5146 nobis

85 5173 282 5244 Hospitalitatis
296 5189 364 5247 ergo
391 5173 479 5247 gratia
497 5174 618 5245 hospites
642 5175 828 5243 advenientes,
845 5175 885 5231 sic
935 5178 1136 5252 agendumst,
1163 5177 1209 5249 qui
1233 5177 1321 5233 sciunt
1349 5177 1419 5233 6666
1447 5177 1618 5250 perpendere
1632 5179 1697 5251 quid
1718 5194 1735 5234 6

86 5261 201 5334 probata
228 5262 368 5319 charitatis
384 5262 536 5319 urbanitate
558 5262 694 5335 6666666
708 5263 884 5335 6661616616-
935 5267 1008 5324 veris
1023 5265 1209 5323 Carthasianis
1219 5265 1316 5338 possit,
1340 5273 1450 5322 6666616
1459 5266 1583 5323 66666116
1602 5265 1733 5339 6166611-

122 5438 158 5503 16)
194 5440 295 5502 Quando
319 5439 349 5490 da
383 5439 537 5491 instituendis
567 5453 612 5503 pro
645 5441 704 5491 viris
737 5441 883 5493 militaribus
932 5446 1034 5496 666166
1044 5455 1075 5494 ex
1087 5449 1200 5506 respectu
1223 5443 1252 5494 66
1270 5455 1339 5494 usum
1360 5444 1502 5495 consuetum
1514 5443 1614 5494 ordinis.
1628 5443 1734 5495 -tlrcc

85 5505 220 5568 splendidis
231 5507 349 5558 66661616
364 5506 495 5568 loquimur,
517 5507 542 5558 id
562 5520 611 5559 nnn
630 5507 787 5571 intelligimus
797 5520 906 5571 66666·Ι
931 5511 1018 5562 Editor
1042 5511 1224 5563 6661166666
1245 5511 1272 5562 16
1295 5511 1570 5564 116616661616666
1591 5512 1624 5563 od
1643 5511 1732 5571 6616661

86 5571 144 5623 dum
171 5585 242 5625 usum
268 5572 393 5625 6666616616
414 5573 631 5637 splenduisset
653 5574 786 5626 secuudum
812 5587 883 5627 66661
932 5577 1076 5630 notaminis.

86 5639 187 5703 6611616,
200 5640 274 5692 idest
286 5638 350 5703 quod
370 5639 481 5692 convivia
497 5641 544 5692 ista
562 5639 688 5705 splendida
699 5653 713 5693 6
726 5640 796 5693 nobis
815 5654 883 5695 essu·
