3742 5986
101 249 151 304 llll
376 245 405 301 S.
425 243 605 303 trunonis
624 245 947 305 ctnruuststtonutt
970 245 1214 305 lnsrnnroats
1232 247 1309 306 OPP.
1330 246 1419 306 PARS
1436 249 1471 304 ll.
1704 253 1757 310 dli

68 421 71 428 .
101 370 192 440 ficere
206 369 252 442 qni
266 369 354 427 factus
368 377 410 427 est
423 371 503 427 nobis
517 388 587 444 pons
600 372 628 427 ln
644 373 769 429 salutem.
787 370 939 434 Pontii-A
954 393 965 419 τ
983 371 1165 443 terpretahilis
1179 373 1214 428 ad
1228 372 1386 442 dicendum,
1403 372 1533 447 quoniam
1546 372 1700 430 imbecilles
1714 373 1759 429 fa·

105 473 166 515 cem
175 457 238 514 dico
252 473 381 533 magnum
395 459 477 533 longe
492 461 681 532 praeomnibus
696 460 841 517 Leviticis:
858 461 906 533 qui
958 481 969 512 τ
987 460 1022 516 cti
1033 462 1098 516 estis
1112 461 1148 516 ad
1161 461 1335 517 audiendum.
1347 462 1454 518 Etenim
1470 477 1530 519 cum
1541 461 1681 519 deberetis
1695 477 1757 516 ma-

106 545 228 619 pontifex
241 555 336 603 noster
348 549 510 621 penetrauit
524 552 606 606 coelos
625 550 653 604 in
668 549 833 606 sublimitate
854 565 906 620 po·
959 571 970 597 α
987 549 1066 620 gistri
1081 566 1142 605 esse
1156 558 1269 622 propter
1277 558 1395 622 tempus,
1411 567 1520 607 rursum
1532 550 1662 624 indigetis
1668 558 1699 606 ut
1710 565 1759 606 vos

108 635 209 703 tentiae,
229 636 386 692 sacerdotes
409 645 499 693 autem
523 637 558 694 de
581 638 645 694 Levi
675 638 760 694 semel
783 639 811 692 in
835 653 908 693 anno
959 637 1141 694 «doceamini
1156 656 1217 710 qnae
1234 638 1286 694 sint
1307 639 1443 695 elementa
1465 638 1568 695 exordii
1597 654 1758 695 sermonum

110 722 209 780 licebat
222 724 336 780 introire
350 725 378 780 in
393 733 485 782 sancta
499 734 666 793 sanctorum,
682 726 728 781 ubi
746 735 835 782 tamen
853 741 909 781 non
960 747 971 772 a
989 726 1049 791 Dei,
1066 734 1093 781 et
1107 725 1171 782 facti
1185 727 1251 782 estis
1265 727 1363 799 quibus
1378 728 1448 783 lacte
1460 743 1529 799 opus
1539 727 1583 795 sit,
1599 743 1656 783 non
1671 726 1761 782 solido

111 820 189 869 erant
204 812 257 868 nisi
270 813 436 870 manufacta.
453 815 501 869 llic
519 823 610 870 autem
625 815 808 886 potentialiter
822 831 909 885 pene·
961 836 972 862 ιι
989 814 1061 871 cibo.
1074 814 1170 870 Omnis
1184 816 1257 871 enim
1280 816 1326 887 qui
1347 816 1424 873 lactis
1443 823 1484 871 est
1499 816 1643 888 particeps,
1660 831 1760 886 expers

112 901 190 957 tratis
204 901 291 967 coelis,
304 902 381 958 sedet
396 902 423 957 in
439 903 549 959 dextera
563 904 658 974 patris.
683 901 840 959 Pontificem
868 903 910 957 is·
962 925 973 952 ι
991 911 1032 958 εει
1045 904 1180 959 εεττττοττίε
1192 905 1311 974 justitiae,
1328 904 1459 975 parvulus
1469 905 1541 960 enim
1552 912 1603 960 cst.
1616 902 1760 959 Perfecto-

112 996 170 1046 tum
183 990 245 1046 dico
259 992 363 1058 lesum,
378 990 407 1046 id
418 999 458 1047 est
472 991 636 1048 salvatorem
648 998 772 1047 nostrum
783 1000 810 1047 et
819 999 912 1062 poten·
963 1013 974 1038 τ
988 1007 1045 1045 rum
1060 999 1151 1047 autem
1165 1000 1205 1048 est
1221 992 1323 1048 solidus
1337 993 1422 1059 cibus,
1444 1008 1537 1049 eorum
1553 992 1598 1064 qui
1613 1007 1665 1064 pro
1690 1006 1760 1047 con-

114 1087 169 1135 tem
184 1079 298 1148 salvare,
316 1080 380 1152 quia
404 1081 509 1137 Filium
528 1082 587 1137 Dei.
602 1082 660 1137 Nos
675 1081 756 1137 talem
779 1080 912 1136 habentes
963 1102 974 1128 τ
993 1081 1135 1135 suetudine
1146 1081 1306 1137 exercitatos
1326 1081 1427 1136 habent
1441 1098 1538 1136 sensus
1562 1079 1597 1136 ad
1616 1079 1759 1136 discretio-

113 1167 278 1240 pontidcem,
293 1176 434 1224 teneamus
448 1170 507 1240 spei
522 1177 622 1225 nostra
636 1168 847 1226 confessionem.
865 1170 914 1225 lte·
964 1192 975 1217 a
992 1185 1055 1224 nem
1063 1169 1165 1225 boniac
1179 1169 1253 1224 mali.
1269 1189 1280 1219 τ

114 1272 216 1312 rumne
230 1258 480 1331 praemagnitndine
488 1260 554 1314 lesu
564 1258 741 1330 desperarent
749 1257 913 1313 infirmifra-

114 1351 181 1412 tres,
193 1344 310 1402 dicendo
318 1346 381 1418 quia
390 1346 474 1401 Filius
482 1354 524 1401 est
533 1347 594 1417 Dei,
606 1346 669 1417 quia
688 1346 772 1402 coelos
786 1354 914 1417 penetra·

114 1433 163 1499 vit,
172 1449 311 1506 nunquam
324 1434 479 1505 dignabitur
486 1435 707 1491 condescendere
717 1433 915 1490 infirmitatibus
1000 1435 1073 1490 Dixit
1087 1434 1213 1506 superius
1227 1435 1362 1492 adeamus
1378 1434 1514 1490 Christum
1524 1451 1588 1491 cum
1598 1434 1717 1504 fiducia,
1734 1439 1768 1491 ut

115 1522 217 1578 nostris
225 1522 262 1576 ait
269 1522 376 1577 Paulus.
389 1523 452 1578 Sine
460 1522 612 1578 diffidentia
620 1531 759 1579 teneamus
769 1522 916 1579 confessio
964 1541 1014 1596 per
1023 1526 1096 1580 hunc
1111 1522 1264 1595 pontificem
1276 1541 1481 1598 consequamur
1494 1524 1723 1580 misericordium
1740 1528 1768 1579 et

117 1626 179 1666 nem
197 1627 203 1664 :
220 1611 286 1683 quia
299 1611 498 1668 conlocemus
508 1613 683 1686 pontificem,
700 1614 748 1685 qui
758 1612 822 1668 licet
834 1611 917 1666 filius
965 1616 1089 1687 pretium
1104 1614 1134 1668 ia
1150 1613 1272 1668 auxilio.
1289 1614 1368 1668 Nunc
1392 1620 1483 1668 autem
1507 1612 1632 1683 probata
1655 1611 1768 1680 minori,

121 1697 239 1755 373
250 1698 300 1754 Dei
311 1699 354 1765 sit,
363 1716 421 1755 aon
428 1700 614 1773 tamenposst't
627 1703 752 1773 computi
766 1708 793 1755 et
804 1700 917 1757 condes·
930 1703 1040 1787 Bquod
1055 1718 1104 1774 per
1117 1703 1189 1758 hunc
1204 1700 1358 1772 pontificem
1370 1700 1507 1755 Christum
1527 1716 1673 1772 possumus
1684 1698 1771 1755 mise-

118 1784 460 1856 c'enderefnfirmitulibus
470 1789 584 1855 ποειτίε,
594 1788 777 1845 etsecnndum
789 1788 918 1862 fragilita·
968 1791 1115 1848 ricordiam
1130 1789 1271 1861 consequi,
1282 1789 1377 1845 dicens
1394 1808 1401 1844 ε
1419 1790 1488 1844 Vere
1499 1805 1548 1860 per
1559 1789 1699 1845 Christum
1709 1804 1772 1860 pos·

120 1883 293 1944 temnatnrae,
307 1883 334 1931 et
348 1876 430 1931 etiam
444 1876 538 1947 lapsis,
555 1877 604 1933 sed
619 1877 752 1934 habemns
762 1875 918 1948 pontificem
968 1897 1062 1935 sumus
1084 1878 1214 1951 consequi
1233 1877 1450 1933 misericordiam
1471 1877 1499 1931 in
1518 1876 1627 1933 auxilio.
1642 1877 1770 1949 Namque

120 1964 298 2021 tentatumin
310 1979 393 2020 carne
402 1981 452 2037 per
461 1966 919 2037 cmafageneratentationis.Ten·
969 1986 1019 2041 per
1038 1967 1217 2023 ministerium
1242 1966 1331 2022 omnis
1363 1965 1499 2038 pontilicis
1517 1965 1642 2021 homines
1666 1966 1718 2020 sub
1739 1980 1772 2022 eo

120 2061 204 2110 tatum
214 2053 276 2109 dico
288 2070 340 2126 pro
354 2054 555 2122 similitudine,
569 2053 597 2108 id
611 2062 653 2110 εει
668 2054 730 2127 quia
751 2053 847 2109 similis
871 2053 920 2107 fuit
969 2064 1084 2129 possunt
1098 2054 1313 2111 misericordiam
1330 2055 1469 2126 consequi,
1493 2054 1538 2127 qui
1553 2053 1674 2126 pontifex
1688 2053 1773 2126 longe

119 2141 209 2205 nobis,
225 2141 346 2197 mortalis
357 2150 384 2197 ει
396 2141 544 2213 passibilis.
561 2142 619 2208 Vel,
636 2150 766 2198 tentatum
781 2158 830 2213 pro
845 2141 920 2196 simi·
970 2147 1060 2201 minor
1076 2144 1137 2217 quia
1148 2151 1271 2214 sumptus
1293 2159 1326 2199 ex
1347 2142 1502 2198 hominibus
1518 2161 1526 2209 ς
1543 2141 1666 2196 Christus
1680 2149 1773 2198 autem

120 2229 244 2296 litudine‚
260 2229 288 2284 id
304 2237 344 2284 ost
355 2238 383 2285 ut
397 2230 550 2302 exemplum
566 2230 594 2284 in
608 2247 638 2285 se
655 2230 734 2286 daret
753 2231 832 2286 nobis
849 2229 920 2284 resi·
971 2233 1090 2307 pontifex
1103 2249 1135 2287 ex
1151 2234 1219 2288 neo.
1235 2233 1269 2287 Et
1284 2232 1312 2286 in
1326 2231 1489 2304 quibusdam
1509 2230 1602 2286 verbis
1616 2229 1775 2302 pontificem

121 2318 210 2373 stendi
234 2317 435 2385 tentationibus,
455 2327 482 2374 et
498 2319 538 2375 sic
556 2326 689 2374 tentatum
704 2327 796 2374 tamen
819 2319 922 2391 absque
972 2324 1052 2379 istum
1068 2321 1177 2377 Christo
1191 2320 1369 2392 comparabit,
1385 2327 1413 2375 et
1427 2320 1454 2374 in
1471 2318 1531 2374 aliis
1546 2318 1776 2374 minoremosten·

121 2407 248 2476 peccato.
265 2404 305 2458 Ex
321 2419 354 2459 eo
369 2404 441 2459 enim
452 2404 525 2475 quod
541 2411 659 2459 tentatus
672 2411 723 2470 est,
733 2404 783 2459 scit
798 2402 920 2474 conpati;
972 2413 1028 2468 det,
1045 2413 1102 2467 Nnc
1117 2410 1169 2466 nnn
1189 2424 1345 2482 repugnare
1360 2408 1486 2463 videatur
1500 2407 1572 2480 qnod
1583 2407 1638 2462 ait:
1655 2407 1773 2463 Omnem

123 2507 156 2547 ex
172 2507 206 2548 eo
220 2500 310 2548 autem
320 2493 392 2564 quon
402 2492 591 2564 sinepeccato,
601 2500 691 2564 potest
701 2493 829 2548 liberare.
841 2495 920 2564 arno,
972 2498 1275 2573 pontificemeonstnui,
1292 2505 1321 2552 nt
1333 2513 1385 2569 per
1397 2496 1578 2551 ministerium
1593 2497 1652 2566 ejus
1667 2495 1777 2551 miseri-

124 2580 189 2651 quia
199 2590 225 2637 et
235 2580 443 2651 compatientem
459 2589 485 2636 ει
498 2589 636 2652 potentem
653 2581 771 2636 liberare
790 2580 924 2636 hahemus
974 2589 1095 2646 cordiam
1110 2594 1312 2658 consequantur
1339 2585 1449 2640 subditi.
1466 2585 1533 2640 Cum
1551 2585 1579 2639 in
1604 2584 1695 2640 multis
1723 2585 1777 2641 hec

124 2670 290 2743 mssiificeffl.
307 2685 373 2741 figi>
384 2686 449 2726 cnm
467 2671 573 2740 fiducia
588 2670 724 2725 “deamvi
738 2670 774 2725 ad
789 2671 924 2725 thronum
974 2677 1099 2742 defuerit,
1116 2675 1179 2749 quia
1194 2674 1257 2730 licet
1267 2675 1319 2730 hoc
1329 2674 1446 2743 deesset,
1463 2673 1776 2745 velpropterpcccatum

125 2761 236 2832 cratim,
252 2759 280 2813 id
294 2766 336 2813 esi
349 2759 385 2813 ad
395 2758 542 2824 Christum,
557 2758 645 2828 issiUO
655 2773 709 2813 ⁰⁰¹¹
724 2757 849 2829 (1¹1aedam
859 2772 925 2830 Cra·
974 2765 1091 2821 ministri
1107 2764 1149 2821 vel
1163 2762 1265 2835 populi,
1283 2763 1317 2817 ad
1332 2764 1384 2818 hoc
1394 2769 1486 2817 tamen
1496 2761 1616 2832 pontifex
1627 2776 1778 2818 consecra·

126 2849 173 2915 iia,
190 2848 239 2904 sed
253 2848 368 2903 lhf0¹¹11⁵
383 2855 408 2903 ⁰¹
419 2847 498 2902 sedes
509 2854 550 2901 0⁸1
564 2845 652 2901 Omnis
667 2846 769 2918 grfifae·
780 2846 819 2900 De
834 2845 924 2916 Pleni·
976 2863 1018 2910 tus
1033 2854 1083 2909 fuit
1093 2860 1122 2909 ut
1132 2869 1182 2924 per
1195 2850 1375 2906 ministerium
1391 2851 1449 2920 ejus
1468 2849 1685 2905 misericordiam
1705 2864 1775 2907 con-

127 2936 222 2992 ludius
236 2935 308 2992 enim
333 2936 391 3005 ejus
410 2950 507 2990 Omnes
521 2934 678 3005 flccepiffltss
705 2934 797 3005 (low
823 2949 842 2998 ¹,
868 2933 924 3004 ¹⁶),
977 2950 1137 3016 sequeretur
1151 2941 1277 3012 populus,
1290 2940 1342 2995 nisi
1361 2939 1487 2995 inaltero
1503 2938 1669 3010 peccaverit.
1694 2937 1776 3008 Quod

127 3027 258 3083 fidemus
272 3024 343 3091 ideo,
360 3029 393 3080 ft!
406 3040 455 3095 pes
474 3039 536 3078 eum
550 3039 755 3094 ⁶0t²⁸ef¹⁴⁰m²lf
770 3022 928 3078 miteficor·
976 3033 1014 3088 ita
1029 3032 1066 3086 ait
1082 3047 1087 3086 :
1104 3031 1310 3102 consequemur
1324 3027 1541 3083 misericordiam
1554 3043 1605 3099 per
1619 3024 1775 3098 pontificem

128 3112 928 3183 cmmdecommissis,etapudeumtnaeaiamarnrattam
979 3121 1124 3176 christum,
1151 3117 1382 3190 Namqnenmnie
1400 3116 1587 3189 pentasonae
1602 3114 1774 3171 hominibus.

128 3206 162 3260 in
181 3205 302 3271 auxilio,
323 3201 403 3257 idest
417 3200 610 3256 auxiliatricem
627 3200 660 3255 ad
676 3200 745 3255 bene
761 3199 928 3269 operandum
979 3208 1050 3278 Quin
1063 3216 1210 3279 antequam
1224 3206 1351 3279 eligatur,
1368 3205 1407 3261 sie
1422 3212 1462 3260 est
1473 3221 1505 3260 ex
1524 3203 1690 3272 hominibus,
1703 3202 1780 3276 quod

129 3292 163 3347 de
179 3290 278 3346 futuro·
290 3289 406 3359 Auxilio,
419 3290 539 3362 nquam,
556 3304 610 3344 non
626 3304 676 3360 pro
692 3287 761 3344 vene
776 3287 929 3342 nostrosed
979 3315 1033 3354 non
1044 3295 1203 3369 prospossa
1222 3294 1345 3351 conferre
1359 3293 1405 3348 ain
1416 3309 1496 3365 quan
1510 3292 1556 3348 ine
1570 3291 1634 3347 sibi.
1655 3291 1715 3360 ute,
1733 3291 1777 3346 in-

130 3384 294 3454 opportuno,
312 3377 376 3452 qnia
391 3394 552 3450 quocunque
566 3378 648 3433 nodo
662 3378 736 3433 Deus
746 3383 929 3448 opportunum
982 3402 1075 3460 quan,
1087 3384 1206 3462 pontifex
1222 3387 1399 3455 assumptus,
1430 3382 1457 3435 id
1480 3390 1521 3437 est
1535 3380 1625 3435 divina
1641 3381 1780 3436 voluntate

129 3468 231 3535 Viden,
241 3483 382 3541 nunquam
397 3483 463 3522 ⁵⁰⁰⁸
480 3466 615 3536 iflstdjfliils
625 3466 747 3521 deseret·
980 3476 1094 3532 electus.
1107 3473 1212 3530 Electlo
1227 3472 1298 3527 enim
1309 3471 1462 3542 divinaque
1479 3468 1600 3525 324
1616 3469 1777 3537 assumitur,

980 3565 1032 3619 hoc
1043 3563 1126 3619 elficit
1135 3563 1162 3618 in
1177 3578 1210 3618 eo
1224 3569 1252 3616 nt
1266 3561 1350 3633 possit
1367 3558 1535 3615 intercedere
1544 3573 1596 3630 pro
1605 3557 1719 3630 populo,
1733 3556 1779 3629 qui

449 3640 562 3696 CAPUT
576 3640 608 3695 V·
980 3653 1138 3724 priusquam
1158 3650 1198 3708 sic
1208 3657 1372 3717 assumatur,
1384 3648 1519 3718 impotens
1529 3654 1571 3701 est
1580 3645 1607 3700 in
1621 3647 1675 3702 hoc
1687 3664 1693 3700 :
1705 3645 1781 3702 velut

168 3783 179 3807 ι
198 3757 294 3815 Omnis
308 3771 426 3829 namque
446 3753 577 3826 pontifex,
594 3769 627 3809 cx
651 3750 806 3807 hominibus
821 3766 931 3806 assum·
980 3742 1050 3797 alius
1060 3742 1152 3796 homo.
1165 3742 1336 3810 Assumptus,
1348 3737 1467 3809 inquam,
1480 3734 1782 3835 constituiturprolta·

133 3854 233 3919 «ptus,
248 3861 298 3917 pro
320 3844 474 3900 hominibus
492 3841 663 3899 constituitur
677 3840 703 3895 in
723 3840 765 3894 his
785 3855 845 3912 quae
870 3845 932 3893 sunt
980 3831 1117 3895 mittibus,
1129 3828 1174 3901 qni
1188 3827 1267 3899 paulo
1278 3834 1339 3882 ante
1357 3833 1412 3881 erat
1426 3841 1458 3880 ex
1482 3823 1647 3888 hominibus.
1669 3823 1781 3879 Constr-

134 3959 145 3984 ι
163 3935 198 3990 ad
212 3935 309 3999 Deum,
322 3941 351 3987 ut
364 3930 461 3988 offerat
475 3931 546 3985 dona
561 3938 587 3985 et
601 3927 736 3985 sacrificia
746 3928 931 3998 propeccatis,
982 3922 1075 3987 tuitur,
1091 3919 1210 3990 inquam,
1227 3931 1277 3986 pro
1297 3913 1463 3981 hominihus,
1480 3929 1534 3968 non
1550 3910 1680 3984 utpraesit
1698 3911 1740 3967 eis
1755 3909 1783 3966 in

106 4075 109 4079 ,
135 4046 147 4071 τ
164 4022 211 4095 qui
226 4020 373 4079 condolere
389 4018 475 4091 possit
497 4018 540 4072 his
559 4017 603 4090 qui
623 4017 751 4090 ignorant
780 4024 807 4071 et
823 4022 930 4083 errant,
984 4007 1171 4073 saecularibus,
1183 4005 1232 4061 sed
1246 4007 1278 4060 ia
1297 4005 1341 4060 lais
1352 4021 1414 4076 quac
1427 4006 1505 4070 sant,
1522 4000 1549 4056 id
1564 4007 1606 4055 εει
1620 4015 1681 4098 quae
1696 3998 1784 4071 perti-

134 4134 146 4160 τ
164 4111 291 4185 quoniam
313 4118 340 4165 et
359 4109 416 4181 ipse
438 4106 623 4165 circumdatus
647 4113 689 4162 est
717 4103 882 4160 infirmitate.
900 4105 933 4158 Et
984 4105 1047 4153 nent
1063 4096 1209 4160 callicana,
1227 4093 1331 4149 scilicet
1344 4099 1373 4147 ut
1389 4092 1514 4147 obsecret
1528 4097 1555 4145 et
1573 4086 1712 4145 sacrificet
1734 4101 1785 4160 pro

136 4209 311 4273 «propterea
340 4199 421 4254 debet
441 4196 669 4271 quemadmodum
688 4210 740 4267 pro
764 4193 875 4265 populo,
897 4191 934 4246 ita
982 4186 1046 4241 illis.

135 4316 147 4340 n
163 4292 245 4347 etiarn
266 4298 293 4346 et
306 4304 355 4361 pro
370 4287 517 4358 semetipso
539 4284 640 4342 offerre
656 4299 707 4356 pro
723 4282 857 4355 peccatis.
875 4281 934 4336 Nec
1019 4276 1049 4328 ln
1063 4272 1150 4329 hisad
1165 4272 1254 4327 Deum
1268 4269 1304 4325 ita
1318 4267 1489 4367 constituitur
1503 4271 1536 4323 ut
1551 4266 1651 4365 offerat
1666 4264 1743 4321 dona
1757 4265 1787 4321 ct

136 4404 147 4429 ε
166 4380 312 4452 qnisquam
326 4377 407 4432 sumit
422 4376 472 4432 sihi
499 4376 642 4440 honorem,
666 4372 715 4429 sed
730 4371 776 4444 qui
791 4378 933 4427 vocatura
983 4364 1125 4433 sacrificio
1135 4379 1186 4435 pro
1206 4360 1329 4434 peccatis
1353 4356 1445 4429 populi
1460 4355 1593 4412 delendas.
1608 4354 1687 4409 Dona
1701 4368 1786 4409 roca-

137 4489 148 4513 a
167 4466 225 4520 Deo
245 4470 374 4533 tanquam
389 4462 492 4516 Aaron.
509 4460 549 4515 lta
572 4466 598 4514 et
620 4458 743 4513 Christus
762 4471 816 4511 non
832 4460 932 4510 semet·
946 4437 1082 4509 Dhantur
1097 4452 1194 4524 inlege
1209 4448 1295 4506 veteri
1305 4447 1358 4502 illae
1372 4446 1491 4502 minores
1506 4443 1668 4500 oblationes.
1695 4439 1788 4498 Sacri-

138 4576 149 4602 ε
167 4553 256 4626 ἰρετττττ
276 4547 433 4606 clarificavit
455 4556 483 4602 ut
506 4545 627 4603 Pontifex
639 4544 718 4613 fierit,
735 4544 783 4599 sed
799 4543 846 4614 qui
860 4543 936 4598 locu·
987 4542 1049 4598 ficia
1060 4549 1161 4605 autem,
1178 4536 1286 4610 quando
1304 4534 1491 4590 immolabatur
1504 4542 1598 4588 taurus
1620 4529 1665 4586 vel
1687 4530 1787 4600 hujus·

138 4664 150 4694 ι
168 4650 212 4698 tus
227 4646 269 4696 est
283 4639 318 4694 ad
330 4653 392 4694 eum
410 4652 416 4691 :
433 4636 515 4692 filius
529 4651 606 4690 meus
621 4650 650 4689 cs
665 4642 701 4700 tu,
726 4648 779 4706 ego
793 4631 874 4686 hodie
884 4647 936 4704 ge·
987 4630 1071 4687 modi.
1089 4631 1120 4684 ln
1134 4627 1243 4683 Christo
1264 4632 1355 4681 antem
1378 4638 1474 4695 preces
1484 4629 1511 4677 et
1529 4633 1700 4693 qnaecunque
1724 4615 1790 4674 fecit

139 4751 150 4784 τ
168 4730 214 4786 nui
230 4738 266 4785 te.
283 4725 520 4798 Quemadmodum
535 4731 561 4779 et
576 4722 602 4776 in
614 4722 668 4777 alio
683 4721 744 4777 loco
759 4720 824 4776 dicit
836 4734 842 4774 :
853 4721 893 4775 Tu
907 4735 937 4774 es
988 4717 1121 4791 usquead
1137 4713 1380 4785 horampassionis
1395 4711 1468 4767 dona
1490 4709 1624 4766 dicuntur.
1646 4704 1791 4763 Sacrificio

138 4819 295 4877 «sacerdos
310 4817 338 4873 in
347 4823 479 4872 aeternum
509 4811 660 4869 secundum
683 4810 807 4866 ordinem
826 4807 937 4865 llelchi·
988 4816 1078 4865 autem
1093 4805 1201 4879 quando
1216 4803 1338 4875 seipsum
1354 4802 1380 4856 in
1396 4815 1445 4855 ara
1460 4797 1549 4855 crucis
1567 4796 1675 4853 obtulit.
1690 4793 1790 4853 Ubiait

139 4934 150 4958 t
172 4909 284 4964 sedech.
302 4904 354 4974 Qui
365 4905 393 4960 in
403 4903 501 4959 diebus
515 4900 606 4958 carnis
617 4916 673 4956 suae
688 4915 785 4970 preces
798 4897 938 4970 supplica·
989 4898 1154 4969 assumptus
1173 4909 1210 4950 ca
1225 4891 1395 4960 hominihus,
1411 4888 1449 4943 ibi
1463 4886 1582 4944 ostendit
1604 4883 1789 4955 majoritatem

141 5021 152 5046 a
172 4997 313 5069 tionesque
326 4995 362 5050 ad
379 5009 440 5049 eum
468 4990 513 5064 qui
542 4989 628 5062 possit
649 4987 762 5062 [posset]
782 4987 856 5043 illum
881 4984 939 5042 sal·
989 4985 1099 5054 Christi,
1112 4981 1157 5055 qui
1173 4998 1206 5038 ex
1228 4979 1360 5036 electione
1378 4977 1429 5033 Dei
1442 4983 1600 5047 assumptus
1628 4973 1680 5040 sit;
1702 4971 1733 5027 iu
1747 4970 1792 5026 his

140 5102 232 5141 «vum
258 5082 348 5139 facere
363 5098 377 5137 a
391 5087 499 5146 morte;
524 5095 587 5135 cum
610 5078 728 5133 clamore
742 5076 832 5133 valido
853 5083 877 5131 et
897 5075 939 5130 la·
990 5090 1050 5148 quae
1063 5071 1194 5144 praedicta
1215 5077 1288 5140 sunt,
1315 5066 1528 5131 similitudinem,
1556 5062 1629 5136 quia,
1641 5061 1666 5117 si
1684 5076 1736 5134 per
1757 5058 1792 5115 il·

141 5197 152 5228 ‹
169 5172 269 5247 crymis
283 5169 412 5237 offerens,
429 5167 573 5225 exauditus
589 5174 630 5222 est
642 5182 692 5238 pro
709 5181 758 5221 sua
772 5163 935 5221 reverentia.
991 5163 1046 5218 lurn
1062 5156 1219 5232 pontificem
1237 5154 1396 5212 offerentem
1411 5154 1483 5209 dona
1504 5159 1530 5208 ει
1545 5147 1792 5247 εεετίιιείεεεττεε-

140 5288 152 5313 «
170 5265 205 5320 Ει
220 5260 332 5335 quidem
347 5275 409 5316 cum
424 5256 588 5313 cssetFilius
598 5255 658 5324 Dei,
673 5255 768 5311 didicit
779 5271 811 5309 ox
821 5253 863 5307 his
879 5267 941 5324 quae
992 5257 1110 5323 quantur
1123 5247 1248 5303 homines
1258 5241 1484 5307 misericordiam,
1502 5255 1587 5314 quare
1597 5253 1651 5293 non
1668 5235 1793 5336 sunrlxter

142 5368 271 5426 «passus
291 5358 333 5406 est
356 5346 548 5413 obedientiam,
570 5353 596 5401 ει
617 5349 821 5402 consummatus
853 5341 942 5397 factus
991 5356 1041 5412 per
1055 5335 1192 5394 Christum
1207 5337 1265 5391 haec
1284 5334 1381 5389 eadem
1396 5329 1582 5386 offerentem?
1602 5327 1791 5389 Consumitur,

142 5450 212 5498 «est
226 5439 353 5497 omnibus
382 5424 639 5507 obtemperantibus
661 5433 712 5489 sibi
732 5447 816 5489 causa
847 5428 942 5485 salutis
993 5423 1244 5500 inquam‚pontifex
1259 5423 1307 5496 qui
1321 5421 1419 5494 possit,
1435 5419 1462 5474 id
1477 5425 1518 5474 est
1533 5415 1618 5489 quiin
1633 5413 1795 5513 usuhabeat

145 5550 156 5580 ι
175 5536 295 5596 aeternae,
310 5511 463 5600 appellatus
478 5540 494 5580 a
509 5526 567 5581 Deo
581 5522 713 5596 pontifex,
727 5520 805 5591 juxta
819 5517 942 5574 ordinem
993 5516 1139 5574 condolere
1150 5515 1193 5570 ftis
1208 5513 1408 5586 quc't'qeorcnt,
1419 5507 1499 5564 idest
1511 5505 1796 5602 ignoranterexstm-

148 5638 160 5669 ‹
178 5615 391 5675 Melchisedech.
409 5617 450 5672 De
464 5629 520 5689 quo
532 5611 613 5670 nobis
626 5608 740 5685 grandis
748 5622 850 5680 sermo,
866 5614 893 5664 et
902 5606 944 5663 in·
992 5604 1243 5678 plicitatepeccant,
1258 5604 1287 5657 ct
1301 5598 1344 5656 his
1357 5597 1405 5673 qui
1415 5598 1526 5665 arram,
1538 5593 1615 5652 idest
1625 5597 1748 5650 scienter
1757 5605 1797 5648 ut·

1283 1326 1441 1367 Exrosmo.
