3742 5986
116 190 151 243 85
434 189 625 250 uxrostrto
653 193 690 248 IN
712 191 903 249 EPISTOLAS
932 189 1445 250 eAhL1.-trtnrtsr.nbtt0tt.
1741 196 1775 250 86

119 331 189 382 ιιιιιι,
205 314 235 370 id
249 322 291 370 est
305 315 416 372 divitem
425 315 542 390 gloriam
552 317 672 372 suumin
689 315 962 374 rasameeraor-tt
978 315 1128 370 secundnm
1144 315 1279 373 sacrificia
1293 325 1319 372 ει
1334 325 1481 389 praecepta.
1502 318 1559 374 Nec
1574 333 1656 390 super
1669 318 1778 374 ludaeos

118 404 184 473 dioe,
197 403 227 460 id
240 411 281 460 est
296 404 324 459 in
334 420 382 461 eos
397 405 424 459 in
439 421 508 478 qnos
518 404 684 462 infundenda
699 413 755 462 erat
769 405 925 461 misericor·
976 405 1776 480 solum,sedetiamraperterrnm,idestsupcrgentes.Vcl

119 492 186 559 dia,
204 510 265 566 qaae
276 508 341 549 vasa
350 496 532 567 preparavit,
547 494 575 549 id
590 503 631 551 εει
640 493 842 566 praedestinavit
853 495 925 548 Deus
973 491 1009 548 ita
1024 494 1777 568 rSaluaefientreliquioe.Namperverbumilluddequo

118 582 156 638 ad
171 582 325 638 habendam
339 582 457 638 futuram
470 585 601 655 gloriam.
612 584 670 640 Nec
685 584 771 639 solnm
782 581 925 654 praedesti·
974 580 1123 637 dictumest
1133 601 1140 637 ι
1151 606 1161 630 ιι
1170 583 1618 656 lnprincipioeratverhum(ioan.
1627 600 1645 651 r,
1655 585 1692 654 l),
1702 605 1712 632 ι
1722 591 1776 640 ειε.

117 671 218 727 navit:
241 671 288 726 sed
313 688 390 744 quoe,
412 672 439 726 id
462 680 504 728 est
536 687 602 728 vasa
625 672 819 729 misericordiae
842 671 924 726 etiam
974 668 1053 737 Quod
1067 671 1192 740 verbum,
1208 671 1235 726 id
1250 679 1291 726 est
1313 672 1445 740 Christus,
1469 673 1521 728 erit
1541 688 1734 729 consummans
1751 681 1778 728 ct

118 759 213 815 missis
228 760 453 832 predicatoribus
467 761 585 817 vocavit.
601 761 668 815 Illud
685 777 754 833 quos
769 761 802 816 ad
819 767 925 815 senten·
973 758 1140 814 abbrevians
1163 760 1254 831 legem
1275 761 1303 814 in
1325 761 1459 832 aequitate,
1494 761 1563 816 sicut
1583 761 1685 817 dictum
1710 768 1774 817 est:

119 848 184 903 tiam
200 848 324 920 respicit,
340 865 394 904 non
408 848 580 905 adlittcram.
604 849 783 907 l'ocaoitdico
798 866 858 914 nos,
871 848 924 905 sci·
974 845 1045 913 Qtria
1069 848 1204 904 Dominae
1224 851 1314 920 [acin
1338 849 1389 905 hoc
1419 850 1532 906 verbam
1549 850 1723 917 breviatum,
1747 850 1776 905 id

117 937 182 992 licet
196 944 225 992 ει
239 953 309 1009 quos
323 937 441 993 nostid
454 945 496 992 est
511 955 568 995 nan
584 940 675 994 solnm
690 954 727 994 ex
746 938 858 1004 Jadoeis,
874 938 923 994 red
972 943 1014 991 εει
1038 936 1187 991 seeundum
1212 945 1377 1008 assumptam
1401 953 1513 993 carnem
1545 938 1718 994 mortalitatis
1749 946 1776 995 ει

116 1029 207 1081 etiam
223 1043 260 1082 ea
273 1028 402 1098 pentibus
419 1042 426 1080 :
443 1026 505 1098 quin
515 1026 745 1099 quemadmodum
756 1026 865 1082 ludaeos
874 1043 922 1083 uc-
971 1024 1158 1095 passibilitatis
1191 1026 1226 1080 ab
1257 1026 1363 1098 angelis
1395 1027 1567 1082 minoratum.
1598 1028 1677 1082 Juxta
1708 1028 1776 1084 illud

115 1116 203 1182 canit,
221 1114 261 1170 sic
276 1122 302 1170 ct
317 1123 425 1186 gentes.
438 1115 537 1171 Probat
549 1115 622 1187 quod
635 1116 743 1172 vocatio
758 1116 878 1187 gentium
889 1132 922 1170 ex
972 1114 1059 1183 (Prot.
1076 1115 1138 1183 vrrr)
1150 1132 1181 1168 :a
1198 1115 1336 1170 Minorasti
1357 1131 1418 1170 enm
1432 1115 1605 1187 paulominus
1627 1116 1663 1171 ab
1685 1132 1774 1190 ange-

115 1204 174 1258 Deo
191 1202 227 1258 sit
242 1203 338 1259 dicens
355 1204 442 1260 :llere
456 1205 530 1259 Deus
541 1205 647 1263 vocavit
658 1213 765 1277 gentes,
778 1204 847 1260 sicut
857 1203 922 1260 dicit
970 1201 1015 1262 lis.
1034 1225 1045 1250 ιι
1060 1203 1094 1257 Et
1107 1203 1159 1258 hoc
1169 1205 1282 1260 uerbum
1291 1206 1380 1275 saciet
1390 1221 1475 1277 saper
1486 1209 1602 1275 terram,
1614 1205 1641 1260 id
1650 1213 1691 1261 εει
1701 1205 1775 1278 quod

114 1309 171 1348 non
187 1292 273 1357 Osee,
290 1292 338 1348 sed
354 1292 486 1348 Dominus
500 1293 527 1347 in
546 1293 628 1348 Οεεε.
652 1294 710 1349 Hoc
725 1293 817 1364 utique
832 1292 919 1348 dicit:
970 1289 999 1344 in
1029 1299 1126 1346 natura
1145 1292 1253 1347 deitatis
1284 1301 1344 1348 erat
1365 1292 1509 1359 invisibile,
1535 1310 1585 1364 per
1607 1302 1775 1365 assumptam

121 1381 344 1454 l'ocabcplcbem
358 1398 451 1437 meam
466 1398 524 1438 non
533 1383 643 1454 plebem
653 1398 756 1448 meam,
767 1381 843 1437 idest
854 1397 922 1454 gen·
970 1395 1081 1435 carnem
1096 1380 1252 1436 hominihus
1269 1382 1296 1436 in
1310 1391 1385 1438 terro
1404 1382 1543 1437 exhibebit
1567 1382 1684 1438 visibile.
1703 1384 1775 1440 Vere

115 1470 251 1536 tilitatem,
269 1487 330 1543 quae
345 1473 427 1526 modo
441 1485 496 1525 non
511 1470 590 1541 plebs
605 1486 666 1526 rnca
688 1470 794 1526 dicitur.
810 1471 921 1526 Vocaho
969 1483 1019 1538 per
1041 1468 1157 1523 verbum
1181 1469 1332 1525 breviatum
1357 1470 1439 1526 salrec
1461 1469 1526 1526 tierrt
1549 1470 1679 1544 reliquiae.
1703 1472 1775 1527 Nam

114 1559 312 1632 pergratiam,
328 1557 464 1615 etfaciam
479 1560 588 1631 plebem
602 1576 694 1615 meam
719 1559 791 1628 (Ore.
808 1575 838 1626 rr,
862 1562 919 1629 23),
969 1557 1027 1612 nisi
1039 1557 1176 1614 bominac
1191 1559 1352 1632 reliquisset
1363 1559 1441 1615 nobis
1453 1560 1505 1615 hoc
1519 1576 1625 1625 semen,
1641 1561 1773 1632 perdere-
1823 1554 1830 1560 ’

114 1653 141 1705 ct
156 1664 218 1705 nan
234 1648 370 1704 dilectam
380 1647 569 1720 gentilitatem.
583 1648 691 1704 Vocabo
701 1647 884 1721 pergratiam,
894 1655 956 1732 etB
970 1661 1049 1712 mnr;
1065 1654 1091 1701 et
1106 1647 1158 1702 lroc
1172 1646 1234 1703 dico
1248 1663 1302 1703 non
1318 1647 1404 1702 solum
1420 1664 1452 1703 ex
1467 1664 1521 1716 me,
1546 1648 1594 1703 sed
1609 1648 1690 1703 etiam
1706 1648 1776 1704 sicut

112 1736 210 1792 faciam
226 1737 372 1802 dilectam,
384 1734 559 1805 justificando
573 1753 588 1790 a
602 1737 719 1807 peccatis
735 1754 742 1792 :
758 1741 785 1793 et
796 1737 921 1792 camdem
971 1733 1095 1804 praedixit
1109 1735 1194 1790 lsaias
1209 1735 1360 1791 vaticinans
1379 1737 1413 1791 de
1428 1737 1523 1792 eodem
1537 1755 1544 1791 :
1560 1737 1621 1793 Nisi
1639 1738 1775 1794 Doctrinae

113 1825 297 1899 gentilitatem
311 1825 920 1893 aonconsecatcmmisericcrdiam;laciam
970 1822 1091 1878 Sabaoth
1115 1823 1179 1894 (isa.
1206 1840 1225 1890 r,
1250 1826 1288 1895 o),
1312 1825 1339 1878 id
1364 1832 1405 1880 est
1426 1826 1593 1881 exercituum
1617 1832 1670 1881 tam
1687 1826 1774 1882 coelc-

114 1919 300 1971 consecutam
313 1914 540 1970 mirericordiam
555 1915 582 1969 in
594 1914 754 1970 salvatione.
772 1915 802 1968 In
812 1914 920 1987 signum
971 1907 1056 1966 stium
1070 1928 1153 1984 quarn
1171 1920 1342 1968 terrenorum
1357 1914 1517 1986 reliquisset
1532 1916 1610 1971 nobis
1625 1931 1731 1981 semen,
1747 1915 1775 1971 id

113 2011 205 2059 autem
237 2002 375 2059 salvande
396 2003 556 2074 gentilitatis
570 2003 613 2060 hic
629 2003 700 2058 Osee
723 2002 920 2074 predicaturus
971 2009 1012 2055 est
1026 2000 1163 2056 Christum
1183 2017 1189 2055 ε
1207 2018 1288 2073 quem
1304 2009 1367 2057 autc
1383 2011 1507 2073 tempore
1531 2002 1570 2058 sic
1585 2004 1732 2068 constituit,
1749 2013 1776 2060 ει

113 2094 229 2149 salutern
245 2092 376 2164 gentium,
391 2093 484 2160 jussus
498 2100 538 2147 εει
553 2108 568 2148 a
597 2093 654 2147 Deo
681 2091 782 2147 ducere
808 2108 919 2147 uxorem
970 2089 997 2144 in
1013 2097 1135 2160 tempore
1150 2090 1242 2157 dedit;
1259 2091 1302 2148 vel
1318 2107 1422 2161 semen,
1439 2091 1521 2146 idest
1545 2093 1656 2147 verbum
1671 2093 1773 2163 praedi-

113 2181 315 2248 fornicationis,
331 2188 384 2238 etc.
405 2181 804 2254 locaborrtiquegentilitatem,
826 2186 854 2236 et
868 2181 919 2237 hoc
971 2179 1093 2245 cationis,
1118 2195 1169 2251 per
1190 2180 1261 2251 qnod
1285 2178 1446 2236 fructificant
1470 2180 1630 2248 credentes;
1657 2181 1700 2237 vel
1721 2181 1774 2237 nisi

112 2274 178 2336 erit,
191 2272 224 2326 in
236 2271 294 2327 loeo
305 2270 351 2325 abi
361 2270 468 2326 antam
479 2274 522 2325 ert
532 2271 605 2326 :Non
615 2271 690 2342 plebs
703 2286 827 2333 meauor,
840 2269 868 2324 id
878 2277 920 2324 εει
970 2267 1100 2323 Dominus
1115 2269 1268 2325 ascendens
1291 2269 1446 2341 reliquisset
1459 2269 1537 2324 nohis
1561 2285 1665 2340 semen,
1690 2269 1717 2324 id
1733 2279 1775 2326 εει

112 2360 139 2414 in
153 2367 214 2414 toto
229 2358 332 2413 mundo
345 2357 393 2412 uhi
406 2357 492 2413 ludaei
506 2358 593 2412 solum
615 2357 694 2430 plebs
716 2359 766 2414 Dei
780 2359 918 2414 vocabam·
970 2357 1119 2427 apostotos,
1132 2357 1178 2429 qui
1192 2357 1220 2412 in
1235 2357 1314 2413 nohis
1326 2358 1436 2415 verbum
1452 2356 1515 2413 tidei
1529 2358 1705 2429 seminarent,
1722 2375 1772 2415 nos

113 2453 171 2512 tar,
190 2445 309 2520 gentiles
332 2461 397 2501 vero
420 2461 474 2501 non
501 2446 601 2501 ibidem
627 2446 797 2501 vocabuntur
820 2446 918 2501 amodo
969 2445 1770 2517 utiquesactiessemnrsicntSodomaetsicutdamorrba,

115 2543 226 2608 gentes,
239 2534 288 2589 sed
303 2536 481 2591 uocabantur
494 2535 549 2604 filii
560 2535 611 2590 Dei
621 2535 686 2601 aivi,
698 2534 744 2610 qui
754 2535 835 2590 vitam
844 2543 921 2591 aeter·
964 2533 997 2599 ,id
1012 2542 1053 2590 cst
1066 2534 1174 2606 penitus
1185 2535 1415 2606 periclitaremur,
1431 2542 1458 2590 et
1468 2535 1575 2603 merito,
1593 2535 1655 2607 quia
1669 2535 1773 2593 similes

116 2640 182 2679 narn
198 2640 281 2696 quarn
295 2622 378 2677 hahet
392 2622 503 2678 daturus
526 2630 567 2677 est
589 2623 629 2677 eis
652 2639 720 2694 quos
736 2640 766 2678 er
787 2623 919 2679 electione
969 2620 1115 2678 fuissemus
1129 2624 1285 2694 spernendo
1304 2631 1438 2695 praecepta
1462 2624 1521 2679 Dei.

112 2712 233 2769 vocavit.
247 2711 296 2767 l'el
307 2712 343 2766 ita
360 2725 367 2765 z
383 2713 414 2767 in
425 2713 492 2778 loco,
504 2711 532 2766 id
543 2711 731 2777 estinlndaea,
749 2712 796 2767 ubi
809 2711 919 2768 dietam
1003 2709 1082 2780 Quod
1108 2712 1233 2783 superius
1256 2712 1323 2766 dixit
1355 2713 1389 2767 dc
1413 2712 1553 2768 vocatione
1577 2713 1699 2784 gentium
1722 2731 1773 2784 por

111 2807 153 2859 est
164 2803 243 2858 :Non
253 2800 843 2872 plebsmeavos:ibivoeabunturfiliibei3
854 2800 918 2872 quio
968 2797 1040 2854 Osee
1056 2800 1128 2871 (cap.
1145 2815 1175 2865 ιι,
1192 2800 1249 2870 23),
1274 2816 1308 2855 ne
1328 2800 1414 2856 ludaei
1438 2809 1571 2872 negarent
1594 2803 1647 2858 hoc
1669 2801 1773 2859 dictum

111 2900 138 2946 et
153 2889 309 2947 deludaeis
332 2888 411 2945 electi
431 2895 495 2943 sunt
514 2888 638 2959 apostoli,
663 2904 713 2959 per
737 2904 806 2960 quos
820 2896 917 2961 gentes
968 2903 1029 2943 esse
1044 2888 1078 2943 de
1101 2889 1239 2961 gentihus,
1262 2889 1311 2944 sed
1332 2889 1366 2944 de
1389 2905 1428 2956 se,
1454 2889 1500 2960 qui
1524 2889 1690 2946 multoticsc
1714 2891 1773 2947 Deo

109 2994 253 3036 conversae
269 2984 347 3043 sunt;
363 2984 389 3033 et
409 2977 437 3032 in
458 2976 551 3033 tadaea
570 2975 701 3048 originem
726 2977 843 3048 primam
863 2978 915 3033 ha·
968 2977 1123 3033 recedendo
1137 2994 1191 3033 non
1206 2978 1284 3049 plebs
1298 2977 1348 3034 Dei
1361 2977 1424 3033 lacti
1439 2987 1500 3033 sunt
1516 2996 1523 3034 :
1540 2979 1650 3049 exponit
1672 2978 1771 3035 Paulus

109 3068 166 3123 buit
195 3066 330 3123 Ecclesia.
928 3029 1108 3137 cquomodo
1140 3066 1174 3121 de
1198 3067 1324 3140 gentibus
1347 3068 1406 3122 haec
1429 3067 1512 3122 verba
1544 3074 1647 3121 tantum
1669 3075 1767 3140 agnat.

147 3158 295 3227 Postquam
317 3155 488 3211 vocationem
512 3154 636 3228 gentium
658 3154 819 3210 auctoritate
844 3154 917 3211 Osee
969 3153 1195 3226 Quandoquidem
1224 3155 1350 3226 superius
1384 3155 1558 3222 dictumest,
1584 3172 1638 3212 non
1662 3155 1769 3228 plebem

111 3244 294 3310 confirmavit,
309 3244 404 3315 probat
420 3261 470 3316 per
484 3244 583 3299 isaiam
598 3244 778 3300 salvationem
807 3244 917 3311 ludaeo-
968 3259 1056 3299 meam
1076 3244 1182 3300 vocabo
1205 3244 1313 3315 plebem
1335 3260 1434 3310 meam,
1456 3262 1520 3317 erqo
1543 3245 1609 3317 qaid
1624 3245 1770 3302 dicemus?

110 3351 184 3399 rum,
201 3342 230 3389 ει
246 3333 443 3389 convenienter
457 3333 624 3404 lrocprohat.
640 3332 762 3390 Gentiles
775 3333 848 3387 euim
863 3333 916 3386 im·
966 3333 1001 3386 Et
1025 3332 1162 3404 quomodo
1184 3334 1255 3388 hauc
1276 3333 1466 3388 anctoritatem
1498 3333 1688 3405 accipiemus?
1711 3334 1769 3390 lloc

110 3422 298 3495 properabant
315 3421 427 3492 ludaeis,
444 3423 518 3494 quod
541 3422 626 3478 semel
647 3421 727 3492 culpa
750 3437 799 3476 sua
814 3420 916 3492 repulsi
967 3421 1060 3493 utique
1074 3421 1101 3474 in
1117 3421 1210 3476 verbis
1229 3420 1301 3478 Osce
1316 3438 1493 3492 exponemus,
1511 3423 1582 3494 qaod
1595 3427 1693 3494 qenter
1707 3440 1768 3496 qare

109 3521 135 3567 ει
150 3510 303 3583 reprobati,
319 3511 434 3567 ulterius
450 3511 554 3584 indigni
576 3519 667 3568 essent
691 3509 839 3566 salvatione
854 3510 913 3564 Dei.
968 3526 1027 3565 non
1042 3511 1228 3566 sectabantur
1237 3511 1397 3581 justitiam,
1422 3511 1449 3566 id
1465 3520 1505 3566 cst
1520 3528 1581 3582 quae
1604 3528 1654 3567 nec
1678 3511 1768 3584 legcm

109 3601 183 3657 Οεεε
199 3599 241 3657 sic
255 3599 321 3656 dicit
336 3600 370 3655 de
385 3600 512 3671 gentibus
529 3616 535 3655 :
553 3601 641 3656 lanias
656 3604 752 3656 autem
767 3601 872 3655 elamat
889 3607 915 3654 et
972 3599 1117 3665 habebant,
1133 3615 1183 3654 nec
1199 3600 1270 3654 bono
1287 3599 1400 3654 rationis
1415 3615 1472 3654 suae
1496 3599 1650 3663 utebantur,
1666 3617 1769 3672 appre-

107 3689 228 3744 affirmat
240 3689 293 3744 hoc
307 3706 358 3761 pro
381 3690 469 3745 lsrael
488 3690 553 3761 (len.
576 3707 602 3757 x,
618 3689 674 3757 ιι),
699 3688 725 3743 id
741 3696 781 3743 εει
796 3703 846 3759 ριο
862 3689 913 3742 ho·
967 3687 1129 3758 henderunt
1144 3704 1200 3743 uon
1215 3704 1247 3744 ex
1263 3687 1369 3754 merito,
1396 3688 1492 3743 seder
1516 3687 1604 3758 gratia
1625 3687 1768 3761 ingerente

107 3778 235 3834 uorando
257 3778 370 3834 ludaico
403 3778 525 3848 populo,
545 3777 587 3833 cui
610 3777 748 3833 multoties
771 3776 841 3831 mala
865 3793 913 3831 sua
964 3777 1022 3847 ejus
1040 3778 1207 3848 justitiam:
1230 3793 1280 3832 nec
1302 3776 1438 3834 carnalem
1468 3774 1697 3845 justificationem,
1719 3778 1769 3833 sed

107 3867 317 3940 improperavit.
335 3867 392 3922 lloc
414 3866 506 3938 utique
530 3866 638 3921 clamat.
664 3867 702 3934 Si,
725 3866 751 3920 id
774 3873 815 3921 est
837 3865 910 3931 licct,
962 3867 1109 3932 iustitiam
1124 3869 1240 3937 quoeext
1254 3882 1291 3922 ex
1309 3866 1372 3936 fide.
1395 3866 1500 3920 Partem
1525 3866 1622 3920 iterum
1647 3865 1768 3922 auctori-

106 3959 201 4030 [uerit
215 3972 352 4011 numeras
366 3955 491 4025 filioram
506 3954 593 4011 lsrael
616 3954 829 4022 innumerabilis,
847 3959 912 4009 taa-
962 3953 1024 4007 totis
1039 3969 1120 4025 quam
1142 3953 1227 4009 lsaias
1249 3970 1300 4026 pro
1315 3954 1399 4009 lsrael
1422 3954 1554 4025 protulit:
1572 3955 1641 4010 hanc
1664 3954 1768 4011 scilicet

106 4045 403 4121 qrxamarenamcrir,
419 4043 750 4115 tamenreliqnioelsruel,
767 4042 793 4098 id
809 4043 911 4109 est,vi·
962 4043 1034 4113 qnod
1059 4058 1113 4098 non
1137 4043 1321 4098 numerositas
1351 4042 1466 4098 liliorum
1492 4043 1576 4099 lsrael
1606 4042 1765 4111 salvaretur,

105 4131 148 4187 les
164 4138 191 4186 ει
205 4128 312 4198 abiecti,
328 4128 375 4200 qui
389 4128 455 4182 nihil
466 4128 492 4181 ιιι
507 4127 664 4184 carnalitate
678 4127 748 4198 legis
763 4127 908 4195 confident,
961 4131 1118 4202 exsequitur
1132 4131 1278 4202 Apostolus
1292 4131 1419 4202 ponendo
1442 4147 1552 4187 causam
1568 4148 1652 4204 quare
1667 4147 1764 4203 repro-

105 4218 266 4288 hujusmodi
282 4217 402 4289 reliquiae
421 4219 505 4275 salute
519 4218 600 4287 pient.
618 4217 666 4272 Vel
678 4216 809 4288 reliquiae,
826 4216 853 4270 id
869 4223 911 4271 est
960 4218 1049 4283 betur,
1074 4219 1187 4275 dicens:
1214 4219 1317 4276 Gentes
1349 4219 1588 4291 apprehenderunt
1607 4219 1738 4291 Justitiam
1758 4235 1764 4274 :

105 4324 178 4380 quos
188 4307 264 4362 Deus
279 4305 331 4360 sibi
342 4305 460 4378 reliquit,
478 4312 505 4360 ει
519 4306 633 4361 idoneos
657 4304 798 4360 salvationi
815 4321 907 4360 reser—
959 4309 1008 4364 sed
1023 4309 1120 4372 lsrael,
1137 4307 1165 4363 id
1180 4315 1221 4363 est
1235 4308 1364 4365 luduicus
1386 4308 1502 4380 populus
1525 4308 1660 4365 sectando
1676 4309 1765 4379 leqem

105 4397 190 4463 ravit,
223 4395 249 4450 hi
273 4394 455 4450 salvabuntur.
483 4394 652 4462 Determinat
683 4393 794 4448 modum
815 4385 942 4449 salva-D
958 4396 1077 4452 carnalis
1095 4397 1230 4467 justitie,
1249 4413 1306 4453 non
1320 4398 1450 4470 peruenit
1466 4399 1497 4453 in
1515 4398 1602 4469 leqem
1616 4396 1764 4469 spiritualis

106 4485 200 4553 tionis,
234 4500 270 4538 ne
296 4499 347 4554 per
377 4482 468 4556 legem
494 4489 622 4554 putarent
645 4482 721 4538 57
742 4496 772 4536 se
800 4481 906 4536 salvari.
952 4486 1087 4557 justitie.
1100 4486 1153 4540 Sed
1169 4495 1254 4559 quare
1270 4485 1561 4556 uonpcrvenitildeo
1576 4488 1711 4558 quianon
1727 4502 1764 4542 ea

106 4575 179 4630 Vere
201 4572 286 4628 salvae
309 4571 373 4627 fient
397 4571 541 4644 reliquiae:
566 4587 627 4625 nam
655 4587 705 4641 per
732 4572 854 4636 verbum,
880 4570 908 4625 id
957 4573 1012 4643 fide
1027 4574 1141 4629 credidit
1156 4590 1186 4629 se
1198 4573 1352 4644 justificari,
1370 4574 1418 4629 scd
1445 4575 1619 4646 praesumpsit
1633 4576 1765 4647 quasiee

106 4672 149 4720 est
164 4679 216 4734 per
229 4661 381 4718 doctrinam
396 4658 470 4725 fidei,
485 4660 559 4733 quod
573 4659 685 4715 verbum
701 4667 760 4715 erat
773 4676 907 4716 concam·
958 4660 1086 4730 operibas
1101 4657 1356 4729 possetjustilrcari.
1372 4659 1406 4713 Et
1421 4658 1484 4731 quia
1502 4674 1556 4713 non
1582 4674 1616 4713 ex
1631 4657 1684 4713 lide
1699 4674 1761 4714 cre-

105 4751 247 4816 manx,›id
262 4758 303 4805 est
327 4748 448 4820 perfecte
470 4747 634 4820 justificans,
659 4749 731 4820 quod
755 4748 797 4803 lex
818 4747 907 4804 facere
958 4747 1085 4802 diderunt
1109 4763 1139 4802 sc
1161 4762 1243 4818 posse
1263 4745 1414 4816 justificari,
1438 4747 1499 4802 ideo
1520 4746 1711 4818 offenderunt,
1736 4747 1763 4802 id

105 4857 161 4897 non
176 4840 273 4912 potuit.
290 4839 347 4894 Erit
356 4838 436 4894 etiam
451 4839 614 4894 abbrevians
629 4845 656 4894 et
674 4845 811 4908 praecepta
825 4837 905 4910 legis,
958 4843 998 4890 εει
1014 4833 1191 4891 offensionem
1207 4835 1259 4889 sibi
1279 4836 1401 4892 feceruut
1415 4836 1447 4891 in
1468 4835 1598 4908 lapidem,
1619 4834 1647 4889 id
1670 4843 1712 4891 εει
1735 4835 1763 4890 ιιι

105 4946 167 5002 quae
180 4929 272 4984 omnia
287 4927 321 4984 ed
331 4927 504 4983 dilectionem
514 4926 564 4982 Dei
579 4934 605 4982 ει
619 4925 736 4997 proximi
751 4926 869 4991 reducet,
881 4934 907 4981 ct
958 4923 1104 4992 Christum,
1122 4924 1167 4996 qui
1181 4923 1249 4995 lapis
1264 4923 1322 4991 fuit,
1339 4923 1385 4996 qui
1409 4930 1435 4980 et
1450 4923 1574 4978 inimicos
1598 4931 1761 4989 contereret,
1803 4978 1808 4986 ,

103 5017 260 5084 monheim
284 5032 345 5088 quae
358 5016 449 5071 omnia
462 5016 498 5071 ad
512 5014 907 5087 unumsacrificirrmcorporis
957 5021 984 5067 et
994 5012 1020 5066 in
1036 5027 1091 5083 quo
1106 5010 1282 5067 fundamenta
1294 5013 1427 5082 justorum
1452 5012 1611 5068 consistent.
1632 5013 1762 5083 Lapidem

103 5106 205 5164 Christi
221 5105 338 5178 rediget.
362 5106 394 5160 Ilt
418 5121 453 5160 nc
475 5104 641 5177 quialegem
657 5104 840 5170 abbreviaret,
867 5103 906 5157 in·
957 5099 1020 5156 dico
1035 5101 1208 5171 offensionis,
1230 5101 1257 5155 id
1282 5108 1322 5155 est
1346 5101 1391 5172 qui
1416 5101 1485 5172 lapis
1510 5117 1560 5172 per
1583 5100 1761 5157 humilitatem

99 5198 204 5268 justum
228 5195 410 5265 judicaretur,
440 5195 492 5251 hoe
526 5195 648 5259 verbum,
681 5193 742 5248 ideo
774 5193 857 5258 addit,
874 5195 906 5248 in
957 5188 1343 5262 quamlrabuitaptusfuitin
1369 5205 1423 5260 quo
1445 5187 1617 5245 offenderent
1641 5189 1761 5260 superbi,

102 5287 240 5358 equitate
255 5302 262 5340 :
278 5284 343 5356 quic
354 5283 403 5339 etsi
418 5283 558 5338 abbreviat
573 5283 674 5355 legem,
695 5299 802 5355 aequum
817 5290 906 5338 tamen
956 5278 1164 5349 sicutscriptrrm
1176 5286 1216 5333 εει
1228 5278 1254 5331 in
1265 5277 1332 5332 lsaia
1349 5296 1355 5332 :
1374 5280 1442 5334 Ecce
1458 5295 1529 5348 pono
1543 5280 1575 5334 in
1592 5279 1668 5343 Sion,
1681 5277 1707 5331 id
1719 5287 1761 5332 est

101 5375 154 5431 erit
169 5383 197 5430 ει
208 5374 325 5444 justum.
343 5372 423 5443 Quod
438 5372 529 5444 palum
540 5379 582 5427 est
593 5388 625 5427 ex
636 5387 669 5427 eo
683 5371 756 5443 quod
771 5371 905 5426 Dominus
956 5368 983 5423 in
998 5370 1011 5422 J
1016 5367 1110 5423 udaico
1126 5368 1235 5439 populo,
1253 5368 1375 5439 lapidem
1390 5367 1564 5439 offerrsiania,
1580 5364 1607 5419 id
1624 5372 1666 5420 cst
1680 5366 1759 5420 Chri-

102 5465 193 5539 sacict
216 5463 271 5520 hoc
294 5461 407 5519 verbum
428 5459 626 5531 abbreviatum,
653 5459 721 5516 sicut
744 5459 846 5519 dictum
865 5467 906 5516 est
957 5465 1038 5526 stum,
1051 5461 1078 5514 et
1091 5460 1203 5532 petram
1215 5457 1420 5529 searrdatttlra.
1434 5471 1493 5524 vrrr,
1509 5455 1661 5522 tt;ll’etr.
1675 5468 1705 5522 rr,
1718 5456 1757 5526 7).
