3742 5986
105 190 156 245 bii
371 191 400 248 S.
425 188 602 249 BRUNONIS
624 186 948 247 ChRTHUSthORUM
968 186 1212 248 ntsttttnottts
1230 187 1310 248 OPP.
1332 189 1423 249 PARS
1445 191 1480 248 11.
1705 196 1756 252 bil

108 328 231 369 «omnes
245 313 408 386 prepositos
423 321 537 381 vestros,
554 319 580 370 et
594 328 690 368 omnes
713 319 831 369 sanctos.
848 312 940 373 διε-Α
954 317 1012 366 ιιιιιι
1034 311 1068 366 ad
1091 310 1164 378 iMos,
1193 311 1274 368 hodie
1298 311 1380 369 etiam
1403 320 1444 369 est
1466 320 1576 386 paratus
1599 314 1628 371 in
1657 316 1756 373 eodem

106 423 117 449 o
135 401 222 458 lutant
235 418 285 458 vos
299 403 334 459 de
356 402 433 459 ltalia
453 401 562 458 fratres.
579 401 668 457 Gratia
693 417 755 458 cura
776 400 903 456 omnibus
954 406 1084 470 quantum
1099 399 1134 455 ad
1149 415 1217 466 vos;
1233 401 1293 473 ipse
1312 403 1400 458 etiam
1413 417 1536 474 presens
1551 403 1604 460 erit
1616 406 1650 461 in
1664 405 1757 461 omnia

108 511 118 535 a
135 489 223 546 robis.
239 493 336 547 Arnen.
356 511 367 543 ι
954 490 1059 544 saecula
1082 488 1255 560 sperantibus
1277 489 1306 545 in
1323 505 1364 559 se,
1381 489 1480 562 quibus
1499 491 1558 547 ait:
1575 513 1587 544 ι
1604 493 1681 551 Ecce
1704 510 1755 550 vo-

426 576 584 618 ΕΧΡΟΒῙΤῙΟ·
954 575 1059 631 hiscum
1088 593 1148 632 sum
1185 594 1271 650 usque
1298 577 1333 632 ad
1360 579 1625 636 consummationem
1661 583 1756 639 saeouli

140 665 208 721 Cum
230 675 304 723 metu
325 674 352 723 et
374 667 527 724 reverentia
555 666 656 722 servite
678 666 747 722 Deo.
773 663 904 720 Charitas
955 664 1248 737 (Matthxxvrmihi.
1261 687 1272 717 s
1285 665 1755 741 lmitaminifidempraepositorum,

105 754 186 811 etiam
200 764 410 826 perseveranter
424 760 540 812 maneat
558 757 590 811 in
604 756 688 811 vobis.
705 753 826 810 Charitas
841 752 903 807 dico
954 761 1101 823 sequentes
1122 753 1274 809 doctrinam
1297 770 1402 811 eorum.
1432 756 1466 810 [it
1492 757 1631 814 doctrinis
1654 761 1754 828 vomis,

104 845 309 914 fraternitatis,
327 861 407 916 quam
431 844 585 899 fraternitas
607 843 736 914 reposcit.
751 843 809 897 Hoc
831 840 904 896 enim
955 857 1015 912 quae
1030 856 1101 896 nunc
1115 857 1199 896 unum
1212 857 1284 898 nunc
1299 843 1375 897 aliud
1390 854 1525 911 asserunt,
1542 849 1570 901 et
1583 847 1754 918 patanae,

104 931 177 1002 quod
192 930 290 987 fratres
304 933 370 987 estis
385 932 468 1004 exigit
482 940 510 987 ut
525 948 574 987 vos
588 931 705 987 invicem
721 929 858 1002 diligatis3
876 931 904 983 et
953 927 982 983 id
997 936 1038 984 est
1054 929 1190 984 extraneis
1213 930 1320 986 aliunde
1346 946 1457 1003 quama
1473 933 1553 988 nobis
1574 935 1755 1005 procedenti-

104 1020 193 1074 notite
203 1021 328 1076 oblivisci
338 1020 575 1093 hospitalitatem,
585 1036 644 1091 quae
653 1027 694 1074 est
705 1034 770 1089 pars
781 1016 903 1073 charita·
954 1016 1005 1070 bus
1017 1035 1025 1082 3
1036 1016 1088 1083 bis,
1100 1018 1222 1089 inquam,
1234 1018 1365 1074 doctrinis
1376 1021 1466 1077 nolite
1478 1021 1581 1078 abduci
1590 1022 1626 1077 ab
1637 1039 1672 1078 eo
1683 1024 1755 1096 quod

104 1105 148 1172 tis,
164 1106 191 1161 iu
207 1124 259 1178 qua
274 1108 337 1163 olim
357 1107 489 1164 valuistis.
506 1109 559 1163 Per
582 1108 635 1163 hoc
659 1107 734 1179 quod
756 1106 803 1172 ait,
820 1104 903 1160 nolite
954 1104 1063 1159 anobis
1078 1104 1231 1176 accepistis.
1246 1106 1332 1161 Erant
1353 1107 1426 1163 enim
1449 1108 1559 1180 quidam
1580 1111 1752 1178 seductores,

104 1194 238 1265 oblivisci,
255 1197 346 1268 signat
360 1213 409 1252 eos
432 1197 509 1267 prius
534 1196 648 1250 devotos
663 1195 691 1249 iu
711 1193 901 1264 hospitalitate,
954 1193 1000 1265 qui
1015 1193 1243 1265 dogmatizabant,
1261 1211 1294 1251 ex
1310 1211 1343 1251 eo
1359 1197 1432 1268 quod
1451 1198 1551 1253 Paulus
1565 1214 1662 1255 omues
1678 1200 1755 1256 cibos

104 1298 177 1338 nunc
192 1283 321 1339 remissos
336 1301 408 1339 esse.
425 1284 490 1339 ldeo
515 1283 643 1338 sectanda
658 1289 699 1338 est
722 1281 903 1352 hospitalitas,
953 1282 1070 1337 mundos
1099 1298 1160 1338 esse
1189 1290 1215 1338 et
1244 1281 1426 1340 sanctificatos
1453 1301 1469 1340 a
1497 1287 1556 1342 Deo
1578 1287 1703 1356 dixerat,
1728 1296 1756 1344 ut

104 1373 169 1443 qaia
183 1388 235 1443 per
253 1373 326 1428 hano
340 1373 466 1428 virtutem
479 1374 653 1444 placuerant
668 1373 782 1444 qnidam
796 1373 863 1436 Deo,
875 1376 904 1424 ut
953 1377 1055 1441 quanto
1069 1370 1157 1443 magis
1169 1370 1370 1444 ingurgitarent
1384 1381 1507 1430 ventrem
1526 1374 1663 1446 opulentia
1678 1393 1754 1434 asoa-

104 1460 241 1514 hbraham
260 1468 287 1515 ει
310 1461 367 1525 Lot,
394 1476 463 1531 quos
485 1460 559 1515 Deus
582 1459 646 1515 inde
667 1457 830 1531 significavit
851 1457 903 1511 sibi
953 1474 1024 1526 rum,
1041 1465 1115 1514 tauto
1130 1459 1220 1532 magis
1235 1469 1326 1516 essent
1340 1461 1409 1534 grati
1423 1462 1490 1529 lieo,
1508 1464 1662 1536 quiomnes
1676 1465 1754 1522 cibos

104 1546 250 1618 placuisse,
268 1548 373 1620 angelis
397 1548 514 1619 receptis
531 1547 660 1619 hospitio.
676 1548 740 1603 ldeo
765 1547 836 1602 enim
851 1562 903 1601 an·
954 1545 1170 1603 sanctificaverat
1194 1548 1229 1603 ad
1252 1550 1398 1605 edendum.
1420 1551 1487 1608 lnde
1509 1552 1546 1607 ait
1562 1569 1569 1608 :
1585 1553 1678 1610 Nolite
1699 1556 1753 1610 hu-

103 1636 182 1706 gelos
205 1652 269 1692 suos
293 1636 412 1707 immisit,
429 1637 506 1708 quasi
528 1637 659 1707 hospites,
676 1644 703 1691 ut
719 1652 768 1706 per
781 1637 835 1691 hoc
849 1637 902 1691 ho·
916 1664 942 1724 B
951 1635 1071 1705 jusmodi
1089 1635 1220 1691 doctrinis
1243 1637 1352 1708 abduci,
1369 1641 1436 1711 qaia
1455 1643 1595 1712 optimum
1620 1647 1673 1710 est,
1699 1659 1754 1700 non

105 1723 281 1794 spitalitatem
295 1733 400 1796 gratam
416 1725 467 1779 sibi
478 1741 540 1780 esse
554 1731 762 1797 cognoscerent.
779 1723 903 1779 Charitas
953 1738 1062 1795 corpus,
1080 1724 1128 1780 sed
1143 1740 1192 1781 cor
1206 1725 1321 1781 stabiliri
1336 1735 1363 1782 et
1377 1727 1530 1784 confirmari
1548 1732 1652 1802 pratia,
1670 1732 1755 1788 idest

104 1821 214 1868 maneat
223 1813 250 1867 in
261 1813 349 1869 vobis.
363 1815 531 1869 Mementote
541 1813 624 1869 etiam
639 1815 809 1878 vinetorum,
819 1812 847 1867 id
862 1818 904 1867 εει
952 1829 984 1868 ει
999 1812 1125 1868 libertate
1139 1829 1221 1885 quarn
1236 1814 1309 1870 Deus
1320 1814 1408 1870 intulit
1422 1817 1501 1872 nobis
1515 1818 1543 1872 in
1559 1836 1609 1874 usu
1618 1821 1753 1888 omnium,

105 1900 147 1954 his
170 1901 331 1968 ministrate,
349 1902 395 1974 qui
422 1902 450 1957 in
477 1901 594 1958 vinculis
617 1900 817 1972 opprimuntur,
835 1905 903 1955 tan·
952 1918 1037 1973 qaam
1053 1900 1167 1955 stabiliri
1183 1904 1263 1965 escis,
1278 1901 1306 1958 id
1321 1911 1363 1958 εει
1376 1904 1601 1976 multiplicatione
1625 1909 1754 1980 volupta-

103 2006 188 2063 qaam
203 1992 290 2047 simul
304 1993 403 2057 vincti,
420 1990 448 2046 id
464 1997 505 2046 est
520 2006 657 2045 memores
672 2005 721 2045 vos
737 1988 817 2044 simul
841 2005 902 2044 esse
951 1988 996 2056 tis,
1006 2007 1067 2062 poe
1077 2005 1148 2045 escae
1158 2007 1217 2046 non
1225 1994 1397 2063 profuerant
1407 1993 1622 2052 ambulantibus
1631 1997 1664 2053 in
1674 1998 1754 2054 rolu-

104 2078 220 2145 xiuctos,
238 2078 302 2150 quia
327 2079 349 2133 si
363 2078 402 2132 illi
416 2079 444 2132 in
460 2093 583 2146 carcere,
598 2093 647 2134 ros
670 2077 753 2133 vincti
778 2076 903 2132 molestia
952 2077 1081 2148 ptatibus,
1098 2086 1124 2133 et
1138 2094 1222 2149 supra
1236 2080 1348 2135 modurn
1363 2080 1454 2137 locum
1464 2083 1591 2138 dantibus
1606 2085 1657 2141 eis.
1672 2086 1754 2142 Escis

105 2167 207 2223 carnis.
224 2167 274 2222 Vel
287 2167 325 2221 ita
343 2184 349 2222 :
365 2167 529 2222 Mementote
542 2166 695 2222 vinctorum
720 2172 848 2237 tanquam
863 2165 902 2220 si·
952 2165 1045 2237 utique
1068 2181 1123 2221 non
1147 2167 1279 2223 debemus
1303 2184 1352 2225 cor
1375 2170 1505 2238 stabilire,
1530 2172 1595 2244 quia
1620 2173 1754 2231 hahemus

105 2255 162 2309 mul
178 2255 270 2320 vincti,
286 2254 315 2309 id
330 2263 371 2310 est
386 2255 454 2310 sicut
476 2254 582 2311 velletis
607 2254 747 2310 reminisci
771 2254 864 2320 vestri,
880 2254 903 2308 si
952 2253 1055 2321 attare,
1072 2254 1100 2308 id
1115 2263 1157 2310 est
1171 2271 1269 2326 corpus
1294 2257 1401 2324 Christi,
1418 2259 1490 2330 quod
1505 2259 1533 2314 in
1548 2259 1628 2316 altari
1651 2243 1773 2321 conse-⁸

106 2343 230 2399 similiter
244 2344 272 2398 in
287 2343 403 2401 maculis
423 2343 528 2400 essetis.
545 2344 708 2399 Mementote
731 2343 811 2398 etiam
827 2344 903 2400 taba·
953 2349 1065 2409 cratur3
1088 2359 1170 2413 supra
1196 2344 1270 2414 quod
1293 2345 1474 2416 principatum
1498 2364 1513 2402 a
1537 2348 1616 2404 nobis
1637 2357 1703 2407 vota
1727 2359 1754 2407 ει

105 2433 236 2490 raatiam
251 2448 414 2505 quocunque
428 2449 529 2505 genere
543 2433 688 2488 mundana
702 2431 819 2487 miseriae
835 2436 903 2486 tan·
952 2430 1091 2486 orationes
1105 2431 1163 2486 Deo
1187 2431 1336 2488 offerimus.
1352 2436 1391 2490 lie
1404 2452 1457 2507 qao
1482 2436 1569 2506 altari,
1586 2439 1672 2494 idest
1687 2455 1752 2496 cor·-

106 2539 190 2595 qaam
205 2526 233 2577 et
247 2523 302 2593 ipsi
316 2521 473 2578 laborantes
484 2521 540 2593 sitis
552 2541 559 2590 ;
572 2522 644 2593 quod
654 2520 770 2577 idemait
779 2519 902 2577 412
952 2534 1019 2590 pore
1030 2519 1130 2574 Christi
1140 2537 1198 2575 non
1209 2521 1492 2595 habentpotestatam
1502 2526 1583 2583 edera
1592 2527 1752 2602 canaeque

107 2619 235 2682 tanquam
244 2615 389 2667 morantes
403 2613 435 2666 in
450 2627 575 2683 corpore.
586 2609 748 2682 Quicunque
759 2609 831 2665 enim
840 2625 903 2680 pre·
953 2607 1115 2663 deserviant
1127 2608 1321 2677 tabernaculo,
1330 2610 1406 2666 idest
1416 2614 1751 2686 corporisxoluptatibus3

106 2698 188 2753 mitur
201 2715 284 2754 onere
299 2699 398 2765 carnis,
412 2715 550 2770 nunquam
566 2715 665 2769 expers
679 2705 721 2754 εει
735 2715 863 2754 aerumnae
878 2706 904 2753 et
953 2694 993 2751 sic
1013 2696 1086 2751 enim
1110 2697 1205 2752 horam
1229 2698 1353 2753 mansuri
1376 2716 1470 2756 sumus
1490 2701 1518 2756 iu
1542 2717 1665 2774 corpore,
1682 2705 1754 2760 sicut

105 2786 216 2843 laboris.
234 2786 367 2843 Sit-etiam
383 2789 414 2843 in
429 2787 559 2843 omnibns
572 2786 649 2843 vobis
664 2786 825 2843 honorabile
838 2803 904 2842 eoa·
952 2781 1032 2838 miles
1046 2782 1073 2837 in
1096 2784 1271 2841 tabernaculo
1286 2786 1404 2842 militari,
1421 2788 1522 2844 Probat
1535 2790 1638 2861 duplici
1654 2800 1753 2848 aucto-

105 2877 224 2932 aabiam
234 2895 244 2944 ;
258 2874 303 2931 hic
327 2883 448 2931 removet
470 2874 687 2931 fornicationem.
711 2876 746 2929 Et
770 2874 904 2945 conjugiis
954 2871 1034 2927 ritate
1048 2873 1149 2928 veteris
1167 2873 1296 2945 primum,
1312 2875 1412 2931 deinde
1435 2892 1513 2934 nova
1528 2879 1608 2951 legis,
1625 2881 1753 2936 eamdem

105 2965 251 3023 celebratis
275 2965 310 3020 sit
333 2969 411 3031 toras
435 2965 656 3031 immacalatam
673 2963 717 3019 hic
741 2963 904 3019 adulterium
955 2976 1065 3016 sensum
1078 2960 1106 3015 in
1119 2969 1233 3034 utraque
1258 2963 1391 3036 colligens
1415 2966 1575 3022 auctoritate
1598 2969 1671 3040 quod
1687 2985 1753 3041 pro·

105 3054 221 3111 abdicat.
238 3054 303 3110 Ideo
317 3069 416 3110 moneo
441 3053 587 3119 connubia,
604 3053 758 3109 castitatem
780 3052 839 3118 tori,
856 3069 904 3108 re·
920 3021 1034 3117 cmisit,
1051 3049 1146 3105 dicens
1163 3067 1169 3106 :
1185 3052 1256 3107 Vere
1271 3051 1317 3122 qui
1332 3052 1489 3110 deserviunt
1503 3055 1680 3113 tabernaculo
1700 3074 1752 3115 vo-

104 3140 240 3195 moxcndo
264 3137 472 3195 fornicationem
492 3145 519 3192 et
543 3136 715 3203 adulterium,
741 3139 807 3210 qnia
830 3139 904 3194 Dans
952 3135 1073 3208 luptatis,
1089 3153 1145 3193 non
1158 3138 1260 3195 habent
1275 3138 1429 3197 facultatem
1449 3144 1530 3199 edera
1545 3145 1579 3200 de
1594 3145 1648 3202 hoc
1662 3146 1753 3219 altari,

100 3227 253 3300 judicabit,
265 3228 294 3282 id
304 3235 345 3283 est
355 3226 494 3282 damnabit
503 3228 691 3299 fornicatores
701 3230 728 3282 ot
739 3227 903 3295 adiabaros,-
953 3225 1000 3297 qui
1022 3241 1077 3282 non
1101 3234 1164 3282 sunt
1186 3235 1262 3284 extra
1290 3236 1387 3297 castra,
1405 3230 1434 3286 id
1457 3238 1497 3287 est
1517 3233 1580 3304 quia
1602 3236 1753 3291 secundum

104 3332 160 3372 non
183 3317 255 3388 quod
280 3315 426 3372 homicidia
441 3315 587 3387 etreliqua
609 3315 682 3370 mala
702 3315 825 3385 judicare
848 3331 904 3371 non
952 3313 1125 3372 dimissiones
1154 3316 1324 3388 voluptatum
1344 3334 1399 3374 non
1424 3329 1523 3376 exeant
1547 3337 1665 3394 corpora
1692 3341 1751 3382 sua.

105 3406 211 3473 debeat,
229 3405 277 3461 sed
292 3421 364 3462 nunc
379 3406 413 3461 de
427 3405 470 3460 bis
485 3404 592 3460 duobus
610 3412 714 3460 tantum
729 3419 818 3459 sermo
833 3411 900 3459 erat.
953 3401 1032 3472 Quod
1043 3402 1080 3459 ita
1090 3404 1125 3458 ait
1138 3407 1258 3462 :Moram
1271 3407 1443 3465 animalium
1454 3413 1755 3482 qaorumsanpaisin·

104 3495 191 3552 Mares
204 3495 286 3551 etiam
300 3497 388 3552 vestri
403 3497 462 3551 sint
477 3495 538 3551 sine
552 3495 683 3561 avaritia,
695 3501 787 3549 utnon
798 3508 902 3549 conou—
952 3493 1048 3562 fertur
1068 3509 1118 3564 per
1150 3494 1314 3566 pontificem
1337 3498 1369 3551 in
1394 3498 1500 3554 Sancta
1527 3507 1684 3555 sanctorum
1701 3517 1753 3574 pro

104 3582 216 3655 piscatis
231 3583 379 3655 superflua.
396 3584 451 3640 Vos
466 3583 528 3639 dico
544 3584 675 3638 contenti
693 3582 902 3654 praeentiam,-
949 3581 1338 3651 peccatopopulidelando,et
1348 3584 1401 3640 hoc
1411 3585 1495 3641 semel
1505 3585 1532 3641 in
1544 3602 1626 3643 anno.
1648 3590 1755 3659 Momm

105 3673 156 3727 Dei
171 3673 243 3728 enim
258 3681 300 3728 εει
323 3672 464 3743 providere
489 3672 525 3727 dc
545 3671 682 3727 crastinis.
707 3670 818 3725 Debetis
841 3685 902 3725 esse
952 3668 1753 3743 animaliumcorporacremantureatracastraMoserat

107 3761 166 3816 sine
180 3761 300 3816 auaritia.
317 3761 377 3832 lpse
391 3763 469 3816 anim
481 3761 555 3814 Deus
568 3760 646 3814 atati
655 3759 690 3813 ad
704 3759 796 3824 losue,
813 3765 839 3813 et
853 3774 903 3829 per
952 3755 1034 3826 (sicut
1047 3773 1119 3827 saepe
1135 3757 1182 3812 fati
1199 3760 1304 3830 sumus)
1319 3768 1348 3814 ut
1361 3761 1482 3831 pontifex
1503 3763 1600 3836 legalis
1623 3765 1711 3822 semel
1725 3765 1754 3820 in

106 3865 169 3905 earn
183 3849 217 3902 ad
231 3864 341 3903 ornnem
355 3847 474 3902 fidelem.
490 3846 513 3902 0
529 3855 557 3901 tu
570 3847 663 3914 lasne,
677 3862 725 3900 seu
749 3845 902 3917 quicunque
952 3859 1024 3900 anno
1039 3845 1200 3918 sanguinem
1221 3846 1333 3903 inferret
1347 3848 1374 3902 in
1390 3849 1488 3905 Sancta
1510 3860 1679 3909 sanctorum.
1703 3855 1754 3911 Hie

105 3936 205 4002 fidelis,
217 3951 269 4007 ego
280 3952 338 3992 non
357 3937 485 3991 deseram
502 3939 528 3990 te
544 3934 651 4005 penitus
662 3934 803 4002 abiectum,
814 3951 903 4007 nepae
952 3940 1044 3987 autern
1059 3935 1172 4007 sanguis
1187 3937 1378 3992 assumebatur
1392 3938 1426 3993 de
1437 3938 1559 3996 413
1575 3941 1750 4009 animalibus,

106 4025 203 4080 saltem
217 4023 308 4095 aliqua
322 4024 388 4078 hora
402 4023 597 4095 derelinqaam
613 4030 638 4078 te
648 4022 797 4092 inadjutum
810 4041 817 4090 3
829 4024 902 4079 Deus
953 4029 1029 4077 extra
1042 4030 1131 4077 castra
1145 4025 1285 4080 crematis.
1301 4025 1424 4081 Pontifex
1447 4035 1536 4082 autem
1558 4029 1606 4085 ille
1629 4031 1752 4087 Christus

105 4114 158 4170 hoc
172 4112 237 4168 dixit
251 4113 304 4181 ita,
317 4116 350 4168 at
365 4126 449 4182 supra
464 4112 516 4166 boc
530 4111 601 4183 quod
616 4111 693 4182 prius
703 4111 821 4166 diximus
834 4127 839 4166 :
851 4127 902 4167 uos
953 4119 1003 4176 est,
1027 4111 1073 4182 qui
1096 4127 1146 4182 pro
1170 4122 1282 4182 peccato
1303 4115 1423 4170 omnium
1447 4115 1564 4172 delendo
1588 4121 1752 4192 sanguinem

105 4201 208 4258 scilicet
223 4208 365 4258 contentos
381 4216 443 4256 esse
458 4200 646 4278 praesentibus,
662 4217 733 4256 nunc
757 4201 902 4270 confidem·
953 4214 1032 4254 suum
1047 4198 1074 4254 in
1088 4215 1171 4256 cruce
1193 4199 1282 4256 fusum
1306 4200 1395 4256 intulit
1418 4204 1446 4258 in
1460 4204 1558 4260 Sancta
1577 4216 1747 4264 sanatorum.

106 4294 151 4346 ter
160 4291 287 4347 dhamas
299 4311 308 4347 .·
320 4293 456 4347 Dominus
466 4294 508 4346 est
518 4289 590 4345 mitri
602 4290 724 4362 adjutor,
736 4294 764 4345 et
774 4289 834 4346 ideo
844 4305 902 4346 non
953 4285 1032 4356 Quod
1046 4295 1138 4343 autem
1152 4288 1218 4344 illud
1232 4289 1332 4345 animal
1348 4292 1520 4347 cremebatur
1534 4301 1563 4348 ut
1578 4295 1647 4351 ciuis
1662 4294 1750 4365 fieret,

106 4380 206 4436 amam
221 4379 287 4451 qaid
300 4382 392 4450 saciat
407 4379 480 4435 mihi
494 4380 583 4447 homo,
601 4378 719 4434 etiamsi
742 4378 818 4434 tollat
830 4394 903 4450 prae-
916 4376 1062 4449 Dsignum
1091 4385 1151 4433 erat
1175 4378 1346 4433 contritionis
1371 4379 1481 4448 Christi,
1504 4398 1586 4452 quam
1616 4385 1752 4453 sustinuit,

105 4468 203 4523 sentia.
954 4464 1022 4522 einis
1043 4465 1130 4535 cujus,
1147 4465 1174 4520 id
1189 4473 1230 4521 εει
1244 4466 1378 4522 memoria
1392 4468 1529 4539 passionis
1549 4471 1629 4527 debet
1644 4474 1754 4547 aspergi

142 4557 308 4612 Mementote
317 4557 405 4612 etiam
414 4557 629 4627 praepositorum
639 4557 903 4626 oeatr·oram,utejus
953 4569 1034 4624 super
1049 4553 1146 4624 capita,
1162 4554 1189 4608 id
1205 4555 1290 4610 estin
1311 4556 1447 4612 mentibus
1468 4557 1646 4631 singulorum.
1673 4561 1752 4630 Quod

87 4711 89 4716 ,
104 4644 323 4713 conformemini,
335 4646 384 4717 qai
395 4645 484 4700 locati
493 4648 562 4699 sunt
572 4644 766 4699 octavarium
777 4645 828 4699 Dei
837 4662 903 4717 qao·
953 4649 1030 4697 extra
1043 4649 1135 4698 castra
1149 4643 1330 4710 cremabatur,
1350 4644 1523 4717 significabat
1538 4663 1645 4704 omnem
1657 4650 1755 4706 volen-

103 4752 169 4792 ram
180 4737 302 4803 exitam,
312 4733 341 4788 id
349 4731 480 4789 estfiuem
490 4731 592 4787 bonum
602 4733 829 4788 esseintaentos.
840 4733 903 4787 lixi-
952 4738 1006 4785 tem
1021 4730 1147 4785 mundari
1161 4739 1298 4802 oportere,
1315 4740 1344 4788 ιιι
1358 4743 1436 4789 exeat
1457 4742 1534 4790 extra
1558 4745 1649 4792 castra
1663 4737 1691 4792 id
1713 4745 1756 4794 εει

103 4832 159 4879 tum
174 4823 236 4880 dico
252 4822 484 4887 conversationis,
501 4820 527 4875 id
543 4827 585 4876 est
598 4819 677 4876 bonae
695 4820 861 4893 operationis
875 4822 903 4876 in
952 4818 1079 4875 carnales
1094 4819 1256 4891 voluptates.

102 4928 155 4984 qua
170 4919 375 4968 conversantur.
392 4911 551 4966 imitamini
564 4908 681 4980 primum
696 4908 780 4978 fidem
796 4925 901 4975 eorum,
987 4908 1067 4963 Nunc
1102 4908 1241 4982 subjungit
1269 4909 1339 4965 Novi
1367 4912 1531 4967 Testamenti
1565 4914 1755 4971 auctoritatem

103 5007 132 5054 ut
147 4999 187 5055 sic
201 5000 272 5055 bona
287 4999 459 5056 conversatio
475 5005 502 5053 et
516 4998 603 5052 bonus
618 4997 705 5052 exitus
730 4997 854 5057 similiter
869 4997 904 5052 sit
951 4993 1025 5051 idem
1039 5011 1100 5051 cum
1118 4996 1209 5052 Veteri
1224 4997 1385 5055 sentientem
1403 4999 1498 5056 dicens
1517 5016 1522 5055 :
1541 5004 1660 5074 Propter
1683 5005 1756 5076 qaod

102 5087 130 5143 in
146 5086 234 5143 vobis.
251 5087 378 5144 Dicerent
389 5087 428 5142 illi
443 5105 449 5141 :
466 5087 527 5142 Non
546 5102 692 5156 possumus
706 5085 902 5157 perfectionem
952 5085 1184 5155 comprobandum
1204 5085 1317 5157 scilieet,
1334 5087 1407 5159 quod
1432 5088 1477 5159 qui
1503 5089 1679 5147 tabernaculo
1703 5092 1755 5149 dc·

103 5191 199 5233 eorum
213 5175 300 5246 sequi,
318 5175 382 5246 quia
400 5174 462 5246 ipsi,
479 5174 513 5228 ab
527 5173 587 5245 ipso
603 5173 711 5229 Christo
733 5174 833 5242 edocti,
850 5175 902 5229 ha·
952 5172 1084 5242 serviunt,
1100 5189 1155 5228 non
1178 5173 1280 5230 habent
1303 5176 1384 5231 edere
1400 5175 1434 5231 de
1449 5177 1502 5233 boc
1521 5177 1610 5245 altari,
1627 5180 1671 5235 vel
1685 5196 1754 5251 pro-

102 5265 188 5321 liuere
203 5263 331 5332 majorem
347 5262 513 5319 affluentiam
535 5262 630 5335 gratim
650 5277 731 5333 quam
745 5278 796 5317 nos
811 5262 902 5333 possi·
951 5267 1013 5331 pter
1027 5262 1098 5333 quod
1113 5260 1316 5334 praetiguratum
1331 5265 1358 5318 iu
1374 5264 1557 5330 veterinum
1570 5267 1751 5338 implendum.

102 5370 164 5409 mus
186 5352 298 5409 babere.
315 5352 357 5407 hd
373 5351 424 5407 hoc
446 5350 544 5406 Paulus
561 5366 568 5405 :
584 5352 666 5416 liene,
683 5350 778 5422 inquit,
803 5350 903 5405 imitari
951 5351 1030 5407 tasas
1041 5350 1121 5405 etiam
1128 5367 1230 5423 passas
1241 5356 1283 5409 est
1293 5357 1377 5409 astra
1386 5357 1512 5425 portam,
1521 5355 1678 5428 significans
1689 5373 1754 5429 par-

102 5441 235 5514 potestis;
252 5443 331 5498 tasas
355 5439 481 5518 Christos
505 5438 578 5497 enim
593 5438 639 5512 qui
662 5437 712 5494 fuit
727 5439 797 5506 heri,
814 5455 902 5512 quan·
952 5436 1093 5510 ticipantes
1108 5439 1184 5497 altari
1210 5456 1259 5499 suo
1281 5441 1382 5498 debere
1406 5437 1468 5497 ficri
1490 5450 1567 5500 extra
1589 5453 1707 5516 portam,
1723 5447 1754 5503 id
