3742 5986
99 219 172 277 tibi
534 217 563 274 S.
584 212 742 274 flooortts
759 211 871 270 nrtsc.
889 208 1053 269 LINGOLN.
1072 207 1155 267 oliti.
1175 207 1300 266 diarii
1700 203 1774 257 lldd

103 338 245 398 hominnm
258 338 443 412 prudentiam,
458 345 536 413 qesta
555 337 641 395 luisse
663 337 730 409 ipsis
750 333 1098 398 visceribushcessabant
1111 331 1183 390 cerei
1209 337 1335 387 naturam
1357 328 1495 402 propriam
1516 326 1705 400 degliscente
1721 339 1772 395 per

105 444 170 487 mox
192 427 332 500 patefactis
355 426 468 494 claruit;
492 425 619 482 diuinitus
642 433 742 493 tamem
758 432 787 480 ut
800 423 839 479 ita
852 422 903 480 fie·
953 421 1051 478 merita
1077 420 1166 476 sancti
1193 418 1322 491 qualitate
1353 416 1480 474 elementi
1507 414 1643 486 triplicis.
1676 412 1773 468 Fletus

106 523 159 586 ret,
174 515 336 587 dispositum
349 514 484 571 exstitisse
498 514 534 570 ad
548 513 665 587 gloriam
687 512 753 580 Dei,
768 511 814 585 qui
828 526 904 568 sem·
955 509 1056 582 quippe
1066 523 1172 574 aereus,
1184 509 1286 562 humor
1298 505 1452 577 aquaticus,
1464 511 1491 560 et
1499 502 1641 575 splendor
1655 501 1771 575 ignens,

106 620 158 678 per
171 611 213 660 eat
226 603 254 658 in
268 602 371 660 sanctis
386 601 566 671 admirabilis,
592 601 628 658 ad
649 602 782 657 honorem
797 613 905 672 quoque
955 596 1132 668 triumphanti
1151 594 1252 651 Christi
1274 593 1353 648 militi
1377 592 1449 648 mira
1462 591 1667 662 dependebant
1681 589 1772 644 obse-

107 691 230 762 eiusdem
242 691 318 747 servi
332 690 384 756 sni,
411 690 489 746 uaria
504 697 565 761 post
578 690 637 745 hoec
660 689 764 744 ratione
777 686 903 743 innotuit.
955 684 1029 758 quia.
1057 684 1159 740 Praeter
1186 682 1348 739 sacratiores
1378 695 1443 737 vero
1469 679 1590 735 aliorum
1619 678 1659 733 de
1683 675 1773 732 tantis

106 780 143 836 Et
156 778 266 852 quidem
289 785 373 847 tuuc,
398 777 444 832 ubi
467 793 548 832 manu
569 776 726 848 chirurgica
741 775 802 847 ipsa
816 765 907 829 intrass
955 787 1070 844 operum
1094 771 1144 827 Dei
1166 769 1340 842 magnalibus
1354 766 1521 833 sententias,
1551 766 1631 822 bano
1655 762 1772 819 interim

107 881 222 924 neorum
246 873 353 922 secreta
375 872 536 937 patuerant,
560 864 671 920 inventa
694 870 757 919 sunt
771 861 821 917 illa
840 860 908 916 nihil
957 859 1119 931 simplicium
1147 857 1211 914 fidei
1237 855 1446 914 commendasse
1473 852 1611 920 sufficiat,
1628 852 1699 924 quia
1715 865 1773 908 non

106 953 252 1025 superflua
267 951 445 1019 collectionis,
461 951 583 1024 nihilque
596 966 707 1023 prorsus
721 948 862 1016 concreti,
878 955 908 1003 ut
956 947 1093 1003 immerito
1116 947 1176 1018 ipse
1198 952 1309 1002 sanctus
1323 952 1377 999 tam
1387 942 1508 1013 jucundo
1522 940 1642 997 luminis
1662 941 1774 996 honore

109 1040 220 1108 assolet,
246 1039 367 1097 humoris
382 1039 453 1094 intra
468 1055 498 1095 se
512 1038 658 1096 retinentia
675 1037 834 1103 continere,
858 1034 908 1091 sed
958 1036 1101 1092 decoratus
1114 1033 1250 1106 apparuit,
1266 1031 1327 1105 qui,
1343 1031 1377 1087 ad
1391 1030 1476 1087 decus
1489 1029 1584 1084 matris
1600 1028 1667 1084 reri
1683 1026 1772 1083 lumi·

108 1127 155 1184 tali
184 1127 302 1202 quodam
329 1125 477 1198 purissimo
504 1126 592 1183 nitore
619 1124 810 1197 perlucebant,
838 1139 870 1180 ac
884 1122 909 1177 si
959 1123 1001 1179 nis
1015 1129 1207 1195 perpetueque
1222 1119 1360 1192 Virginis,
1381 1125 1510 1175 consueta
1524 1115 1669 1174 Ecclesiae
1683 1114 1774 1187 ipsius

107 1215 223 1288 plurima
236 1213 354 1272 hominis
374 1214 516 1287 diligentia
528 1213 621 1269 abluta
635 1221 737 1280 essent,
749 1219 775 1268 et
787 1211 909 1284 undique
959 1210 1111 1279 luminaria,
1127 1209 1277 1278 adjectione
1291 1207 1439 1263 admodum
1452 1219 1623 1273 numerosa,
1641 1202 1775 1260 cumula·

108 1310 233 1376 purgata.
256 1303 324 1359 Erat
347 1301 469 1373 prolecto
483 1300 554 1356 istud
568 1299 693 1357 mirabile
713 1299 742 1355 in
763 1298 850 1355 oculis
867 1298 910 1353 in·
960 1298 1007 1355 vit.
1024 1296 1207 1354 lincolniensi
1219 1310 1336 1367 namque
1352 1294 1519 1350 thesaurario
1533 1290 1651 1364 amplos
1664 1290 1695 1346 in
1720 1291 1776 1346 hoc

109 1389 251 1457 tuentium,
268 1389 317 1446 sed
330 1389 402 1460 apud
417 1389 550 1461 quosdam
573 1387 709 1460 levigabat
730 1385 837 1458 pondus
859 1384 911 1442 mi.
960 1386 1049 1457 ipsum
1077 1384 1227 1457 assignavit
1253 1382 1376 1438 redditus
1404 1389 1434 1437 ut
1464 1381 1553 1452 ampla
1584 1387 1678 1434 tantae
1706 1378 1777 1435 ardis

110 1476 204 1544 raculi,
223 1491 283 1533 cum
299 1475 460 1532 abstinentia
475 1475 607 1546 temporis
621 1474 699 1540 tanti,
714 1473 756 1529 vis
779 1473 910 1545 dysente-
960 1472 1140 1539 immensitas,
1155 1471 1303 1543 perietibus
1316 1484 1402 1541 prope
1415 1468 1528 1535 nudum,
1540 1467 1617 1523 inter
1632 1472 1777 1522 nocturna

110 1564 168 1632 riae,
184 1579 238 1636 qua
251 1563 347 1619 diebus
369 1563 471 1634 aliquot
494 1571 557 1618 ante
579 1570 695 1618 mortem
710 1567 835 1626 vexatus,
852 1560 911 1629 ejus
962 1560 1052 1617 officia
1064 1574 1205 1616 cereorum
1223 1558 1336 1615 micaret
1356 1555 1519 1628 fulgoribus,
1535 1563 1565 1611 ut
1579 1554 1713 1611 interdiu
1727 1568 1777 1609 ra-

111 1647 214 1719 impetu
232 1646 395 1703 credebatur
417 1647 455 1701 ita
478 1646 600 1718 potuisse
621 1645 743 1701 funditus
765 1643 947 1739 exhauriri.B
962 1649 1015 1705 diis
1029 1647 1211 1704 renitescebat
1233 1645 1377 1703 solaribus.

111 1734 192 1806 Quod
206 1741 307 1805 tamen,
323 1734 547 1807 qualitercunque
563 1732 662 1790 lactum
676 1733 720 1801 sit,
745 1733 797 1788 hoc
820 1730 911 1787 dicere
997 1736 1088 1792 Prima
1103 1736 1185 1807 igitur
1197 1734 1225 1789 in
1240 1733 1365 1805 corporis
1374 1730 1565 1803 deportatione
1579 1746 1690 1788 versus
1712 1730 1777 1787 Lin-

113 1822 244 1879 veraciter
256 1820 330 1889 licet,
342 1820 405 1894 quia
419 1821 537 1878 exterius
546 1820 657 1893 quidem
671 1819 742 1876 lacte
756 1818 909 1884 candidior,
961 1823 1079 1881 eoininm
1093 1838 1156 1879 cum
1168 1821 1309 1878 monachis
1321 1818 1563 1876 Bedeiortenslbus
1577 1817 1696 1873 mansio
1712 1817 1775 1874 fuit.

113 1909 186 1966 intus
210 1924 278 1966 vcro
305 1916 332 1966 ct
356 1916 432 1966 extra
459 1909 531 1965 vitro
545 1908 637 1980 purior
659 1922 775 1980 corpore
803 1921 912 1978 quoquc
962 1910 1131 1982 Crepusculo
1151 1909 1206 1966 diei
1228 1908 1372 1974 secunda,
1401 1914 1545 1979 postquam
1570 1906 1631 1962 iter
1645 1906 1778 1978 aggressi

115 2004 286 2055 monstratus
309 2003 352 2053 est
381 2011 431 2052 suo
445 1995 543 2052 similis
556 1995 690 2063 martino,
717 2001 747 2050 ut
774 2002 801 2050 et
813 1993 912 2050 merito
963 2014 1067 2065 sumus,
1083 1999 1118 2054 ad
1131 1997 1223 2055 villam
1236 1996 1358 2068 episcopi
1372 1993 1571 2051 lincolniensis
1585 1993 1777 2049 bikelesuade

115 2085 168 2158 ipsi
182 2084 237 2142 dici
251 2084 349 2143 debeat
361 2084 390 2140 in
403 2085 456 2141 hac
470 2084 551 2140 etiam
570 2091 645 2155 parte
663 2105 674 2131 a
688 2082 805 2139 Gemma
819 2096 913 2138 sader-
962 2086 1038 2159 (376)
1052 2093 1243 2157 nuncupatam,
1259 2083 1428 2141 devenimus.
1444 2081 1508 2152 Ubi,
1522 2081 1589 2136 dum
1605 2096 1687 2139 circa
1701 2080 1776 2138 fere·

115 2172 220 2230 dotum.
235 2197 247 2223 a
263 2173 305 2229 De
319 2173 396 2243 cujus
405 2170 522 2228 mirabili
533 2171 633 2229 decore
646 2170 762 2228 interius
771 2170 833 2228 icoo
841 2184 913 2227 com-
963 2182 1033 2231 tmm
1044 2173 1230 2246 plangentium
1245 2172 1399 2229 accolarum
1413 2185 1443 2226 se
1455 2177 1545 2225 turrna
1559 2168 1772 2242 conglomerat,

114 2260 219 2334 petenti
231 2258 313 2331 plura
333 2259 467 2316 dicentur.
963 2262 1065 2333 inipso
1080 2261 1204 2318 ecclesie
1217 2260 1345 2329 introitu,
1369 2258 1399 2313 in
1424 2273 1478 2330 qua
1491 2272 1542 2329 per
1555 2265 1674 2313 noctem
1696 2256 1775 2312 illam

153 2345 296 2404 conditum
311 2354 401 2403 suem
414 2345 509 2403 multis
522 2345 704 2413 monulus,
729 2362 745 2401 a
769 2344 913 2402 dormitio·
963 2350 1121 2408 venerabis
1135 2365 1235 2421 corpus
1249 2348 1392 2423 quiescere
1406 2345 1519 2415 debuit,
1536 2344 1665 2401 hominis
1678 2344 1773 2414 cuins

116 2435 160 2493 nis
179 2452 236 2493 suaa
248 2436 312 2492 loco
335 2435 505 2493 Linoolniam
518 2451 581 2492 eum
604 2435 640 2491 ad
654 2434 840 2506 sepeliendum
854 2448 914 2490 ooe-
964 2439 1027 2495 dam
1043 2437 1184 2495 brachium
1198 2436 1236 2492 ita
1249 2435 1418 2492 contractum
1433 2433 1482 2489 tuit
1495 2440 1525 2488 ut
1541 2432 1683 2504 crepitum
1700 2432 1773 2489 ossis

117 2524 207 2597 pimus
222 2522 371 2581 transferre
385 2522 472 2596 (sta).
482 2523 544 2579 Non
558 2529 600 2580 est
614 2528 705 2580 autem
715 2537 839 2591 necesse,
852 2521 914 2594 quia
964 2526 1091 2599 patientis
1105 2524 1251 2583 tracturam
1264 2523 1303 2579 illi
1316 2523 1415 2589 etiam,
1440 2520 1487 2594 qui
1512 2520 1650 2576 remotius
1665 2521 1772 2577 conmi-

117 2627 170 2669 nec
183 2609 315 2684 possibile
329 2610 409 2666 nobis
423 2609 503 2679 toret,
514 2609 593 2667 fletus
603 2616 630 2666 et
639 2610 758 2684 gemitus
772 2625 916 2666 occurren·
964 2622 1063 2682 terent,
1087 2613 1189 2670 clarius
1211 2611 1346 2668 audirent.
1375 2611 1441 2666 Erat
1467 2615 1559 2663 autem
1580 2623 1689 2664 nomen
1708 2608 1772 2676 viri,

117 2699 186 2756 dum
199 2698 320 2771 undique
335 2697 493 2754 describere
515 2697 687 2770 populorum.
709 2696 828 2754 Ciuitatis
843 2696 915 2752 enim
966 2703 1013 2775 qui
1040 2702 1123 2758 etiam
1159 2701 1248 2757 adhuc
1275 2714 1421 2770 superesse
1448 2696 1567 2763 dicitur,
1597 2697 1769 2752 Bemardns.

116 2783 265 2844 londoniae
278 2783 368 2842 clerus
382 2792 409 2841 et
423 2783 541 2856 populns
560 2784 656 2856 procul
670 2792 747 2841 extra
759 2784 833 2840 urbis
847 2800 916 2840 mm·
966 2790 1054 2860 Quem
1077 2789 1120 2845 sui
1139 2790 1173 2844 nb
1196 2786 1319 2844 ecclesie
1334 2784 1439 2841 iuribus
1460 2783 1654 2840 semianimem
1668 2800 1771 2856 rapue-

116 2874 164 2930 nia
177 2888 241 2930 cum
255 2871 382 2930 omuibus
395 2880 423 2928 et
432 2872 522 2929 cereis
536 2871 667 2928 teretrum
679 2872 817 2944 prosecuti
836 2879 911 2928 suut.
965 2885 1038 2945 runt,
1054 2885 1081 2934 er
1091 2877 1127 2934 nd
1140 2877 1250 2932 domum
1260 2873 1400 2947 propriam
1409 2873 1530 2929 delatum
1539 2887 1631 2944 usque
1646 2872 1675 2926 in
1685 2885 1769 2927 mane

118 2959 228 3020 obitum
250 2975 316 3017 raro
338 2975 388 3032 per
411 2975 493 3032 agros
515 2967 542 3015 et
563 2959 659 3031 villas,
684 2968 799 3032 uterque
822 2976 913 3027 sexus,
965 2965 1100 3039 patientie
1114 2979 1227 3037 operam
1242 2962 1469 3031 darejusseront,
1485 2968 1607 3031 tuncque
1621 2960 1649 3015 ei
1664 2960 1769 3015 subre-

120 3046 263 3120 omnisque
286 3045 406 3104 conditio
429 3046 533 3120 gradus
553 3056 580 3102 et
600 3046 705 3104 ordinis
719 3048 913 3119 cujuscunque,
927 3022 951 3085 0
964 3053 1093 3109 niendnm
1107 3051 1267 3124 pollicentes
1290 3064 1342 3120 ope
1361 3048 1540 3104 medicorum.
1556 3045 1604 3102 Sic
1620 3061 1691 3118 ergo
1707 3060 1770 3102 cum

117 3135 164 3194 ubi
178 3133 282 3204 audiit,
306 3134 335 3191 in
358 3133 428 3191 fines
451 3149 516 3190 suos
536 3134 709 3192 venientibus
723 3133 832 3191 obviarn
847 3149 915 3191 con·
965 3148 1049 3207 esset,
1060 3155 1112 3196 neo
1127 3138 1222 3194 saltem
1238 3135 1393 3210 colligatus,
1405 3150 1457 3192 nec
1470 3133 1567 3206 quovis
1580 3133 1769 3190 medicamine

118 3223 219 3281 lluebat
233 3221 304 3279 sacri
318 3221 424 3279 funeris
436 3221 624 3295 portitoribus.
638 3222 773 3295 'fetigisse
784 3222 916 3279 feretrum
965 3226 1037 3284 intus
1052 3227 1177 3284 imernrae
1191 3226 1259 3281 adeo
1272 3224 1394 3280 moleste
1409 3223 1495 3292 loeus,
1518 3221 1670 3292 plurimam
1684 3221 1774 3278 nocds

117 3311 209 3386 palma
230 3325 360 3383 suprema
374 3309 433 3366 tuit.
450 3307 556 3379 Quibus
569 3309 598 3365 id
612 3311 765 3387 negabatur
777 3327 835 3382 prae
848 3326 916 3368 con·
965 3323 1070 3388 partem
1094 3330 1157 3372 eum
1178 3314 1206 3369 in
1228 3312 1369 3368 doloribus
1382 3310 1492 3384 magnis
1504 3309 1672 3381 pertrahere
1685 3309 1770 3364 dolor

118 3396 274 3471 stipantium
296 3397 437 3454 turbarum
459 3396 646 3466 multitudine,
671 3397 835 3454 salaminus
850 3398 917 3454 ado·
965 3404 1056 3476 enegio
1069 3403 1233 3459 insomnem.
1248 3399 1302 3469 Qui
1316 3400 1427 3455 demum
1452 3399 1481 3453 in
1502 3405 1615 3453 tenuem
1630 3397 1772 3453 resolutus

118 3501 207 3553 rasse,
224 3494 251 3543 et
265 3485 442 3557 conspexisse
456 3500 512 3542 non
525 3485 579 3543 vile
594 3485 744 3542 ducebatur
755 3487 915 3557 trophaeum.
967 3507 1095 3564 nonni-ein
1116 3506 1180 3546 mni
1199 3488 1266 3546 vidis
1279 3487 1437 3559 epieenpnin
1451 3483 1592 3541 biennium
1608 3500 1691 3540 enum
1707 3500 1771 3540 m.

121 3573 153 3630 ln
178 3571 238 3645 ipso
261 3573 357 3629 itinere
379 3589 428 3645 per
449 3573 515 3647 iuge
528 3572 712 3645 quatriduum,
727 3588 781 3629 nno
797 3573 917 3646 quotidie
966 3580 1046 3637 nibus
1060 3577 1191 3651 piissimis
1205 3582 1431 3641 contrectantem,
1446 3573 1562 3644 dataque
1576 3571 1774 3628 benedictione

121 3660 253 3734 repetito,
277 3660 321 3717 vel
344 3661 434 3733 potius
458 3660 613 3718 continuato
628 3661 778 3729 miraculo,
793 3669 918 3718 sanatum
967 3684 1036 3724 ase
1060 3673 1122 3738 post
1144 3664 1283 3737 paululum
1298 3663 1480 3719 recedentem.
1506 3659 1643 3716 Caeterum
1658 3674 1775 3717 recessu

121 3764 202 3805 suum
225 3747 381 3805 mirificmit
408 3748 550 3806 Dominus.
576 3749 607 3804 In
630 3749 756 3804 manibus
784 3748 918 3822 siquidem
970 3756 1081 3812 monite
1101 3753 1233 3820 visionis,
1259 3751 1365 3807 colato
1386 3747 1583 3806 repedationis
1607 3746 1697 3804 riuus
1720 3763 1776 3804 non

121 3851 269 3909 puerorum
283 3835 459 3909 equitantium
472 3837 544 3894 cerei
570 3844 686 3908 quatuor
704 3836 808 3907 jugiter
835 3837 919 3893 arde·
968 3843 1091 3900 recessit.
1115 3839 1257 3914 Evigilaus
1281 3854 1399 3910 namque
1422 3851 1568 3903 asomno,
1593 3835 1633 3890 ita
1652 3835 1774 3906 penitus,

121 3923 204 3993 bant3
228 3939 298 3996 quos
320 3923 466 3980 iuniorem
481 3922 630 3981 facularum
644 3924 696 3979 suh
711 3924 755 3980 die
770 3924 918 3996 expositos,
968 3931 1062 4003 ingnio
1086 3928 1161 3985 omni
1185 3927 1301 3994 dolore,
1325 3942 1357 3982 os
1371 3924 1569 3982 consolidatum
1584 3931 1613 3978 et
1627 3923 1773 3979 brachium

124 4026 176 4068 uec
190 4018 331 4067 ventorum
345 4010 509 4082 spiramina,
531 4024 583 4067 nec
602 4010 738 4066 interdum
752 4011 836 4084 guttis
849 4011 920 4067 den·
970 4027 1094 4076 ennnrnm
1108 4015 1210 4074 invenit
1223 4057 1231 4082 ‚
1246 4023 1275 4070 ut
1288 4013 1490 4087 precedentem
1502 4011 1593 4082 potius
1608 4010 1775 4067 tractionem

124 4097 244 4156 rioribus
258 4098 375 4154 rorantia
388 4097 502 4154 nubium
512 4097 657 4160 stillicidia,
669 4099 841 4172 exstinguere
854 4114 922 4170 prae·
970 4123 1052 4179 quern
1084 4104 1251 4163 curationem
1289 4102 1519 4173 subsequentem,
1556 4115 1609 4170 par
1646 4091 1775 4155 somnum

123 4186 262 4244 valebant.
286 4187 367 4243 Pueri
392 4201 465 4244 nunc
485 4187 521 4243 ab
536 4187 612 4259 equis
626 4187 834 4254 descendentes,
850 4203 921 4243 nunc
971 4192 1126 4265 suscepisse
1139 4198 1258 4264 putaret.

125 4290 188 4331 curn
209 4274 363 4332 vehementi
388 4275 491 4346 impetu
514 4273 596 4331 sellas
618 4290 719 4331 vacuas
742 4275 921 4332 reascenden·
1005 4281 1095 4338 Terris
1115 4279 1220 4335 mansio
1242 4276 1292 4333 suit
1314 4276 1386 4348 apud
1400 4273 1559 4331 Bucledeus
1575 4273 1666 4343 (377).
1681 4272 1715 4328 ln
1734 4272 1777 4328 bia

125 4369 178 4426 ἰοῦ.
193 4376 289 4419 cereos
304 4362 434 4419 tenebant
450 4378 457 4418 ι
473 4377 542 4436 quus
558 4361 630 4436 ignis
645 4362 716 4418 iuter
729 4363 788 4420 haec
802 4378 858 4419 non
868 4363 957 4427 ιιι-Ι)
972 4370 1080 4442 quidem
1090 4368 1197 4424 duobus
1210 4364 1340 4422 maneriis
1350 4361 1560 4435 episcopalibus,
1573 4367 1615 4415 tot
1629 4359 1777 4429 ejulatibus

123 4447 244 4507 delebit·
265 4449 435 4521 stupebam,
455 4457 481 4505 0²
505 4466 562 4522 prae
585 4449 765 4507 admiratione
791 4451 820 4505 in
842 4465 923 4507 tt000⁵
973 4465 1000 4513 et
1012 4457 1139 4513 lamentis
1162 4454 1352 4527 indigenarum
1365 4450 1471 4520 excepti
1486 4464 1596 4516 sumus,
1623 4455 1653 4502 ut
1672 4447 1777 4503 memi-

125 4535 353 4595 exclamationum
365 4537 581 4609 prorumpebant
595 4538 654 4594 haec
668 4538 829 4594 intuentium
850 4537 923 4594 mul·
972 4545 1046 4600 nisse
1061 4545 1166 4609 norror,
1183 4541 1303 4597 scrihere
1319 4554 1385 4595 vero
1399 4538 1476 4593 labor
1490 4535 1534 4591 sit.

125 4624 265 4692 titudines,
276 4631 431 4680 asserentes
441 4639 492 4681 nec
506 4624 577 4681 inter
591 4640 689 4680 manus
699 4624 822 4682 clausum
832 4625 924 4681 lumen
1008 4631 1112 4701 anrtn
1127 4627 1302 4702 protectionis
1316 4627 1390 4681 dieta
1404 4622 1606 4682 staunfordiam
1622 4621 1702 4694 (ιιι)
1725 4637 1777 4678 ue-

125 4726 187 4769 asc
202 4711 289 4769 teneri
303 4726 387 4783 posse
400 4711 599 4781 inexstinctum,
614 4712 660 4768 ubi
673 4712 702 4768 bi
715 4713 790 4769 nullo
804 4713 867 4770 tecti
881 4729 925 4769 ve
973 4721 1072 4776 nimos.
1085 4718 1126 4774 ihi
1139 4717 1204 4772 dum
1219 4715 1330 4789 agmine
1344 4714 1430 4769 denso
1444 4709 1596 4784 frequentia
1620 4709 1719 4782 populi
1733 4709 1781 4765 sti·

125 4799 245 4868 lamine,
273 4798 322 4855 sed
355 4798 405 4855 Dei
429 4799 513 4855 solius
531 4799 592 4855 lreti
615 4799 714 4857 virtute
737 4800 856 4874 flagrare
869 4816 923 4856 uon
972 4816 1051 4880 perne
1065 4807 1139 4863 siren
1154 4804 1295 4870 feretrum,
1312 4801 1412 4858 ethiuc
1426 4799 1562 4872 virginum
1576 4797 1638 4854 Deo
1653 4805 1782 4854 sacrata·

160 4973 229 5038 (tta)
248 4974 292 5026 ltie
311 4973 342 5025 tit
364 4976 517 5034 Novembris,
538 4988 585 5040 qua
606 4975 645 5027 dle
666 4976 745 5040 prima
766 4977 860 5029 mansio
878 4976 926 5029 luit
973 4987 1014 5048 qni
1029 4986 1092 5037 inem
1104 4983 1242 5046 erithone,
1255 4983 1295 5045 qui
1306 4991 1380 5044 supra
1394 4992 1416 5030 c.
1428 4978 1444 5028 9
1457 4976 1539 5039 hujus,
1551 4974 1609 5026 libri
1626 4972 1783 5038 Bnoemlem

124 5039 188 5102 apud
199 5040 335 5093 monachos
346 5040 541 5103 Bcdetcrtenses,
555 5042 580 5092 id
592 5045 631 5093 est
644 5042 768 5094 incelebri
780 5044 822 5094 illo
841 5055 925 5094 coeno-
974 5056 1070 5103 incarn,

123 5103 205 5157 mm
218 5109 245 5158 s·
257 5105 377 5157 Albanum
389 5108 414 5158 in
425 5120 484 5171 ⁸⁸¹⁰
496 5109 664 5160 Bedesmemi
677 5109 773 5173 primm
786 5108 897 5162 fundam·
1009 5134 1082 5200 (378)
1096 5135 1190 5186 Mansio
1202 5135 1289 5196 quarta
1309 5130 1348 5181 die
1368 5129 1396 5179 2!
1416 5125 1559 5178 Novembris
1577 5123 1647 5186 apud
1664 5124 1783 5176 Stentor-

156 5213 229 5278 (376)
242 5213 353 5266 secunda
377 5216 470 5266 mando
493 5217 534 5269 die
554 5216 698 5269 Novembris
710 5217 756 5268 tuit
767 5217 830 5282 apud
841 5218 923 5269 villam
973 5201 1049 5278 didm,
1063 5201 1103 5278 lb}
1115 5207 1168 5251 itii
1177 5198 1314 5249 cenobium
1326 5194 1446 5257 quondam
1460 5192 1513 5269 0¹4·
1532 5193 1559 5241 S·
1578 5190 1678 5241 Bem-
1690 5190 1725 5242 ¹¹0
1737 5204 1785 5254 <tw

123 5277 276 5333 hiiebuadc.
973 5269 1128 5318 llabrllomus
1139 5270 1200 5315 tom.
1212 5265 1232 5313 V
1245 5262 1335 5323 lunai,
1348 5274 1376 5325 p.
1386 5260 1447 5323 559,
1458 5259 1499 5308 ubi
1511 5254 1630 5320 quosdam
1644 5258 1788 5308 monachos

973 5331 1179 5394 enumeratbujus
1189 5329 1303 5389 cenobii,
1315 5329 1378 5378 torte
1391 5324 1530 5376 monialium
1543 5334 1631 5373 curam
1645 5323 1786 5387 babentes,

157 5399 226 5462 (stt)
238 5398 331 5452 hensio
344 5400 417 5452 tertia
429 5399 467 5451 dic
479 5400 512 5451 ιθ
533 5402 675 5455 Nouembris
690 5404 754 5468 apud
773 5402 923 5465 buckedens,
973 5406 1000 5452 ut
1012 5398 1159 5463 insequenti
1174 5400 1230 5448 nota
1247 5395 1352 5448 dicetur.
