3742 5986
171 153 231 223 ,aaa
445 148 1011 220 s.aattltoltlsctltallusu1t0uull
1032 156 1276 217 INSTITUTORIS
1296 159 1373 218 oal’.
1397 160 1487 219 utus
1508 161 1544 218 ιι.
1773 167 1826 220 36⁰

172 293 192 338 s
210 280 269 328 erat
283 279 429 344 propterea
443 275 517 346 quod
531 276 680 332 audieratis
695 277 771 333 illam
790 277 968 333 infirmatum.
982 281 1008 343 A
1024 283 1074 338 sed
1088 282 1127 339 sic
1136 292 1241 356 pungat
1255 300 1305 341 ros
1314 293 1344 340 ut
1357 285 1481 357 propria.
1500 286 1556 341 Vos
1580 285 1642 343 dieo
1657 288 1820 355 unanimes,

183 381 195 408 ι
212 360 282 415 Nam
297 368 323 416 et
338 360 485 417 infirmatus
500 371 542 418 est
555 381 640 437 usque
654 365 688 420 ad
697 373 814 422 mortem
827 366 890 422 :sed
900 366 974 422 Deus
1023 371 1052 427 id
1066 381 1107 427 est
1121 372 1227 444 ιιιιιιιι
1242 375 1362 429 animum
1377 373 1576 445 compassionis
1585 375 1621 430 ad
1635 390 1745 431 omnem
1758 391 1821 447 pro·

182 469 194 500 ι
211 448 339 505 ιιιιιιιιι
357 457 399 505 ιιι
414 451 482 520 ejus,
499 467 554 507 non
569 452 657 508 solum
672 462 762 509 autem
782 455 849 522 ejus,
867 471 975 510 verum·
1024 460 1126 516 ximum
1138 461 1279 518 babentes.
1290 462 1451 518 Vositerum
1462 461 1681 533 nihitsaeienies
1696 479 1819 535 percon-

181 559 193 585 ι
210 537 290 592 etiam
305 545 331 593 et
344 537 408 604 mei,
424 554 458 594 ne
481 539 618 596 tristitiam
646 558 728 613 super
748 542 881 597 tristitiam
892 543 975 599 habe·
1026 553 1192 616 tentionem,
1207 559 1237 605 ιι
1249 549 1318 606 alter
1331 551 1377 621 qui
1400 551 1491 623 magis
1515 550 1616 620 patitur
1629 551 1775 608 contendat
1790 567 1819 608 se

186 640 287 680 «rem.
311 625 495 681 Festissdssllus
524 643 591 700 θιεθ
606 629 668 684 misi
687 629 772 698 illum,
803 638 832 685 ιιι
855 630 914 686 tiso
928 630 976 686 illo
1024 637 1154 708 praeferre
1168 638 1244 694 alteri
1258 640 1348 693 minus
1357 639 1479 709 patienti.
1493 638 1550 706 Vel,
1563 638 1630 693 nihil
1642 638 1819 710 disponentes

184 733 197 768 ι
212 713 308 769 ilerum
333 714 487 786 gaudeatis,
511 724 537 771 et
552 731 605 788 ego
620 717 679 772 siue
694 718 802 773 tristitia
815 718 877 773 ιιι.
891 719 975 775 Exci·
1024 725 1060 780 de
1073 727 1152 781 rebus
1172 726 1365 783 ecclesiasticis
1379 742 1429 797 per
1442 721 1653 796 contentionem,
1670 743 1760 806 meque
1774 726 1818 782 ia-

184 822 194 852 ι
212 801 267 872 pite
282 802 375 873 itaque
389 804 466 858 illum
481 805 630 859 cumomni
645 806 747 878 gaudio
761 806 789 860 in
805 807 931 871 Domino,
948 814 975 862 et
1024 814 1430 887 cientesaliquidpcrinanem,
1443 815 1470 870 id
1485 815 1820 886 estproptarmundanam

182 912 194 937 ι
212 890 346 960 eju⁸¹¹¹⁰di
360 907 422 947 cum
436 892 540 948 h⁰¹¹⁰i0
555 893 680 949 ιιιθῑθῑθ
696 912 704 962 3
720 895 849 965 <limiam
864 902 975 966 implet
1024 903 1209 974 moriamini
1221 911 1308 958 estote
1318 904 1491 959 arbitrantes
1500 903 1569 958 alios
1577 906 1736 976 superiores
1747 904 1821 959 cobis

183 999 194 1024 u
211 993 280 1048 opus
295 978 394 1034 Christi
415 996 501 1051 usque
525 980 561 1036 ad
579 989 697 1037 mortem
720 983 845 1050 accessit,
867 983 975 1038 tradens
1024 992 1146 1046 invicem
1161 1011 1171 1058 ‚·
1185 991 1334 1061 quodalrer
1348 999 1454 1062 reputet
1468 991 1582 1046 alterum
1593 1007 1622 1047 se
1633 991 1819 1062 superiorem

182 1084 194 1115 ¹
211 1066 328 1121 mimam
343 1083 431 1134 suam,
447 1076 476 1123 ut
490 1067 616 1139 impleret
635 1069 664 1124 id
683 1070 757 1140 quod
778 1086 811 1126 ex
833 1070 910 1127 vobis
927 1071 975 1126 de·
1025 1079 1140 1135 nechoc
1154 1077 1216 1134 licta
1231 1079 1368 1150 superbia,
1386 1079 1481 1135 sedin
1506 1080 1679 1144 humilitate,
1696 1087 1734 1145 at,
1751 1079 1821 1135 sicut

182 1175 193 1200 ι
211 1162 269 1209 emi
279 1170 347 1226 “8³
361 1172 453 1212 meum
468 1156 640 1228 θιιθίιιιῑιῐΰ·
659 1178 670 1206 ’
1025 1166 1093 1222 alter
1107 1167 1241 1238 praeponit
1256 1167 1308 1222 sibi
1322 1167 1444 1235 altemm,
1457 1167 1496 1224 sic
1506 1167 1632 1223 eamdem
1642 1167 1821 1223 humilitatem

1024 1254 1106 1309 babet
1120 1255 1147 1309 in
1163 1255 1247 1311 corde
1262 1262 1357 1326 putans
1368 1271 1440 1321 eam,
1453 1255 1684 1327 quempraeponit,
1696 1254 1821 1326 superio·

1025 1357 1083 1397 rem
1098 1359 1138 1398 se.
1154 1343 1189 1397 Et
1203 1343 1340 1414 quomodo
1368 1343 1437 1398 alter
1455 1343 1569 1398 alterum
1584 1343 1636 1397 sibi
1650 1343 1820 1414 superiorem

1025 1430 1178 1496 arbitretur,
1209 1430 1352 1487 consilium
1375 1430 1461 1501 ponit,
1472 1430 1567 1487 dicens
1584 1445 1590 1485 :
1608 1432 1642 1486 Ut
1652 1430 1822 1486 arbitremini

168 1552 174 1560 ·
215 1521 288 1577 Dixit
303 1519 427 1591 superins
440 1519 570 1589 :Vincula
584 1536 645 1592 qaoe
655 1521 732 1576 eirca
743 1536 788 1576 me
802 1525 882 1588 aaut,
895 1538 977 1578 vene·
1025 1518 1093 1573 alter
1106 1519 1220 1574 alterum
1235 1518 1402 1590 superiorem
1417 1519 1479 1585 sibi,
1494 1536 1552 1576 non
1564 1518 1622 1573 sitis
1637 1519 1820 1575 consideran-

179 1614 251 1666 rtmt
264 1610 301 1664 ad
309 1611 468 1679 profertum
478 1608 643 1679 ducamini,-
659 1608 732 1680 quod
747 1608 829 1665 etiam
844 1625 893 1666 vos
908 1611 1012 1688 pati-B
1027 1610 1069 1662 tes
1083 1607 1189 1678 annali
1201 1607 1281 1673 bona,
1298 1623 1359 1679 qam
1366 1623 1418 1664 ιιι
1432 1611 1515 1673 raah·
1530 1607 1578 1663 aad
1592 1623 1625 1663 eo
1636 1614 1739 1662 tantum
1747 1606 1820 1662 bona

170 1697 255 1767 mini,
271 1696 349 1752 vobis
363 1703 405 1750 est
426 1711 506 1750 caasa
525 1694 630 1763 salutis,
655 1705 682 1751 et
695 1695 732 1750 ιιι
746 1697 824 1752 vobis
841 1697 896 1768 pali
922 1698 975 1752 do·
1025 1694 1194 1750 considerate
1209 1711 1270 1766 pum
1288 1696 1504 1750 enutritorem.
1522 1694 1550 1749 Si
1564 1695 1637 1749 enim
1652 1693 1821 1765 (postpositis

179 1794 270 1839 natum
287 1790 328 1839 eat
342 1799 391 1854 pro
405 1783 502 1838 merito
517 1782 627 1838 Christi.
651 1785 692 1839 Ex
715 1783 775 1839 istis
798 1800 872 1841 nunc
895 1784 976 1841 infert
1025 1782 1135 1851 uestris)
1159 1782 1270 1838 virtutes
1288 1782 1404 1837 aliomm
1428 1783 1576 1850 attenditis,
1606 1782 1645 1838 sic
1673 1797 1721 1838 eos
1742 1782 1820 1839 uobis

178 1872 274 1928 dicens
289 1872 377 1942 :Quia
393 1878 420 1928 et
435 1887 478 1927 me
493 1871 550 1942 pati
563 1871 703 1943 proiectus
717 1880 759 1928 est
776 1873 927 1945 Evangelii,
949 1881 977 1929 et
1025 1871 1183 1941 superiores
1196 1870 1402 1925 arbitrabimini.
1428 1873 1463 1927 Ut
1489 1879 1633 1941 utrumque
1647 1871 1821 1926 commendet

179 1977 241 2032 ιιι
254 1977 303 2032 pro
317 1961 423 2017 Christo
451 1960 575 2016 similiter
592 1960 713 2032 patimini
737 1960 816 2016 vobis
834 1969 876 2016 est
895 1976 976 2018 causa
1025 1957 1076 2024 eis,
1094 1958 1272 2014 humilitatem
1291 1967 1319 2014 et
1336 1958 1503 2030 patientiam,
1520 1959 1630 2030 exponit
1646 1965 1747 2031 quanta
1760 1958 1821 2013 iue-

170 2048 274 2104 -salutis
285 2067 293 2115 ;
305 2063 383 2118 ergo,
394 2047 501 2115 iratres,
513 2050 629 2119 implete
639 2049 774 2120 pendium
785 2065 890 2116 meam,
903 2049 976 2120 quod
1025 2046 1061 2100 rit
1076 2045 1215 2102 humilitas
1230 2055 1256 2101 at
1270 2047 1403 2118 patientia
1417 2046 1527 2114 Christi,
1543 2046 1637 2101 dicens
1654 2048 1746 2102 :Bene
1759 2046 1821 2102 dico

179 2136 311 2209 gaudium
320 2137 376 2205 jam
391 2136 540 2207 incepistis,
557 2151 589 2191 ex
606 2152 660 2207 quo
680 2152 731 2206 pro
746 2137 854 2193 Christo
877 2146 975 2193 contu·
1024 2134 1057 2188 in
1067 2133 1328 2201 ,hamilitcimnam
1336 2136 1389 2190 hoo
1398 2134 1504 2190 debetis
1513 2134 1614 2189 habere
1625 2133 1738 2190 iuvabis
1748 2132 1821 2205 quod

172 2224 290 2280 ¹ameliam
304 2224 380 2295 passi
395 2224 469 2280 estis.
486 2224 602 2295 implere
616 2224 744 2297 gaudium
759 2225 895 2298 intelligit,
908 2226 931 2280 si
940 2227 976 2281 ιιι
1025 2237 1080 2276 non
1095 2223 1184 2277 solum
1199 2223 1226 2277 in
1241 2239 1295 2289 me,
1312 2223 1360 2278 sed
1376 2222 1456 2278 etiam
1469 2224 1501 2278 in
1518 2223 1626 2278 Christo
1641 2224 1706 2278 ιιιιι
1720 2220 1820 2292 praeci·

492 1393 641 1434 ltxt‘osmo
648 1420 655 1434 .

180 2327 231 2384 pro
247 2312 355 2368 Christo
369 2311 506 2383 patiantur
526 2320 555 2366 ut
577 2312 696 2367 babeant
719 2313 897 2368 bumilitatem
925 2329 971 2384 pa-

164 2400 279 2456 -tientiae
294 2416 404 2471 semper
418 2400 592 2456 associatam.
610 2400 659 2456 llic
684 2400 757 2456 enim
772 2401 892 2472 apertius
911 2403 976 2457 hor·
1011 2452 1012 2456 ,

160 2537 162 2540 ,
180 2488 281 2543 ιιιιιιι·
294 2504 352 2554 eos,
368 2497 397 2543 ut
411 2503 472 2544 cum
487 2488 616 2559 patientia
643 2488 760 2544 habeant
787 2489 974 2557 humilitatem,

179 2592 225 2644 ne,
241 2578 263 2632 si
285 2577 425 2647 patiuntur
445 2591 496 2647 pro
511 2576 629 2642 Christo,
650 2575 713 2633 ideo
732 2593 762 2633 se
777 2578 854 2648 qnasi
868 2578 975 2649 dignio-

163 2680 223 2720 ,ιιι
238 2664 345 2721 ceteris
360 2663 513 2735 praeierant.
538 2664 669 2720 Patientia
687 2664 759 2719 anim
783 2665 841 2721 sine
865 2666 976 2721 humili-

167 2759 234 2807 ,ιιιι
244 2751 356 2817 inutilis,
368 2759 420 2807 est.
432 2751 545 2822 bnplete
563 2751 694 2823 gaudium
714 2767 805 2808 meum
816 2754 903 2825 ιιιιι
913 2769 978 2810 con·

178 2841 282 2897 asiatio
292 2839 370 2894 vobis
385 2847 427 2895 est
441 2841 474 2894 in
487 2836 607 2905 Christo,
624 2839 652 2894 id
662 2846 704 2895 est
714 2839 738 2894 si
748 2856 781 2895 ex
792 2840 901 2896 Christo
912 2857 978 2897 con-

1025 2325 1079 2381 pue
1094 2310 1202 2365 videtis.
1218 2311 1276 2367 Nec
1291 2311 1380 2366 solum
1400 2310 1497 2366 habete
1517 2310 1579 2378 hoc,
1595 2310 1643 2366 sed
1659 2309 1740 2365 etiam
1753 2325 1821 2365 sen-

1026 2400 1088 2464 iite,
1105 2397 1133 2453 ιι
1147 2406 1188 2453 ιιι
1201 2414 1252 2469 per
1275 2398 1470 2469 experientiam
1495 2398 1536 2453 rei
1559 2398 1683 2469 probate.
1705 2397 1771 2453 ideo
1784 2395 1824 2452 ait

1025 2487 1140 2542 sentite.
1157 2487 1231 2541 llulti
1251 2487 1323 2543 enim
1346 2494 1409 2542 sunt
1433 2486 1479 2557 qni
1503 2485 1656 2541 existimant
1676 2501 1707 2541 se
1730 2483 1822 2541 omnia

1025 2590 1107 2645 posse
1134 2576 1191 2645 pati
1219 2591 1267 2645 pro
1282 2575 1401 2641 Christo,
1427 2574 1484 2646 qui,
1509 2574 1532 2628 si
1552 2572 1623 2629 torte
1646 2573 1771 2629 venirent
1785 2572 1821 2628 ad

1025 2662 1251 2734 experimentum,
1265 2661 1424 2719 delicerent.
1442 2664 1563 2730 Sectile,
1588 2661 1712 2734 inquam,
1728 2662 1760 2717 in
1776 2674 1821 2716 ao·

1024 2750 1066 2805 bie
1079 2750 1269 2816 humilitatem,
1281 2751 1454 2822 patientiam3
1472 2751 1543 2823 qaod
1557 2750 1584 2804 in
1598 2765 1643 2805 me
1659 2750 1686 2806 ai
1700 2751 1732 2805 in
1746 2749 1822 2806 Chri·

1025 2843 1068 2895 ato
1081 2841 1147 2895 lesa
1160 2839 1290 2910 precipue
1308 2839 1407 2896 videtis
1424 2857 1431 2905 ;
1448 2839 1496 2911 pai
1515 2838 1639 2895 Christus
1661 2837 1741 2893 lesus
1755 2853 1822 2894 eam

179 2927 340 2983 solationem
363 2925 482 2998 quaeritis
501 2927 530 2980 in
552 2926 653 2997 aliquo.
678 2926 727 2982 Vel
749 2927 789 2999 (ut
810 2928 845 2984 de
868 2928 975 2984 Christo
1026 2931 1098 2982 essct
1112 2928 1144 2982 im
1158 2930 1262 2998 forma,
1280 2927 1307 2982 id
1333 2928 1416 2983 estin
1435 2926 1589 2998 aequalitate
1611 2927 1661 2982 Dei
1676 2925 1768 2997 patris,
1784 2925 1822 2980 ita

177 3016 285 3085 sileam)
300 3016 325 3071 si
341 3015 412 3087 qaod
422 3015 556 3070 solatium
570 3015 732 3080 charitatis,
749 3015 776 3070 id
792 3024 834 3071 est
847 2979 1011 3072 fraternaeC
1026 3013 1179 3083 invisibilis,
1198 3023 1362 3080 coaetemus,
1388 3022 1414 3070 et
1428 3012 1668 3070 consubstantialis
1688 3013 1728 3068 illi
1743 3012 1822 3069 scivit

178 3102 331 3159 dilectionis
359 3102 461 3157 habere
489 3101 579 3169 vultis,
614 3110 677 3159 tunc
704 3102 816 3174 implete
843 3104 974 3176 gaudium
1026 3119 1056 3159 ιι
1073 3119 1135 3158 asse
1148 3103 1281 3175 aqualem
1296 3104 1364 3159 Deo.
1380 3103 1416 3157 lit
1434 3103 1461 3156 in
1476 3103 1527 3157 hoc
1543 3102 1616 3173 quod
1631 3101 1720 3172 scivit,
1735 3100 1822 3169 major

179 3206 281 3247 meum.
298 3189 347 3245 Vel
372 3189 408 3243 ita
426 3188 547 3260 :Siqua
571 3191 720 3247 consolatio
734 3191 802 3246 mihi
815 3192 893 3247 datur
902 3193 975 3264 apud
1026 3191 1172 3246 humilitas.
1194 3191 1222 3246 Si
1247 3191 1321 3246 enim
1342 3191 1468 3264 ignorata
1486 3190 1627 3246 altitudine
1650 3205 1709 3258 sua,
1730 3189 1767 3243 ita
1790 3204 1821 3244 se

178 3294 228 3335 vos
255 3279 282 3333 in
298 3277 415 3344 Christo,
444 3276 524 3333 idest
550 3286 664 3350 propter
685 3295 807 3335 amorem
821 3280 932 3349 Christi,
949 3290 975 3337 et
1025 3279 1191 3348 humiliaret,
1207 3279 1345 3334 humilitas
1360 3279 1419 3348 ejus
1441 3286 1555 3349 propter
1570 3277 1752 3349 ignorantiam
1766 3291 1821 3333 noa

161 3367 201 3422 -si
216 3366 289 3438 quod
303 3363 432 3420 solatium
460 3365 608 3434 charitatis,
640 3366 666 3421 id
691 3375 731 3423 est
754 3367 881 3424 fraternae
903 3368 975 3425 dile·
1026 3368 1096 3423 adeo
1115 3367 1339 3423 commendabilis
1362 3373 1444 3423 esset.
1472 3366 1567 3422 Sciens
1590 3366 1684 3436 utique
1706 3380 1737 3420 se
1759 3379 1821 3420 esse

178 3455 276 3512 ationis
294 3453 360 3511 mihi
383 3461 426 3508 ιιι
448 3454 520 3525 apud
549 3470 600 3510 vos
629 3455 702 3526 quod
728 3472 773 3512 me
788 3471 840 3527 pro
856 3457 976 3512 fraterna
1006 3456 1159 3528 ¹aequalem
1173 3457 1241 3523 Deo,
1257 3472 1316 3510 non
1340 3457 1496 3512 arbitratus
1510 3458 1552 3511 est
1566 3455 1709 3526 rapinam,
1725 3461 1756 3508 ut
1769 3451 1822 3508 sibi

178 3543 310 3600 charitate
338 3541 476 3598 consolari
490 3542 591 3608 velitis,
620 3550 684 3598 tunc
706 3543 816 3615 implete
844 3544 975 3617 gaudiam
1026 3551 1172 3615 usurparet
1187 3560 1244 3599 rem
1256 3543 1381 3599 alienam.
1398 3543 1447 3598 Vel
1463 3543 1503 3599 sic
1516 3542 1544 3597 in
1558 3542 1654 3598 eadem
1669 3540 1820 3598 sententia:

177 3648 271 3688 meum
287 3650 295 3699 3
310 3639 346 3699 et,
362 3631 387 3687 si
402 3637 444 3686 est
458 3631 536 3687 vobis
550 3647 615 3703 qun,
640 3631 667 3685 id
683 3639 725 3687 est
743 3632 831 3703 ahqaa
855 3633 976 3688 societas
1025 3632 1178 3688 Arbitratus
1192 3648 1221 3688 sc
1237 3647 1295 3688 aesc
1305 3633 1442 3705 oepaclcm
1457 3634 1521 3698 Deo,
1537 3630 1732 3687 nonfacienda
1747 3628 1822 3700 rapi·

181 3722 310 3792 spiritus,
326 3719 354 3774 id
369 3718 449 3774 estsi
475 3719 503 3772 in
519 3718 619 3789 Spiritu
644 3727 739 3773 sancto
754 3719 913 3775 societatem
928 3721 976 3774 ha·
1025 3734 1098 3789 nam,
1115 3719 1184 3774 sicat
1205 3718 1341 3790 malignus
1363 3719 1487 3791 angelus,
1513 3718 1587 3790 quod
1602 3718 1697 3775 dicens
1714 3735 1720 3773 :
1739 3718 1823 3773 «Po-

181 3807 251 3862 betis
266 3822 329 3862 cum
343 3805 404 3860 aliis
418 3804 550 3860 Ecclesiis
566 3823 574 3870 3
590 3813 617 3859 et
630 3807 656 3861 si
670 3813 731 3860 sunt
745 3805 773 3860 in
788 3806 866 3862 uobis
880 3809 976 3880 aliqua
1025 3821 1088 3862 nam
1101 3807 1196 3862 sedem
1210 3822 1302 3862 meam
1325 3806 1360 3862 ad
1375 3806 1540 3878 aquilonem,
1557 3815 1584 3861 et
1598 3821 1647 3861 ero
1661 3804 1757 3861 similis
1770 3805 1823 3860 Al·

180 3896 299 3959 visccra,
325 3892 353 3947 id
368 3899 409 3947 est
418 3891 499 3964 aliqui
509 3892 547 3963 pii
557 3891 671 3947 affectus
682 3894 885 3961 miserationis,
897 3895 925 3950 ιι
935 3903 977 3950 ιιι
1026 3895 1131 3951 tissima
1145 3896 1209 3965 (lec.
1226 3910 1286 3963 xiv,
1304 3897 1349 3965 ta)
1366 3913 1373 3961 ;
1391 3915 1403 3945 ι
1420 3902 1447 3950 ιι
1458 3895 1541 3949 homo
1556 3893 1599 3950 cui
1613 3909 1729 3965 serpens
1744 3892 1822 3948 dixit.

168 3979 353 4037 exhibitionis
367 3979 576 4044 misericordia,
594 3982 855 4054 imptetepaadium
869 4000 974 4041 meam.
1029 4006 1040 4032 ι
1057 3983 1140 4039 Eritis
1155 3983 1272 4040 sicutdii
1287 3983 1367 4054 (Gen.
1382 3998 1423 4050 ru,
1440 3984 1501 4053 5).»
1514 3982 1563 4039 llic
1573 3989 1689 4053 uterque
1699 3981 1823 4053 rapinam

180 4069 294 4126 Viscera
308 4067 353 4124 hic
375 4074 512 4139 ponuntur
526 4068 605 4141 quasi
620 4069 811 4127 misericordia
827 4090 835 4138 ;
850 4072 911 4143 pius
926 4088 976 4127 au·
1026 4070 1098 4137 lecit,
1113 4072 1176 4126 dnm
1193 4071 1266 4143 quod
1279 4071 1329 4126 Dei
1343 4071 1485 4143 proprium
1507 4077 1571 4138 erat,
1585 4069 1659 4126 male
1672 4069 1724 4125 sibi
1737 4086 1823 4125 usur·

179 4165 234 4213 tem
248 4156 361 4214 allectus
383 4156 476 4228 (etiam
500 4157 523 4212 si
537 4157 605 4212 nihil
628 4160 768 4232 operetur)
792 4160 976 4217 misericordia
1026 4175 1091 4232 pare
1114 4159 1208 4215 voluit.
1224 4159 1347 4215 cbristus
1370 4168 1460 4216 autem
1480 4160 1680 4229 scampinam,
1696 4158 1822 4229 quicar-

180 4245 288 4302 dicitur.
304 4244 423 4302 lliiectus
438 4254 528 4301 autem
552 4246 749 4304 misericordie
771 4249 910 4304 miseratio
925 4264 976 4305 vo·
1027 4248 1140 4303 bitratus
1155 4256 1197 4304 est
1212 4263 1270 4303 rem
1285 4250 1436 4320 propriam.

160 4357 162 4360 ⁴
180 4342 268 4401 catur,
284 4334 346 4390 ideo
361 4341 415 4388 tam
431 4333 529 4390 obnixe
551 4334 702 4391 obtestatur
716 4351 764 4392 eos
778 4337 840 4408 qnia
854 4337 911 4393 vult
928 4326 1013 4393 eos'D
1062 4338 1097 4392 Et
1111 4336 1175 4394 licet
1189 4336 1311 4392 Christus
1332 4353 1394 4392 esse
1408 4338 1436 4392 in
1464 4336 1554 4393 torma
1575 4336 1636 4403 Dei,
1651 4344 1744 4393 tamen
1757 4336 1824 4392 aci·

181 4429 275 4479 tenere
292 4422 481 4489 bumilitatem,
498 4423 558 4479 sine
580 4440 634 4495 qua
657 4425 814 4496 patientiam
829 4440 922 4483 eomm
936 4425 978 4479 in·
1026 4427 1152 4491 munivit,
1166 4426 1195 4480 id
1216 4432 1258 4480 eat
1277 4426 1418 4482 evacuavit
1440 4426 1591 4483 claritatem
1611 4425 1731 4492 deitatis,
1758 4424 1824 4479 dum

183 4510 281 4584 telligit
295 4510 406 4566 irritam.
423 4510 539 4583 Implete
557 4512 771 4584 dieopaadiam,
786 4513 824 4569 ita
833 4517 867 4570 ut
884 4515 977 4587 sapia·
1026 4529 1088 4570 earn
1103 4514 1154 4569 sub
1169 4513 1257 4569 lorma
1271 4514 1345 4570 servi
1359 4515 1459 4585 posuit.
1472 4515 1642 4572 Exinanivit
1651 4513 1713 4570 dico
1722 4516 1822 4580 semet,

154 4616 157 4620 ·
182 4599 219 4654 tis
237 4599 323 4669 mem,
337 4599 365 4655 id
380 4607 423 4656 est
437 4608 466 4656 ιι
480 4600 676 4672 prosperitates
700 4600 815 4672 proximi
838 4608 894 4656 tam
908 4601 977 4657 bene
1026 4602 1054 4657 id
1068 4610 1110 4657 est
1124 4602 1211 4673 ipsam
1226 4602 1363 4671 deitatem,
1379 4605 1482 4676 ipsum,
1494 4603 1523 4659 id
1533 4604 1608 4659 estin
1615 4603 1721 4671 eodem,
1733 4608 1825 4657 tamen

183 4687 290 4759 sapiant
316 4688 345 4742 in
371 4688 449 4744 vobis
469 4703 502 4744 ac
527 4688 550 4743 si
573 4696 672 4744 vestrm
685 4689 749 4746 sint.
766 4689 881 4759 sapiatis
903 4689 976 4751 dico.
1027 4705 1089 4746 cum
1105 4691 1184 4746 Patre
1198 4699 1423 4762 permanentem
1451 4691 1491 4748 sic
1505 4692 1577 4747 enim
1591 4689 1737 4761 assumpsit
1750 4688 1825 4761 quod

162 4775 317 4833 ¹habemas
330 4777 460 4859 camdem
473 4775 655 4842 charitatem,
667 4776 978 4850 idestadomnempm·
1026 4794 1081 4835 non
1096 4787 1162 4849 erat,
1178 4786 1207 4834 ut
1229 4787 1352 4835 maneret
1377 4780 1451 4851 quod
1473 4786 1542 4847 erat,
1566 4787 1593 4835 et
1613 4780 1641 4834 in
1664 4779 1718 4835 boc
1740 4777 1824 4833 multa

148 4897 152 4903 -
182 4863 286 4919 ximum
299 4878 406 4936 mquam
420 4862 605 4920 dilectionem.
621 4864 696 4920 Licet
718 4865 790 4920 enim
814 4866 978 4938 quandoque
1027 4867 1173 4924 humilitas.
1194 4868 1221 4924 Si
1238 4867 1310 4929 enim
1333 4867 1446 4939 quilibet
1468 4883 1517 4923 rex
1537 4867 1639 4923 amisso
1659 4867 1721 4936 jure
1744 4863 1825 4937 regni

182 4959 305 5022 oporteat
319 4952 422 5008 habere
444 4951 577 5021 majorem
601 4951 811 5009 familiaritatem
833 4954 868 5009 ad
891 4970 978 5027 quos·
1027 4956 1137 5012 humilis
1160 4956 1203 5021 sit,
1228 4971 1283 5011 non
1316 4956 1430 5011 multum
1449 4963 1491 5010 est
1505 4974 1513 5022 3
1529 4956 1579 5012 ιιι
1602 4955 1627 5010 ιι
1646 4955 1753 5011 habens
1778 4954 1824 5023 jus

181 5037 256 5107 dam,
272 5039 341 5095 sicut
355 5039 477 5095 Christus
487 5039 581 5095 babuit
594 5040 628 5095 ad
648 5041 789 5113 ioannem,
805 5043 864 5099 haec
886 5050 979 5099 mmen
1027 5044 1114 5116 regni,
1130 5043 1166 5100 ab
1180 5059 1214 5099 eo
1229 5059 1258 5099 se
1273 5043 1301 5098 in
1315 5044 1465 5099 hnmilitate
1487 5058 1603 5100 manens
1616 5043 1726 5110 alienat,
1743 5057 1822 5099 oom-

181 5133 295 5181 nonest
319 5125 434 5183 dicenda
455 5127 582 5195 charitas,
608 5129 658 5184 sed
681 5130 769 5200 major
796 5129 976 5198 familiaritas,
1027 5131 1189 5187 mandabitis
1203 5140 1243 5187 eat
1255 5132 1314 5201 ejas
1327 5132 1475 5188 humilitas.
1491 5132 1672 5197 Enicanicit,
1688 5131 1760 5197 dico,
1776 5147 1824 5188 ac·

180 5230 242 5288 ιιι
256 5213 372 5270 babetur
387 5216 537 5272 secundum
551 5218 623 5289 quod
644 5218 754 5290 quidam
768 5226 831 5275 sunt
844 5227 977 5291 apporta·
1027 5221 1136 5293 cipiunt
1150 5223 1274 5291 sormam
1287 5222 1370 5276 serui.
1387 5219 1611 5291 lncomparahilis
1624 5217 1823 5284 estburnilitas,

184 5302 278 5360 uiores
291 5303 326 5358 ad
342 5302 460 5361 261
479 5305 619 5378 quadam,
636 5306 681 5362 alii
694 5307 795 5363 minus.
1027 5308 1074 5363 ubi
1097 5309 1229 5365 Dominus
1253 5308 1335 5382 elegit
1359 5325 1420 5364 esse
1452 5325 1558 5365 servus.
1581 5309 1683 5365 lterum
1707 5306 1825 5364 formam

217 5391 283 5448 Sitis
296 5392 976 5469 etiarntentantesidipsuminaduersisproximi,
1027 5397 1100 5454 servi
1113 5405 1206 5469 posset
1219 5397 1343 5470 accipere
1359 5397 1419 5453 sine
1439 5397 1623 5469 cormptione,
1638 5403 1668 5451 ut
1681 5410 1737 5452 non
1757 5410 1825 5453 sen·

179 5481 378 5554 utanpustiam
407 5483 467 5554 ejus
491 5498 547 5542 non
560 5484 660 5544 solum
681 5484 710 5541 in
732 5484 824 5543 animo
845 5483 977 5553 sentinus,
1015 5485 1090 5543 ἰιιιι
1103 5486 1340 5544 ιιιιιιιιιιιιιιι.
1357 5485 1421 5545 ldeo
1434 5486 1518 5555 addit,
1534 5488 1639 5557 factm.
1666 5485 1759 5542 idest
1782 5483 1826 5543 ta·
