3750 5984
109 173 164 228 tas
423 175 613 236 axsosrrto
632 179 669 236 IN
686 180 876 239 EPISTOLAS
895 183 1008 263 PAULI.
1021 215 1056 228 -
1071 186 1108 242 ΙΝ
1125 185 1235 243 EPIST.
1255 186 1281 242 lt
1298 186 1346 243 AD
1364 187 1439 244 Tibi.
1707 189 1760 247 l'lb

112 295 264 352 honoribus
277 297 369 355 illicite
383 298 544 372 gloriantes.
561 303 646 358 Erunt
660 303 742 361 etiarn
757 305 949 379 blaspbemiA
962 308 1133 365 blulierculas
1143 309 1487 384 dicoonerotaspeccatis,
1498 312 1562 368 dum
1573 312 1691 368 seductae
1701 321 1764 369 sunt

113 393 209 440 contra
225 387 311 441 Deum
326 394 353 442 at
375 387 527 445 doctrinam
550 391 619 460 ejus.
645 393 730 448 Erunt
750 393 831 450 etiam
857 410 915 451 nan
966 396 1076 452 diabolo
1092 415 1099 452 :
1115 415 1176 470 aare
1189 399 1318 455 mulieres
1337 399 1483 456 ducuntur
1498 402 1583 457 uariis
1598 400 1764 458 desideriis:

114 472 274 530 obedientes
287 476 465 546 parentibus,
482 493 531 533 seu
546 479 701 535 carnalibus
726 482 811 554 (quod
837 481 916 537 netas
966 484 1028 554 quia
1041 501 1152 559 semper
1162 486 1350 553 discentes,et
1359 503 1508 560 nunquam
1516 489 1713 562 pervenientes
1727 488 1763 545 ad

115 562 178 630 est),
209 577 257 617 sen
285 563 462 634 spiritalibus,
491 574 521 622 ut
535 567 671 639 episcopis
685 577 711 624 ει
739 569 913 641 presbyteris.
965 575 1119 630 scientiam
1142 575 1282 641 veritatis,
1305 575 1332 629 id
1356 583 1398 630 est
1421 591 1530 647 semper
1552 575 1716 644 laborantes,
1737 583 1764 633 at

114 648 349 721 Eruutinprnti:
364 652 466 724 quiesi
481 655 541 726 quis
564 655 636 711 bona
651 656 774 713 docuerit
791 674 850 726 eos,
861 674 915 712 un·
966 677 1103 733 nunquam
1119 662 1153 717 ad
1178 661 1374 734 perfectionem
1402 664 1552 719 venientes.
1568 664 1603 718 Et
1623 664 1668 719 isti
1695 664 1764 720 tales

114 737 150 792 de
163 737 234 810 grati
256 754 317 794 esse
339 740 500 812 debuerant,
527 743 634 799 molesti
658 753 738 800 crunt
759 746 915 802 doctoribus
965 765 1020 805 non
1034 757 1138 805 tantum
1151 750 1316 805 iudomibus
1338 751 1452 823 privatis
1466 751 1574 819 docent,
1604 753 1653 808 sed
1681 752 1763 809 etiarn

114 825 182 880 suis.
200 826 288 881 Erunt
309 828 391 883 etiam
406 830 520 887 scelesti
535 851 544 887 .·
560 832 705 888 homicidia
720 841 746 889 et
760 834 914 904 hujusmodi
965 837 991 891 bi
1006 837 1131 893 homiues
1146 838 1277 894 resistunt
1290 839 1398 894 veritati
1408 839 1437 894 in
1451 848 1565 911 aperto:
1581 841 1763 912 quemadmo-

114 913 219 969 scelera
233 923 382 986 patrantes.
398 917 485 973 Erunt
498 920 561 975 sine
584 920 743 991 affectione,
773 922 844 992 piam
863 937 914 978 ro·
965 925 1033 982 dam
1047 928 1161 983 lomnes
1175 931 1204 982 et
1217 928 1362 994 Mambres,
1374 927 1429 983 duo
1443 927 1544 984 iratres
1558 928 1632 1002 magi
1643 929 1671 983 in
1684 930 1764 1001 AEgy·

112 1000 244 1085 luntatem
255 1019 309 1058 non
319 1004 453 1062 babentes
466 1006 502 1061 ad
513 1008 680 1078 proximum,
699 1009 819 1065 342
833 1011 914 1065 eliam
963 1021 1010 1084 pto
1034 1015 1205 1070 restiterant
1230 1017 1312 1087 Mopsi
1339 1031 1432 1072 coram
1455 1017 1605 1084 Pharaone,
1639 1016 1762 1073 iaciendo

113 1090 174 1146 sine
188 1090 255 1146 nihil
269 1091 336 1148 dare
350 1101 460 1164 queunt.
476 1096 561 1150 Erunt
574 1097 636 1152 sine
656 1113 738 1168 pace,
762 1098 789 1151 id
804 1098 914 1154 estsine
964 1101 1086 1172 qaudam
1102 1118 1152 1172 per
1162 1102 1360 1159 incantationes
1384 1120 1448 1159 suas
1470 1121 1531 1176 quae
1545 1105 1653 1177 Moyses
1678 1104 1762 1161 lacie-

113 1179 260 1235 eoncordia
276 1197 283 1234 :
300 1180 349 1235 sed
368 1197 479 1253 semper
497 1182 524 1237 iu
538 1183 636 1254 litigio.
653 1185 738 1240 Erunt
750 1187 915 1243 criminato·
964 1188 1018 1256 bat,
1035 1205 1086 1246 nec
1113 1197 1204 1245 tamen
1223 1191 1313 1245 omnia
1329 1191 1430 1261 (deod.
1447 1207 1496 1261 vn,
1513 1195 1569 1263 ll).
1586 1193 1620 1247 lli
1635 1192 1762 1249 borsines

112 1283 168 1333 res,
193 1267 220 1322 id
236 1276 276 1322 est
288 1268 369 1337 iustis
382 1269 498 1325 erimina
508 1270 679 1343 imponentes
696 1289 780 1329 :cum
795 1274 846 1344 ipsi
861 1275 914 1330 sint
963 1276 1026 1333 dieo
1040 1279 1167 1348 corrupti
1180 1283 1285 1345 ruente,
1302 1278 1329 1333 id
1345 1287 1385 1334 est
1413 1279 1555 1351 depravati
1577 1280 1717 1337 intellectu
1735 1289 1763 1336 et

111 1356 325 1413 incontinentes
341 1376 351 1412 .·
365 1358 415 1412 sed
426 1359 527 1429 passim
535 1367 617 1414 ruunt
630 1361 665 1415 ad
676 1376 913 1433 quaecunquesce-
963 1379 1046 1436 opere
1064 1372 1110 1421 :et
1122 1365 1196 1422 circs
1210 1364 1291 1421 fidem
1307 1373 1436 1422 errantes.
1466 1368 1508 1423 Ad
1523 1384 1603 1441 quarn
1618 1368 1680 1441 quia
1706 1383 1761 1425 non

112 1442 181 1498 lere.
197 1445 281 1498 Erunt
295 1445 432 1513 immites,
448 1445 475 1501 id
491 1455 533 1502 εει
547 1448 606 1503 sine
617 1449 689 1503 omni
704 1450 914 1507 mansuetudine
962 1452 1160 1524 ingrediuntur,
1178 1455 1316 1524 reprobati
1332 1462 1394 1510 sunt
1410 1470 1425 1510 a
1441 1457 1510 1512 Dea.

111 1531 247 1587 crudeles.
263 1533 297 1588 Et
311 1534 374 1590 sine
397 1533 582 1606 benipnitate,
598 1535 626 1590 id
641 1537 754 1593 estsine
776 1537 910 1611 largitate,
996 1542 1038 1597 Ne
1060 1542 1141 1597 modo
1157 1542 1200 1597 his
1223 1543 1361 1612 predictis
1381 1542 1565 1600 deterreretur
1591 1545 1758 1616 Timotheus,

110 1634 165 1675 non
176 1627 323 1693 erogantes
338 1636 388 1676 sua
411 1622 606 1695 indigentibus.
636 1625 724 1680 Erunt
747 1625 829 1680 etiarn
843 1641 911 1698 pro·
925 1660 951 1721 B
963 1629 1121 1686 consolatur
1135 1645 1197 1684 eum
1212 1630 1321 1697 Paulus,
1353 1629 1448 1687 dicens
1465 1646 1471 1686 :
1488 1631 1569 1688 Tales
1584 1633 1694 1704 quidem
1716 1633 1761 1689 lu·

111 1708 227 1775 ditores,
256 1710 392 1765 tradentes
412 1710 500 1778 justos
516 1711 551 1766 ad
565 1718 690 1767 mortem.
717 1714 803 1768 Erunt
832 1715 912 1770 etiam
964 1717 1016 1772 turi
1032 1725 1094 1772 sunt
1109 1735 1116 1783 ;
1133 1717 1180 1772 sed
1194 1733 1229 1773 ne
1244 1718 1338 1774 timeas
1353 1719 1416 1790 quia
1430 1720 1510 1775 ultra
1524 1736 1582 1776 non
1599 1722 1760 1792 proficient.

108 1800 245 1871 protervi,
261 1798 289 1853 id
305 1805 347 1853 εει
359 1797 393 1852 de
409 1798 560 1855 maledictis
575 1799 752 1856 inverecundi
768 1817 775 1855 z
791 1809 818 1856 et
833 1803 914 1857 etiam
964 1806 1028 1861 ideo
1042 1806 1107 1876 qnia
1121 1806 1289 1877 insipientia
1299 1807 1415 1864 illorum
1432 1806 1618 1864 sicutlamure
1632 1816 1660 1864 et
1674 1810 1762 1864 llam-

95 1885 135 1940 ⁴si
156 1887 402 1956 reprehenduntur,
430 1887 493 1942 inde
517 1887 697 1958 impatientes.
718 1889 807 1945 Erunt
834 1891 913 1946 etiam
962 1893 1020 1950 brae
1034 1894 1069 1949 ad
1079 1893 1200 1949 ultimum
1215 1896 1372 1966 manifesta
1386 1897 1453 1962 erit,
1469 1895 1507 1950 iili
1521 1912 1575 1951 non
1590 1896 1660 1951 ultra
1673 1896 1761 1968 profi·

112 1974 225 2041 tumidi,
241 1974 266 2028 id
282 1980 325 2030 εει
341 1975 427 2031 inllati
439 1974 530 2030 animo
546 1992 553 2029 :
570 1975 649 2030 etiarn
665 1976 689 2031 si
702 1992 754 2032 nec
780 1978 913 2033 honorem
963 1979 1033 2034 cient
1049 1995 1056 2034 :
1073 1985 1210 2046 tuentem,
1228 1979 1306 2050 quasi
1333 1979 1444 2047 diceret,
1474 1980 1608 2051 proficere
1635 1980 1721 2036 debes
1736 1988 1763 2036 ει

109 2077 162 2118 nec
176 2078 253 2134 spem
267 2063 378 2119 honoris
394 2062 512 2118 habeant
525 2082 535 2118 :
549 2071 575 2118 et
589 2064 617 2118 hi
631 2064 700 2120 tales
723 2073 809 2132 erunt,
834 2082 913 2123 anta·
962 2074 1038 2137 potes
1055 2083 1062 2121 ε
1081 2069 1113 2121 tu
1128 2066 1201 2121 euim
1216 2071 1363 2123 assecutus
1388 2083 1417 2124 es
1438 2084 1532 2124 meam
1550 2069 1710 2126 doctrinam
1733 2069 1761 2124 iu

112 2153 187 2206 tores
201 2152 390 2224 voluptatum,
406 2151 434 2206 id
447 2158 488 2207 est
501 2151 583 2207 totius
594 2152 715 2219 luxurio,
728 2155 817 2225 mame
828 2170 912 2227 quom
962 2153 1074 2209 scientia
1090 2171 1097 2208 :
1114 2161 1140 2209 ει
1154 2169 1245 2210 meam
1255 2155 1468 2212 institutionem
1477 2155 1505 2210 in
1515 2155 1691 2227 dispositione
1699 2157 1761 2214 ritae

110 2239 161 2295 liei
177 2254 184 2294 :
200 2256 282 2311 quern
295 2240 323 2294 in
339 2240 413 2296 nullo
427 2238 553 2296 ridentur
567 2240 692 2313 diligere.
709 2241 749 2297 De
764 2241 807 2296 his
821 2251 912 2298 autern
962 2249 988 2298 et
1003 2242 1029 2296 in
1048 2241 1171 2297 moribus
1186 2260 1193 2296 ι
1210 2250 1236 2297 ει
1246 2258 1335 2297 meum
1349 2245 1534 2316 propositam,
1553 2243 1616 2315 quia
1632 2244 1711 2301 sicuti
1725 2244 1762 2303 vi·

110 2326 245 2383 subtiliter
259 2329 412 2383 cavendum
427 2326 540 2383 esttibi.
555 2328 589 2382 lli
609 2329 681 2384 enim
701 2337 763 2384 sunt
777 2330 912 2386 babentes
961 2338 1017 2385 tam
1039 2337 1168 2385 aeternam
1198 2327 1280 2386 linem
1307 2330 1409 2386 laboris
1436 2331 1491 2386 mei
1518 2331 1648 2402 proposui
1665 2331 1762 2388 :itaet

109 2418 232 2486 speeiem
247 2417 372 2488 pietatis,
398 2416 425 2471 id
440 2424 482 2471 est
500 2415 658 2473 simulantes
673 2433 703 2472 se
717 2417 872 2490 religiosos,
885 2425 913 2473 et
961 2429 989 2473 tu
1003 2426 1149 2474 assecutus
1164 2434 1194 2473 εε
1208 2418 1289 2473 ειιειιι
1317 2418 1401 2488 pidem
1417 2439 1426 2474 ι
1441 2418 1503 2490 quia
1527 2434 1594 2475 sane
1621 2420 1712 2476 credis
1731 2411 1761 2476 itt

112 2503 240 2560 virtutem
256 2505 314 2574 ejus
327 2506 448 2577 pietatis,
474 2508 500 2563 id
516 2515 557 2564 εει
572 2505 754 2573 dilectionem,
777 2523 838 2578 quae
852 2506 910 2561 vir·
961 2522 1014 2580 ego
1031 2525 1039 2569 ς
1055 2515 1082 2562 ει
1097 2507 1347 2577 lonpanimitatem
1362 2506 1389 2561 in
1413 2522 1462 2578 spe
1479 2507 1559 2580 :qnia
1582 2516 1694 2579 paratus
1718 2524 1759 2575 εε,

110 2598 153 2646 tus
167 2592 474 2666 esttotinsreligionis.
495 2595 587 2651 Valida
602 2593 675 2649 enirn
689 2601 731 2649 est
750 2593 819 2649 sicut
835 2609 911 2649 mors
960 2594 1078 2666 quandiu
1116 2594 1174 2650 Deo
1197 2594 1325 2666 placebit,
1356 2609 1472 2650 mecum.
1505 2595 1647 2651 sustinere.
1668 2596 1760 2653 liabeo

109 2678 229 2737 dilectio.
247 2681 296 2736 Vel
323 2685 470 2750 virtutem,
487 2683 567 2740 idest
587 2682 728 2739 veritatem
758 2681 908 2755 religionis,
961 2681 1042 2738 etiam
1060 2679 1241 2738 dilectionem
1263 2681 1313 2737 Dei
1329 2689 1355 2737 et
1377 2681 1492 2752 proximi
1508 2700 1515 2736 :
1531 2691 1558 2738 et
1575 2684 1758 2756 patientiam,

109 2782 195 2839 opere
216 2769 388 2841 obrepentes
402 2791 411 2827 .·
427 2775 455 2828 ει
465 2772 513 2828 tros
526 2771 594 2826 tales
610 2770 716 2826 devita.
960 2769 988 2825 id
1005 2778 1047 2825 εει
1061 2770 1147 2841 ipsam
1161 2769 1289 2825 virtutem
1305 2768 1427 2824 :etiamsi
1441 2768 1507 2824 nihil
1522 2770 1632 2842 operari
1645 2786 1760 2829 necesse

142 2856 249 2911 Diceret
263 2857 419 2914 Timotheus
436 2877 443 2914 :
460 2858 551 2930 Quare
566 2859 600 2914 de
617 2858 659 2913 his
681 2858 827 2928 praemunis
852 2874 907 2925 me,
960 2859 1005 2924 sit,
1023 2866 1141 2914 stactus
1163 2857 1235 2912 ιιιιιιε
1255 2858 1404 2928 patientiae,
1424 2857 1528 2914 seilicet
1547 2860 1759 2931 persecutiones

109 2943 155 3015 qui
170 2943 251 3000 iuturi
266 2954 328 3001 sunt
342 2946 415 3004 circa
430 2946 511 3003 finem
525 2947 618 3001 mundi
633 2947 647 3001 i
661 2947 726 3002 ldoo
740 2946 776 3000 ait
788 2946 907 3002 Paulus:
960 2947 994 3002 de
1004 2946 1064 3002 loco
1075 2946 1110 3001 ad
1119 2946 1219 3015 locum,
1229 2952 1254 3001 ει
1265 2948 1410 3019 passiones
1420 2953 1625 3002 tormentomm.
1637 2947 1755 3004 343

109 3031 166 3087 llos
180 3032 271 3088 devita
287 3052 295 3100 ;
311 3035 421 3105 quises
436 3035 585 3091 bisiuturis
600 3035 627 3090 iu
642 3014 942 3091 novissimisuiebusG
958 3034 1035 3089 Nosti
1058 3035 1138 3090 ctiam
1162 3035 1259 3107 qualia
1283 3037 1364 3106 sacta
1395 3039 1463 3090 sant
1492 3034 1563 3091 milti
1590 3035 1755 3103 Antiochiae,

108 3124 179 3176 sunt
193 3120 232 3175 illi
246 3122 294 3193 qni
306 3126 461 3195 penetrant
485 3124 588 3189 domos,
606 3130 658 3179 etc.
685 3122 838 3179 Notandum
867 3129 909 3177 est
957 3122 1055 3187 leonii,
1067 3123 1184 3194 lystris,
1200 3130 1236 3189 et,
1253 3122 1429 3192 praetcrhoec,
1440 3124 1537 3195 quoles
1547 3123 1758 3196 persecutiones

109 3208 171 3280 quia
186 3224 219 3263 ex
234 3226 287 3280 quo
301 3211 383 3281 coepit
410 3211 536 3277 mundus,
562 3210 654 3266 habuit
677 3210 704 3264 in
719 3225 752 3265 eo
776 3210 907 3265 Densre·
957 3226 1009 3282 ego
1030 3211 1157 3271 sustinui
1178 3210 1206 3264 in
1229 3209 1322 3264 multis
1337 3210 1414 3266 locis.
1431 3210 1484 3266 Sed
1500 3210 1564 3282 quid
1578 3210 1642 3266 indo
1656 3210 1757 3266 timen-

108 3312 194 3366 gnum
208 3313 297 3363 sunm,
313 3306 340 3353 et
356 3299 479 3354 diabolus
503 3315 591 3354 sunm.
609 3299 639 3352 lu
651 3297 719 3353 Abel
734 3297 807 3353 onim
822 3299 906 3365 Deus,
956 3299 1041 3353 dumi
1056 3300 1100 3353 Ere
1122 3298 1252 3353 omnibus
1270 3297 1344 3352 enim
1365 3297 1434 3353 eruit
1451 3314 1496 3354 me
1511 3300 1661 3366 Dominum
1678 3298 1757 3356 etsie

106 3393 134 3440 et
147 3385 175 3441 in
190 3385 255 3441 Cain
268 3386 393 3442 diabolus
407 3402 526 3460 regnare
541 3387 635 3458 coepit.
655 3388 729 3442 Deus
752 3393 842 3442 autom
866 3401 907 3441 re·
956 3386 1070 3441 emitte
1084 3386 1118 3440 de
1133 3385 1175 3439 his
1190 3401 1250 3456 quae
1260 3393 1285 3440 ιε
1300 3385 1356 3456 pati
1371 3385 1525 3463 contigerit.
1547 3387 1654 3443 incitari
1673 3386 1758 3443 debes

108 3490 282 3548 gnumsuum
292 3476 457 3531 assumendo
471 3491 592 3541 carnem,
605 3483 632 3531 et
654 3492 715 3547 quae
730 3483 821 3530 secuta
846 3482 908 3530 sunt
956 3474 991 3529 ad
1006 3473 1199 3530 continentiam
1215 3473 1339 3543 exemplo
1354 3488 1435 3542 meo,
1459 3482 1485 3528 et
1508 3474 1628 3529 omnium
1642 3473 1756 3546 religio-

108 3563 248 3633 operando
266 3565 464 3619 consummarit
491 3580 607 3636 regnum
636 3580 725 3629 suum,
745 3563 906 3618 remittendo
956 3578 1060 3618 sorum.
1080 3562 1181 3618 Omnes
1192 3561 1265 3616 enim
1279 3563 1327 3632 aui
1341 3562 1442 3616 volant
1452 3561 1508 3633 pie,
1524 3560 1552 3615 id
1563 3569 1604 3616 est
1614 3561 1754 3634 religiose,

104 3659 228 3723 peccata,
238 3659 301 3722 etc,
318 3653 454 3723 quomodo
469 3653 654 3709 consummari
679 3652 766 3723 potnit
790 3651 817 3705 in
832 3667 906 3723 prae-
957 3653 1047 3708 ninere
1058 3652 1088 3706 in
1102 3650 1211 3706 Christo
1219 3651 1294 3713 lesu,
1305 3649 1457 3720 patientur
1467 3650 1713 3721 persecutionem:
1729 3658 1756 3707 et

105 3739 197 3795 senti:
214 3741 285 3811 quod
300 3757 413 3811 regnum
429 3741 587 3812 adplenum
606 3739 808 3796 consummabit
818 3738 846 3793 in
861 3738 905 3794 lu·
956 3738 1065 3793 ideone
1081 3737 1201 3792 turberis
1227 3736 1250 3792 si
1273 3736 1364 3808 aliqua
1379 3736 1490 3807 pateris.
1508 3736 1554 3791 Pie
1568 3736 1692 3793 virentes
1706 3753 1755 3809 pa·

106 3834 182 3895 turo,
196 3827 287 3884 dando
301 3829 383 3884 vitam
413 3837 554 3884 aeternam.
577 3829 651 3885 Sicut
665 3837 753 3884 nutem
777 3829 852 3883 Dens
878 3827 906 3882 in
955 3825 1318 3883 tientur:ltcminesaalem
1331 3824 1757 3882 maliinseelseductoresalio·

106 3915 181 3971 bono
197 3924 204 3970 t
221 3916 261 3971 sic
274 3916 400 3972 diabolus
420 3917 448 3971 in
475 3917 642 3988 perfectione
665 3915 813 3988 iniquitatis
836 3930 905 3972 con·
956 3930 1015 3969 rum
1027 3913 1178 3988 proficient
1201 3913 1312 3985 quidem
1326 3914 1358 3969 in
1377 3912 1521 3967 mundanis
1545 3911 1753 3986 [immunditiis]‚

105 4011 290 4060 summaturus
305 4012 475 4076 estregnum
490 4021 569 4060 suum
598 4005 673 4060 circa
701 4003 782 4058 imam
810 4003 905 4058 mundi
955 4003 1005 4057 sed
1021 4003 1074 4057 hoc
1089 4009 1172 4057 totum
1188 4001 1239 4057 erit
1254 4000 1308 4054 illis
1323 4001 1350 4056 in
1365 4001 1473 4073 poenis,
1498 4009 1524 4056 ει
1551 4000 1579 4056 in
1601 4000 1754 4058 damnatio-

105 4109 157 4165 per
171 4093 374 4149 antichristum.
392 4094 425 4149 Et
440 4094 509 4149 sicut
523 4094 691 4163 patriarchas
714 4099 739 4147 et
758 4092 905 4163 prophetes
955 4106 1028 4145 uem.
1045 4090 1099 4161 lpsi
1114 4089 1186 4154 dico,
1197 4093 1327 4145 errantes
1337 4089 1364 4143 in
1376 4105 1416 4156 se,
1428 4097 1455 4144 et
1464 4089 1525 4144 ideo
1536 4088 1598 4143 mali
1606 4090 1755 4147 mittentes
1839 4142 1845 4153 ,

105 4181 254 4237 adventurn
268 4181 367 4237 Christi
382 4183 455 4237 Deus
467 4181 626 4253 praecedere
646 4181 748 4245 rolnit;
765 4180 803 4235 sic
823 4179 905 4233 multa
955 4177 1034 4233 etiam
1049 4177 1117 4233 alios
1132 4180 1163 4233 in
1172 4192 1306 4241 errorem,
1324 4185 1350 4232 ει
1364 4176 1426 4232 ideo
1440 4177 1608 4234 seductores.
1617 4176 1673 4247 lpsi
1682 4192 1754 4232 crre-

105 4270 231 4325 membre
245 4269 403 4326 Antichristi
423 4271 577 4341 praecedent
604 4276 684 4340 eoput
700 4284 788 4335 suurn,
816 4267 843 4322 id
864 4275 905 4323 est
955 4265 1022 4321 bunt
1038 4283 1045 4320 :
1064 4270 1096 4323 tu
1118 4281 1182 4322 vero
1195 4280 1330 4338 permane
1348 4265 1381 4319 in
1395 4264 1435 4319 his
1449 4263 1592 4335 preceptis
1606 4281 1667 4337 puae
1682 4265 1754 4321 didi·

105 4358 315 4414 Antichristum.
334 4357 434 4412 Contra
448 4359 526 4428 cujus
541 4357 662 4412 membra
678 4356 777 4411 Paulus
794 4355 903 4410 instruit
918 4357 1022 4422 Dcisti
1036 4369 1052 4408 a
1067 4369 1121 4419 me,
1132 4360 1159 4408 et
1173 4352 1200 4408 in
1216 4352 1258 4407 his
1272 4368 1333 4424 quae
1343 4353 1454 4408 eredita
1472 4356 1541 4407 sunt
1556 4351 1617 4418 tibi,
1627 4351 1655 4408 id
1665 4360 1707 4408 εει
1725 4353 1752 4408 in

105 4446 294 4512 Timotheum,
323 4445 418 4502 dicens
435 4464 442 4499 ι
458 4446 499 4500 Er
514 4445 556 4501 his
580 4460 647 4518 quos
679 4443 826 4515 descripsi,
842 4451 904 4499 sunt
952 4439 1099 4515 pontificali
1114 4440 1212 4514 gratia,
1228 4443 1320 4496 sciens
1329 4447 1355 4495 et
1370 4455 1558 4495 rememorans
1568 4439 1753 4514 haecoquoet

104 4534 347 4604 pseudodoctores,
363 4534 409 4606 qui
437 4542 579 4605 penetrant
605 4534 711 4598 (tomos,
730 4532 903 4588 nonauden-
952 4538 1053 4603 quanto
1072 4530 1187 4585 doctore
1209 4528 1342 4584 didiceris
1360 4527 1423 4582 ists.
1454 4527 1483 4583 Si
1509 4527 1580 4583 enim
1596 4529 1753 4585 recordaris

105 4629 148 4677 tes
162 4622 262 4678 docere
281 4623 309 4677 in
332 4621 440 4692 plateis,
457 4639 491 4677 ne
510 4621 633 4679 doctrina
657 4636 750 4677 eorum
765 4627 855 4692 pateat
875 4619 903 4674 in
951 4635 1021 4674 mere
1035 4616 1213 4682 auctoritatis,
1229 4616 1396 4687 contemptui
1410 4614 1456 4671 liet
1471 4615 1518 4670 tibi
1534 4615 1603 4671 laiss
1616 4616 1750 4671 doctrina.

105 4710 244 4765 audientia
259 4710 409 4766 bonorum:
426 4710 476 4765 sed
485 4717 513 4764 ut
541 4709 654 4765 liberius
673 4709 814 4775 seducant,
844 4707 902 4778 pri·
952 4705 1103 4762 aricinae
1118 4720 1268 4761 memorem
1283 4720 1346 4760 esse
1360 4704 1437 4759 volo:
1447 4707 1513 4776 quin
1530 4712 1556 4758 tu
1570 4705 1752 4762 nostisacras

105 4798 189 4853 ratim
203 4798 231 4853 in
246 4799 373 4854 domibus
395 4799 504 4865 docent,
521 4806 548 4853 ει
570 4798 609 4854 sic
626 4798 811 4853 mulierculas
830 4797 902 4867 (qnae
954 4796 1066 4850 litteras
1081 4795 1114 4850 ab
1138 4793 1284 4866 infantia,
1308 4792 1425 4846 traditus
1449 4791 1549 4847 scholis
1562 4807 1577 4844 a
1592 4798 1680 4846 matre
1695 4799 1749 4858 tua,

105 4885 315 4957 quolibetrento
330 4886 460 4942 doctrinae
473 4885 569 4941 leviter
583 4885 723 4953 falluntur)
738 4885 848 4940 ducunt
864 4899 905 4938 se
953 4899 1014 4953 qum
1028 4881 1116 4936 tidelis
1131 4881 1179 4936 luit
1195 4896 1201 4934 ε
1217 4898 1278 4952 quae
1288 4879 1378 4935 omnia
1391 4882 1509 4951 possunt
1522 4882 1549 4933 te
1561 4880 1705 4935 instruere
1715 4878 1751 4935 ad

106 4973 204 5029 ductas
218 4975 339 5046 quolibet
364 4975 477 5029 inductu
505 4974 553 5029 illo
583 4972 666 5029 lactas
682 4971 902 5046 captionesquia
952 4969 1105 5024 habendam
1127 4970 1248 5040 salutem
1273 4976 1380 5023 nternae
1395 4967 1473 5035 vitre,
1490 4966 1523 5020 ad
1540 4981 1621 5037 quam
1636 4965 1752 5038 iturper

105 5063 251 5133 captivatae
264 5070 326 5117 sunt
340 5078 355 5115 n
371 5062 438 5128 Deo,
451 5070 477 5116 ει
492 5063 561 5117 datae
581 5061 702 5116 sumsuh
714 5062 776 5130 iura
790 5058 901 5114 diaboli.
953 5057 1043 5121 iidem,
1061 5073 1121 5128 quae
1135 5054 1203 5111 fides
1229 5063 1269 5111 cst
1291 5058 1323 5112 in
1345 5057 1454 5112 Cbristo
1475 5056 1550 5111 lesu.
1574 5055 1645 5112 Vere
1668 5070 1752 5112 sacros

105 5150 156 5206 Vel
173 5151 208 5206 ad
232 5150 368 5206 cumulum
393 5149 553 5220 improperii
577 5149 647 5204 sieut
673 5149 787 5204 laminas
803 5165 810 5202 ε
827 5146 904 5203 ειεει
953 5145 1047 5200 litterae
1060 5152 1174 5216 possunt
1191 5151 1221 5200 to·
1232 5145 1366 5199 instrucre
1381 5144 1415 5197 ad
1430 5143 1544 5199 salutem
1568 5161 1575 5198 :
1599 5143 1644 5215 qrri
1659 5145 1752 5201 omnis

104 5239 181 5296 viros
196 5246 273 5295 vocat
288 5238 471 5303 mulierculas,
501 5237 528 5291 id
543 5246 584 5293 εει
611 5236 708 5292 molles
722 5237 796 5291 omni
823 5242 904 5292 vento
952 5236 1095 5306 scriptura
1107 5232 1402 5304 inspiratadioinilas,
1417 5231 1445 5286 id
1460 5239 1501 5286 ost
1515 5231 1691 5303 spiritualiter
1704 5246 1751 5288 εε-

104 5327 235 5384 doetrinae
263 5327 392 5382 cedentes
408 5342 414 5382 :
432 5334 460 5380 ut
484 5326 576 5381 audito
600 5325 709 5380 nornine
745 5323 904 5395 improperii
952 5323 1070 5378 cundum
1084 5320 1754 5386 Deumintcllecta,utilisestaddoacndumeos

104 5416 148 5472 sni
161 5415 243 5473 citius
262 5415 427 5472 erubescant
441 5422 468 5470 et
490 5421 683 5471 convertantur
697 5412 730 5468 ad
757 5395 903 5468 Dominum
953 5409 1141 5483 quinesciunt,
1159 5417 1185 5465 et
1204 5409 1240 5465 ad
1254 5409 1445 5482 arunendum,
1462 5408 1490 5463 id
1514 5416 1555 5465 est
1575 5407 1611 5463 ad
1635 5406 1751 5464 convin-
