3742 5986
171 196 225 254 227
452 197 481 252 S.
501 194 681 253 BRUNONIS
699 193 1024 254 ctutltttstatvottttlt
1041 194 1284 255 INSTITUTORIS
1303 195 1381 253 OPP.
1402 195 1490 253 PARS
1509 197 1542 254 ιι.
1771 201 1826 256 228

175 318 247 391 quod
262 317 382 374 tutorum
397 326 526 390 exspecto
548 319 589 391 (ιιι
604 320 681 394 digni
696 319 755 375 sitis
770 320 872 377 habere
887 322 974 376 Deum
987 318 1163 391 Arigeretur
1176 321 1210 376 ab
1222 321 1348 378 Ecclesia
1374 321 1527 393 expulistis)
1548 321 1675 389 obsecro,
1699 322 1825 394 inquam,

176 409 237 478 oro)
252 415 278 462 et
289 422 337 464 vos
352 407 495 463 habituros
519 407 638 464 conlido.
659 408 725 465 ldeo
739 409 779 464 ait
793 407 933 466 conlidens
948 407 977 463 in
1028 415 1056 462 nt
1073 408 1231 465 charitatem
1246 410 1319 466 hauc
1329 410 1513 479 coufimuetis,
1524 409 1552 464 id
1562 417 1604 465 est
1611 409 1717 466 firmam
1727 419 1826 481 etper·

174 495 310 563 omnibus,
332 511 367 550 ne
382 504 526 567 peccantes
537 504 665 567 putarent
680 498 793 553 Paulum
804 496 926 553 diffidere
941 496 976 552 de
1025 493 1124 553 sectam
1139 498 1287 553 ostendatis
1301 501 1331 554 iu
1346 499 1440 565 illum,
1456 498 1633 571 indulgendo,
1649 506 1675 554 et
1688 499 1716 553 in
1729 499 1828 555 Eccle·

174 583 324 639 salvatione
341 584 396 639 sui.
425 583 496 652 Quia
510 585 576 639 dixit
591 585 727 640 tristitiam
753 586 867 641 habeam
892 601 976 657 snper
1025 583 1092 638 siam
1116 585 1282 656 recipiendo,
1306 601 1386 657 quam
1405 587 1563 642 charitatem
1588 587 1739 659 incepistis
1763 603 1827 643 euin

174 671 318 739 tristitiam,
342 672 466 729 dicerent
480 673 518 727 illi
535 688 542 727 :
558 673 718 729 llabuistiue
740 673 898 729 tristitiam?
912 673 974 730 Uti·
1023 673 1186 741 abjiciendo.
1203 673 1315 730 hebetis
1329 674 1472 748 indulgere
1487 675 1512 730 ei
1528 693 1535 729 :
1551 676 1695 731 cameleo
1710 677 1824 748 scripsi,

173 777 226 832 que
241 760 333 815 habui.
351 762 422 817 Num
437 777 490 831 ego
499 763 601 834 scripsi
614 763 732 818 uobiseoe
746 764 840 818 multu
851 763 972 819 tm'bulo-
1023 769 1052 816 ut
1062 770 1179 832 coeptam
1191 762 1349 818 charitatem
1358 763 1605 819 consummetiszet
1618 768 1652 820 ut
1659 777 1826 836 cognoscem

173 849 250 905 tione
265 849 398 920 corporis,
412 849 571 918 jejunando,
586 849 733 921 vigilando,
745 859 773 906 ut
789 852 861 905 Deus
875 865 973 922 parce·
1022 852 1252 923 experimentum
1262 852 1436 918 uestrum,id
1445 858 1486 906 est
1497 867 1546 907 vos
1556 860 1682 922 expertos
1691 866 1754 908 cum
1763 856 1825 908 enm

172 944 213 993 ret
229 937 306 993 vobis
324 954 330 993 :
346 942 375 994 et
386 954 424 994 ea
438 939 532 994 multu
546 940 679 1011 augustio
693 939 785 995 cordis
796 939 926 995 sollicitus
937 939 971 995 de
1020 938 1055 993 ab
1079 939 1204 994 Ecclesia
1217 954 1251 995 ex
1270 938 1386 996 163
1404 939 1562 996 obedientia
1578 939 1748 1012 separastis;
1775 955 1826 996 co-

171 1025 258 1082 salute
273 1032 365 1082 vestra
380 1025 476 1097 scripsi
490 1025 577 1093 vobis,
594 1025 740 1098 affligendo
754 1043 798 1082 me
808 1043 858 1099 per
871 1027 971 1082 multas
1020 1042 1165 1099 gnoscam,
1180 1027 1252 1095 dico,
1277 1045 1316 1084 cn
1335 1028 1494 1085 obedientes
1515 1022 1578 1084 sitis
1591 1029 1623 1085 in
1638 1029 1778 1096 omuibus,
1795 1037 1827 1084 ut

169 1113 312 1186 lacrymas.
327 1115 386 1170 Nec
409 1114 471 1170 ideo
495 1131 539 1170 me
559 1114 714 1171 tribulatum
738 1122 766 1171 et
785 1115 970 1187 angustiatum
1020 1115 1176 1186 sicutprius
1190 1115 1323 1171 obedistis
1338 1131 1400 1172 enm
1415 1116 1594 1185 removendo,
1610 1115 1652 1173 sic
1666 1133 1739 1173 nunc
1754 1116 1825 1172 obe-

112 1246 114 1248 .
169 1217 231 1258 esse
245 1217 379 1271 memoro,
396 1210 425 1258 nt
447 1218 497 1258 vos
511 1218 620 1260 mecum
634 1202 834 1260 contristemini
852 1218 858 1258 :
873 1205 922 1260 sed
936 1207 969 1260 ut
1019 1202 1098 1258 dietis
1113 1202 1281 1275 indulgendo
1302 1203 1365 1276 ipsi.
1389 1204 1433 1270 Et,
1451 1204 1522 1261 sicut
1535 1218 1645 1275 moneo,
1660 1204 1767 1261 debetis
1781 1205 1824 1260 in·

167 1292 590 1364 scietisquuutcmchuritutcm
599 1291 717 1349 habeam
727 1292 764 1348 od
779 1307 885 1350 omnes.
898 1292 968 1348 Cha·
1018 1290 1131 1362 dulgere
1148 1307 1154 1346 :
1172 1291 1236 1363 quia
1250 1294 1275 1348 si
1289 1307 1337 1347 uos
1351 1291 1432 1348 aheni
1453 1292 1635 1350 condonastis
1657 1293 1823 1366 aliquidue

167 1378 272 1434 ritatem
291 1379 353 1435 dico
368 1379 603 1436 abuudantiusin
618 1381 693 1436 vobis
713 1388 851 1436 ostensam
868 1397 875 1434 :
892 1380 963 1451 apud
1017 1394 1066 1450 ego
1080 1379 1221 1436 vobiscum
1236 1379 1337 1434 indulsi

169 1482 237 1538 quos
259 1475 286 1523 et
305 1466 406 1522 diutius
429 1468 519 1522 mansi
535 1485 542 1522 :
559 1475 586 1524 et
600 1468 667 1523 nihil
691 1484 706 1523 a
726 1468 805 1524 vobis
820 1468 964 1539 recipiens,
1051 1466 1179 1524 Dicereut
1195 1467 1234 1523 illi
1252 1483 1257 1522 :
1274 1467 1387 1523 Donasti
1412 1468 1541 1535 sortasse,
1560 1468 1609 1524 sed
1632 1483 1689 1527 non
1710 1476 1825 1542 propter

168 1555 203 1611 de
218 1555 313 1610 labore
328 1570 457 1610 mannum
480 1555 545 1611 vixi.
571 1555 688 1613 Ostensa
708 1572 802 1624 cansa,
825 1572 910 1628 quare
931 1557 966 1612 ad
1016 1571 1076 1610 uos.
1088 1555 1822 1630 lta,inquamzuomquodegodououi,siuliouundo,

168 1659 216 1700 eos
230 1659 284 1699 non
299 1645 411 1710 venerit,
429 1660 489 1715 qnae
499 1660 583 1700 causa
596 1645 632 1700 ad
646 1645 802 1701 suasionem
817 1645 963 1700 correctio·
982 1642 1122 1732 Bdouuoi
1142 1645 1259 1716 aliquid,
1287 1645 1340 1701 hoc
1362 1649 1480 1717 propter
1501 1663 1548 1703 uos
1572 1644 1685 1702 doucui.
1711 1645 1763 1702 Ubi
1784 1646 1823 1702 ita

168 1732 211 1787 nis
225 1731 324 1787 idonea
337 1731 394 1800 luit,
416 1732 508 1787 subdit
530 1733 565 1788 de
579 1733 626 1788 illo
641 1749 722 1805 quem
736 1734 771 1788 ab
787 1733 911 1790 Ecclesia
925 1749 969 1789 se·
1019 1730 1122 1787 dictum
1141 1749 1220 1788 suum
1245 1733 1369 1803 reprimit
1387 1750 1394 1787 :
1411 1733 1518 1805 Siquid
1534 1733 1642 1801 donavi,
1657 1734 1777 1790 ostendit
1792 1749 1822 1789 se

167 1819 259 1893 parari
271 1820 391 1890 jusserat
412 1821 440 1874 iu
464 1819 516 1875 aha
530 1821 652 1893 Epistola
669 1838 675 1877 :
691 1821 753 1893 qnia
767 1822 884 1878 duxerat
898 1837 967 1878 uro·
1018 1819 1113 1890 paucis
1127 1819 1275 1876 indulsisse
1287 1836 1338 1892 pro
1359 1819 1423 1888 alio,
1438 1828 1467 1875 ut
1481 1836 1532 1876 nos
1546 1821 1690 1877 admoneat
1704 1836 1760 1877 non
1773 1836 1822 1893 pro

168 1923 227 1964 rem
242 1908 329 1980 patris
345 1924 351 1963 :
368 1908 444 1978 cujus
459 1908 645 1980 poenitentiam
665 1910 739 1982 (quia
760 1910 861 1965 audivit
875 1910 968 1965 indul-
1018 1907 1120 1964 carnali
1133 1907 1288 1975 dilectione,
1313 1908 1362 1964 sed
1383 1908 1472 1981 magis
1485 1924 1537 1981 pro
1551 1909 1641 1965 fructu
1654 1908 1823 1980 poenitentiae

168 1997 262 2071 gentia
283 1996 406 2068 diguam)
432 1996 526 2053 scribit
548 1997 680 2054 Ecclesiae
703 1997 914 2064 Corinthiorum,
939 2005 968 2053 ut
1016 1994 1175 2052 dimittenda
1185 2011 1247 2051 esse
1259 2003 1382 2068 peccata.
1407 1996 1506 2052 ltemm
1519 1996 1575 2053 ille.
1591 1995 1662 2066 Quid
1675 1997 1741 2053 inde
1755 1996 1779 2052 si
1794 2003 1823 2053 tn

166 2100 229 2142 enm
245 2084 376 2155 recipiant
392 2099 399 2139 :
417 2084 536 2140 scientes
551 2085 661 2140 Paulum
683 2085 829 2141 indulsisse
844 2085 892 2141 illi.
913 2086 968 2141 Lit·
1017 2083 1199 2139 condonasti?
1213 2084 1325 2139 Multum
1340 2085 1434 2156 utique
1448 2085 1577 2157 quiahoc
1595 2085 1698 2142 doucoi
1710 2087 1743 2141 iu
1756 2100 1821 2158 per·

166 2179 226 2228 tera
240 2173 280 2228 sic
291 2172 417 2242 jungitur
434 2189 441 2226 :
460 2173 532 2228 Nolo
545 2181 574 2228 ut
587 2188 637 2229 vos
652 2173 849 2229 contristemini
861 2192 869 2239 ς
881 2174 929 2229 sed
944 2174 968 2229 si
1016 2188 1087 2230 sono
1102 2171 1218 2240 Christi,
1234 2173 1310 2228 idem
1334 2173 1417 2229 valuit
1430 2172 1470 2226 illi
1484 2173 1527 2229 cui
1542 2172 1642 2228 donavi
1656 2187 1690 2229 ac
1706 2173 1729 2228 si
1742 2172 1821 2228 Chri-

167 2261 229 2332 quis
243 2260 413 2317 contristavit
427 2276 472 2316 me
482 2261 522 2329 (ut
536 2261 582 2316 ille
597 2260 643 2334 qui
653 2277 765 2317 uxorem
780 2262 866 2333 patris
881 2262 966 2333 duxit)
1016 2267 1074 2314 stus
1089 2260 1204 2316 donaret
1219 2260 1245 2316 ei
1258 2259 1285 2315 iu
1305 2261 1415 2332 propria
1439 2276 1566 2332 persona.
1589 2259 1704 2332 Oportet
1726 2260 1820 2333 ntique

166 2364 222 2404 non
240 2364 284 2404 me
308 2356 412 2404 tantum
436 2348 616 2414 contristavit,
634 2349 684 2404 sed
706 2365 756 2405 vos
778 2367 785 2404 :
809 2358 835 2406 et
858 2351 910 2406 hoo
933 2367 967 2406 ex
1016 2363 1066 2403 vos
1080 2348 1223 2420 indulgere
1239 2349 1262 2404 ei
1279 2357 1335 2404 tum
1352 2359 1466 2421 propter
1479 2365 1532 2417 me,
1548 2356 1695 2420 propterea
1708 2353 1744 2405 ut
1761 2365 1819 2407 uon

166 2445 243 2510 parte
262 2455 269 2492 ι
285 2452 339 2493 non
362 2437 544 2494 enimomnes
565 2437 718 2495 contristati
738 2439 817 2507 estis,
838 2438 887 2494 sed
902 2438 966 2494 honi
1015 2438 1284 2503 circumveniamur,
1305 2437 1334 2492 id
1363 2444 1405 2493 est
1428 2453 1463 2493 ne
1484 2437 1653 2508 decipiamur
1666 2455 1685 2493 n
1699 2438 1818 2494 Sutcuu.

166 2532 269 2581 tanturn
301 2525 464 2582 condoluere
487 2525 561 2581 fratri
584 2525 716 2598 peccanti.
739 2524 783 2582 Ex
804 2534 881 2597 parte
903 2526 965 2583 ideo
1016 2525 1091 2581 Sicut
1104 2525 1176 2581 enim
1196 2525 1225 2580 in
1247 2525 1331 2580 nimia
1349 2524 1462 2581 molhtie
1486 2525 1596 2596 decipit,
1613 2525 1652 2582 sic
1669 2525 1697 2580 in
1716 2527 1818 2582 severi·

163 2614 226 2671 dico
243 2632 250 2669 ε
267 2618 368 2671 utuou
378 2630 492 2671 onerem
507 2631 603 2671 omues
613 2631 670 2682 vos,
682 2614 709 2669 id
720 2622 762 2670 est
771 2614 915 2688 indiguum
924 2621 965 2670 est
1014 2621 1067 2669 tate
1082 2630 1142 2686 quae
1161 2629 1243 2685 snpra
1264 2614 1377 2669 modum
1399 2621 1450 2684 est,
1473 2613 1597 2669 diabolus
1619 2613 1817 2671 circumvenit:

163 2702 216 2759 boc
239 2717 308 2758 onus
331 2702 471 2774 imponere
495 2702 573 2759 vobis
593 2703 731 2769 omnibus,
759 2711 788 2758 ut
812 2703 887 2758 fratri
909 2720 965 2758 nou
1013 2701 1075 2757 ideo
1090 2717 1189 2757 moneo
1204 2718 1238 2757 ne
1254 2701 1503 2758 circumveniamini
1518 2717 1533 2755 a
1548 2701 1647 2757 Seiana
1662 2719 1669 2756 :
1685 2703 1752 2775 quic
1767 2718 1816 2759 nos

164 2789 374 2863 compatiamini.
390 2791 448 2847 Hoc
467 2798 559 2846 autem
580 2790 684 2847 ironice
699 2790 766 2847 dicit
788 2799 901 2863 propter
916 2807 965 2847 eos
1013 2806 1071 2845 uou
1085 2792 1248 2862 ignoramus
1262 2790 1449 2862 cogitationes
1459 2792 1521 2862 ejus
1530 2790 1645 2856 Satanae,
1656 2805 1740 2861 quam
1754 2806 1818 2847 rer-

164 2879 210 2950 qui
225 2878 416 2951 superbierunt
433 2878 468 2935 de
482 2878 560 2950 lapsu
574 2878 674 2946 fratris,
691 2879 735 2934 cui
749 2879 897 2936 condolere
912 2879 964 2935 de·
1013 2885 1081 2932 sutae
1105 2877 1158 2931 sint
1176 2895 1183 2931 ε
1198 2877 1246 2932 ubi
1268 2877 1349 2932 etiam
1377 2876 1554 2948 intelligimus
1575 2877 1714 2945 virtutem,
1739 2885 1769 2933 ιιι
1790 2878 1818 2933 in

164 2968 297 3035 buerant;
314 2966 427 3024 velita:
441 2967 503 3022 Νοιι
523 2983 567 3023 me
589 2967 759 3024 contristavit
773 2976 897 3035 tantnm;
913 2969 962 3023 sod
1013 2965 1214 3036 disciplinando
1242 2973 1387 3037 peccatore
1423 2981 1501 3021 snam
1533 2964 1633 3022 inierat
1672 2964 1816 3023 tenaciam.

163 3071 212 3114 vos
227 3073 260 3113 ex
274 3063 359 3128 parte,
376 3055 403 3110 id
419 3063 461 3111 est
475 3055 625 3111 secundum
639 3063 746 3127 partem
761 3056 894 3112 bonomm
912 3073 918 3111 :
935 3065 962 3112 et
977 3023 1138 3109 ΟΟειειιιιιι
1151 3053 1251 3109 iterum
1267 3053 1375 3119 Paulus,
1391 3053 1555 3126 quodculpa
1569 3069 1664 3109 eorum
1677 3052 1737 3120 luit,
1753 3053 1817 3108 dum

161 3144 231 3201 hanc
245 3151 350 3216 partem
366 3143 481 3214 excipio,
497 3152 526 3198 ut
540 3159 595 3200 uon
616 3158 729 3200 onerem
752 3159 848 3199 omnes
862 3159 912 3200 vos
926 3144 961 3201 de
1009 3141 1181 3213 propositum
1205 3141 1333 3197 veniendi
1351 3142 1387 3198 ad
1411 3157 1459 3197 ecs
1485 3141 1609 3209 mutavit,
1634 3141 1699 3213 quia
1714 3155 1763 3198 eos
1777 3140 1817 3196 in-

162 3239 318 3302 contemptu
333 3231 470 3303 peccantis
488 3231 580 3287 fratris
596 3249 603 3285 :
621 3231 730 3303 quidam
753 3231 825 3287 enim
841 3239 961 3288 vestrum
1010 3238 1148 3287 correctos
1172 3229 1283 3286 audivit.
1306 3230 1368 3286 Non
1391 3230 1461 3285 ultra
1486 3230 1548 3286 veni
1574 3229 1745 3299 Corinthum,
1768 3228 1817 3285 sed

162 3319 243 3392 (siout
253 3320 356 3390 justum
373 3322 442 3391 erat)
466 3319 674 3376 condoluerunt.
690 3321 731 3376 De
746 3320 792 3376 illo
807 3328 897 3377 autem
914 3319 961 3393 qui
1010 3317 1074 3373 veni
1087 3332 1174 3389 usque
1186 3317 1331 3373 Troadem.
1348 3318 1418 3374 Cum
1428 3318 1665 3374 autemoeuissem
1682 3317 1816 3374 Troadem

161 3424 205 3464 me
220 3417 247 3464 et
261 3424 310 3465 vos
324 3408 503 3475 contristavit,
526 3408 621 3465 scitote
647 3409 774 3480 quoniam
794 3410 899 3481 sufficit
915 3410 962 3465 illi
1010 3410 1127 3480 propter
1140 3406 1326 3476 Euangelium
1337 3404 1443 3463 Christi
1457 3405 1663 3477 predicandum
1680 3422 1687 3460 ι
1703 3405 1816 3477 (ubique

163 3498 212 3570 qui
227 3501 269 3554 est
284 3498 431 3569 eiusmodi,
447 3496 476 3552 id
491 3505 532 3553 est
547 3504 628 3553 tantae
645 3496 799 3568 fragilitatis
815 3515 823 3551 :
839 3497 911 3569 quod
926 3496 962 3569 (si
1011 3494 1083 3550 eninr
1098 3493 1296 3565 predicabant)
1311 3498 1415 3550 etcum
1439 3494 1486 3562 ibi,
1512 3493 1627 3560 Troade,
1648 3496 1722 3551 esset
1745 3492 1817 3550 milti

161 3585 245 3641 nimia
263 3585 431 3642 districtione
446 3587 574 3656 vexetur)
589 3585 755 3657 desperabit.
772 3585 823 3653 lili,
839 3585 959 3657 inquam,
1011 3586 1143 3655 opertum
1154 3584 1270 3649 ostium,
1286 3581 1313 3636 id
1327 3590 1379 3649 est,
1391 3590 1497 3638 mentes
1507 3598 1602 3639 eorum
1613 3589 1715 3653 parate
1724 3588 1818 3638 essent

160 3673 259 3731 sufficit
272 3675 332 3731 haec
346 3675 512 3746 objurgatio,
526 3688 580 3745 qua
591 3688 653 3729 eum
663 3673 803 3744 objurgati
814 3673 890 3739 estis,
906 3672 961 3744 pel·
1011 3671 1046 3725 ad
1061 3670 1248 3740 recipiendum
1268 3669 1382 3726 verbum
1405 3669 1516 3735 Christi,
1539 3677 1565 3726 et
1579 3670 1632 3726 hoc
1649 3671 1683 3726 iu
1697 3670 1815 3726 Domino

159 3761 242 3818 lendo
256 3762 292 3816 ab
306 3761 430 3819 Ecclesia
444 3777 494 3832 pro
504 3768 627 3831 peccato.
644 3759 806 3832 Obiurgatio
816 3761 888 3829 dico,
900 3777 962 3833 que
1010 3758 1153 3830 (Dominus
1168 3759 1241 3815 enim
1255 3758 1340 3815 corda
1359 3774 1455 3814 eorum
1468 3757 1620 3829 aperiebat)
1634 3773 1698 3815 cum
1711 3757 1751 3814 ita
1763 3773 1815 3814 ve·

160 3849 196 3919 fit
209 3851 256 3904 itti
269 3867 287 3906 a
299 3849 430 3921 pluribus
442 3848 565 3919 peccanti
579 3847 659 3904 tratri
669 3849 742 3917 iuste
753 3847 961 3904 condolentibus
1009 3846 1122 3914 nissem,
1134 3863 1193 3902 uou
1203 3848 1290 3903 habui
1299 3847 1424 3918 requiem
1432 3847 1552 3918 spiritui
1560 3862 1631 3903 meo.
1640 3845 1774 3918 Reqniem
1783 3861 1815 3902 se

160 3934 258 3992 sufficit
278 3951 285 3990 z
303 3936 340 3991 ita
352 3942 381 3991 ut
395 3951 445 3992 vos
459 3951 475 3992 e
489 3935 627 3991 contrario
641 3943 765 4007 agentes,
791 3943 820 3991 ut
842 3935 911 3992 siout
925 3936 960 3991 ab
1010 3934 1075 3990 dicit
1089 3950 1143 3990 uon
1162 3934 1301 4000 hahuisse,
1316 3935 1378 4006 quie
1401 3935 1429 3989 iu
1450 3934 1626 4006 praedicando
1648 3949 1702 3989 non
1726 3934 1815 4006 potuit

55 4024 62 4037 '
160 4023 287 4080 Ecclesia
300 4023 377 4094 prius
391 4023 549 4096 separastis,
565 4039 639 4080 nunc
653 4023 815 4079 econtrario
827 4024 961 4081 Ecclesiae
1010 4022 1352 4093 tunclaborare.llequiem
1363 4037 1418 4078 non
1426 4022 1559 4089 habui,eo
1565 4023 1635 4095 quod
1645 4038 1704 4079 uou
1712 4023 1812 4078 iuueni

161 4129 224 4169 eum
240 4111 398 4168 restituatis.
415 4112 605 4179 licoutrario,
622 4111 743 4183 iuquam,
759 4111 829 4168 sicut
843 4111 960 4183 amplius
1009 4110 1038 4165 in
1052 4110 1158 4166 Troade
1172 4113 1294 4181 fratrem
1303 4126 1400 4167 meum
1418 4111 1520 4166 Titum.
1538 4112 1589 4166 Per
1599 4109 1771 4166 Timotheum
1785 4116 1814 4166 et

160 4200 328 4274 objurgastis
343 4208 370 4257 et
383 4200 431 4256 ille
453 4200 588 4272 patienter
611 4200 727 4268 sustulit,
749 4201 792 4256 itu
806 4201 896 4273 magis
909 4200 960 4256 do·
1009 4199 1097 4254 Titum
1112 4198 1256 4270 epistolam
1270 4199 1387 4269 primam
1406 4199 1554 4255 Corinthiis
1570 4198 1680 4255 miserat
1700 4213 1706 4253 :
1723 4198 1814 4254 Timo-

158 4291 244 4359 uetis,
260 4289 289 4345 id
303 4297 345 4345 est
358 4288 501 4345 remittatis
516 4287 542 4344 ei
556 4297 698 4363 peccatum
719 4304 807 4355 suum,
824 4296 850 4345 et
864 4304 899 4344 ne
913 4304 961 4362 pu·
1009 4288 1088 4342 theus
1102 4295 1194 4342 autem
1209 4303 1334 4342 reversus
1349 4295 1408 4344 erat
1417 4287 1452 4343 ad
1461 4286 1573 4342 Paulum
1589 4305 1596 4342 :
1613 4287 1663 4342 sed
1677 4286 1753 4342 Titus
1767 4286 1814 4342 de·

157 4384 196 4434 tet
209 4379 263 4435 hoc
281 4393 331 4434 vos
344 4392 435 4449 agere,
454 4375 531 4449 quasi
545 4392 600 4433 uon
616 4384 744 4434 curantes
754 4377 788 4432 de
802 4391 847 4443 eo,
863 4377 997 4438 como-D
1009 4375 1145 4431 tinebatur
1159 4375 1247 4431 adhue
1269 4375 1400 4442 Corinthi,
1421 4374 1571 4431 laborando
1591 4374 1626 4430 de
1641 4373 1813 4432 correctione

160 4466 261 4523 lumini
275 4481 337 4522 eum
352 4464 510 4538 frequenter
524 4481 574 4536 per
588 4464 791 4521 consolationes
805 4463 959 4537 Scriptura·
1010 4479 1114 4520 eorum.
1148 4464 1205 4520 lloc
1229 4470 1321 4519 autem
1352 4462 1425 4535 quod
1452 4471 1564 4534 propter
1585 4463 1737 4519 absentiam
1760 4462 1813 4518 Titi

158 4571 229 4610 rum.
240 4554 304 4611 ldeo
319 4553 497 4611 dioodouetis
508 4561 534 4609 et
545 4552 732 4623 consolemini,
743 4569 779 4610 ue
789 4552 960 4625 [ortelquod
1009 4552 1160 4608 Troadibus
1182 4551 1333 4623 predicare
1351 4566 1407 4607 non
1421 4552 1517 4623 potuit,
1541 4552 1622 4622 culpa
1638 4550 1687 4606 luit
1709 4550 1811 4607 Coriu-

159 4643 213 4700 cito
227 4643 388 4715 contingere
403 4642 508 4715 posset)
524 4640 569 4696 hic
587 4641 635 4713 qui
654 4643 697 4697 est
712 4640 858 4712 ejusmodi,
877 4640 961 4696 idest
1010 4641 1138 4710 thiorum,
1154 4656 1269 4712 qnorum
1283 4639 1449 4697 incorrectio
1472 4639 1560 4695 Titum
1575 4639 1724 4696 detinebat.
1740 4639 1812 4694 Pro·

158 4733 251 4788 multae
266 4731 430 4803 fragilitatis,
446 4729 637 4796 absorbeatur,
653 4727 682 4783 id
696 4735 738 4783 est
751 4729 903 4800 desperans
915 4728 962 4784 de·
1009 4737 1070 4801 pter
1083 4729 1171 4784 Titum
1178 4728 1263 4784 noluit
1272 4728 1380 4785 Troade
1390 4728 1542 4799 praedicare
1552 4727 1650 4783 Paulus
1667 4742 1673 4782 :
1687 4726 1731 4784 vel
1745 4727 1811 4799 qtria

157 4819 286 4892 glutiatur
299 4819 502 4876 munduutiori
517 4817 649 4874 tristitia.
666 4815 695 4871 Si
711 4815 784 4871 enim
799 4832 881 4887 supra
898 4832 961 4873 mo·
1010 4817 1085 4873 Titus
1100 4817 1174 4888 prius
1189 4817 1229 4873 eis
1250 4816 1457 4889 predicaverat,
1473 4832 1509 4873 ne
1523 4815 1631 4883 Paulus,
1648 4830 1682 4871 ec
1696 4815 1812 4871 absente

157 4908 221 4963 dum
237 4908 387 4965 coerceatis
410 4923 483 4974 eum,
508 4905 671 4977 desperabit
692 4905 727 4961 de
742 4905 829 4962 salute
845 4921 852 4961 ε
868 4913 895 4962 et
908 4906 961 4962 cito
1010 4905 1174 4977 predicans,
1190 4905 1333 4961 videretur
1354 4905 1479 4961 minnere
1495 4912 1658 4976 potestatem
1681 4902 1743 4958 Titi.
1759 4901 1811 4959 Vel

158 4995 313 5052 revolvetur
335 4995 416 5051 etiam
439 4994 467 5050 in
487 4993 607 5050 deterius
629 5001 781 5065 peccatum.
805 4993 901 5050 hlelior
920 4985 963 5051 es‘t
1013 4994 1076 5067 quia
1090 4994 1163 5048 Titus
1186 4992 1322 5064 interpres
1350 5001 1409 5050 erat
1433 4993 1517 5060 Pauli,
1534 5001 1561 5049 et
1580 4993 1701 5064 lingnam
1715 5007 1812 5048 eorum

158 5082 231 5138 enim
249 5082 435 5139 misericordia
453 5083 488 5138 ad
512 5082 628 5138 salutem
643 5098 722 5154 quarn
737 5082 868 5140 severitas
879 5083 963 5152 justi·
1012 5081 1169 5152 expressius
1183 5081 1258 5153 loqui
1272 5089 1389 5153 poterat.
1401 5081 1567 5153 Nonutique
1582 5081 1703 5153 requiem
1718 5079 1810 5147 hebui,

157 5171 203 5228 tiae
216 5184 355 5244 generans
377 5169 608 5243 desperationem.
631 5173 749 5242 Propter
770 5170 851 5242 quod,
868 5186 903 5226 ne
917 5168 964 5227 ille
1011 5169 1060 5226 sed
1073 5170 1245 5241 valefaciens
1256 5171 1307 5240 eis,
1319 5169 1477 5236 Troadibus,
1484 5172 1631 5243 profectus
1639 5185 1705 5225 sum
1715 5168 1748 5224 iu
1760 5168 1813 5224 llo·

157 5259 337 5315 absorbeatur
350 5273 412 5312 cum
437 5273 548 5329 possem
567 5257 725 5328 imperare:
749 5257 838 5330 magis
853 5273 886 5312 ex
900 5257 964 5313 oha-
1012 5258 1169 5314 codonium.
1186 5257 1221 5313 lli
1235 5256 1399 5314 Macedones
1421 5257 1450 5312 in
1473 5272 1573 5328 magno
1593 5257 1698 5313 honore
1714 5271 1811 5312 snsce-

157 5347 248 5416 ritate,
260 5348 370 5406 obsecro
381 5361 426 5404 uos
435 5349 468 5403 ut
477 5344 728 5402 oiomtutembene
737 5344 965 5416 incoeptam(cha·
1013 5355 1114 5419 perunt
1131 5345 1291 5419 Apostolum
1309 5361 1315 5401 :
1332 5354 1362 5402 nt
1376 5345 1460 5402 etiam
1473 5346 1508 5404 do
1522 5345 1605 5403 rebus
1623 5360 1721 5402 eorum
1736 5344 1813 5417 quid·

155 5434 223 5492 ritas
237 5435 311 5494 enim
325 5434 375 5492 ioit
390 5433 465 5507 quod
479 5448 542 5489 eum
556 5448 591 5489 ex
614 5441 752 5506 praecepto
770 5448 843 5505 mec,
858 5439 888 5488 ut
900 5446 965 5490 cor·
1013 5435 1079 5509 quid
1093 5434 1183 5506 vellet,
1200 5435 1347 5508 disponere
1360 5441 1464 5506 posset.
