<?xml version="1.0" encoding="UTF-8"?>
<!DOCTYPE html PUBLIC "-//W3C//DTD XHTML 1.0 Transitional//EN"
    "http://www.w3.org/TR/xhtml1/DTD/xhtml1-transitional.dtd">
<html xmlns="http://www.w3.org/1999/xhtml" xml:lang="en" lang="en">
 <head>
  <title>
</title>
<meta http-equiv="Content-Type" content="text/html;charset=utf-8" />
  <meta name='ocr-system' content='tesseract 3.04.00' />
  <meta name='ocr-capabilities' content='ocr_page ocr_carea ocr_par ocr_line ocrx_word'/>
</head>
<body>
  <div class='ocr_page' id='page_1' title='image "./patrologiaecurs20unkngoog/patrologiaecurs20unkngoog_0081.png"; bbox 0 0 3742 5986; ppageno 0'>
   <div class='ocr_carea' id='block_1_1' title="bbox 101 137 1745 202">
    <p class='ocr_par' dir='ltr' id='par_1_1' title="bbox 101 137 1745 202">
     <span class='ocr_line' id='line_1_1' title="bbox 101 137 1745 202; baseline -0.002 -1"><span class='ocrx_word' id='word_1_1' title='bbox 101 149 150 201; x_wconf 81' lang='lat' dir='ltr'><strong>tsi</strong></span> <span class='ocrx_word' id='word_1_2' title='bbox 377 145 405 201; x_wconf 90' lang='lat' dir='ltr'><strong>S.</strong></span> <span class='ocrx_word' id='word_1_3' title='bbox 425 143 605 202; x_wconf 83' lang='lat' dir='ltr'>BRUNONIS</span> <span class='ocrx_word' id='word_1_4' title='bbox 624 138 948 201; x_wconf 75' lang='lat' dir='ltr'><strong>enardusltitoatnt</strong></span> <span class='ocrx_word' id='word_1_5' title='bbox 967 137 1210 199; x_wconf 76' lang='lat' dir='ltr'><strong>lNSTlTU&#39;l&#39;OlilS</strong></span> <span class='ocrx_word' id='word_1_6' title='bbox 1229 139 1306 197; x_wconf 85' lang='lat' dir='ltr'><strong>OPP.</strong></span> <span class='ocrx_word' id='word_1_7' title='bbox 1327 140 1416 198; x_wconf 75' lang='lat' dir='ltr'>PARS</span> <span class='ocrx_word' id='word_1_8' title='bbox 1434 141 1468 196; x_wconf 91' lang='lat'><strong>11.</strong></span> <span class='ocrx_word' id='word_1_9' title='bbox 1695 144 1745 199; x_wconf 66' lang='lat' dir='ltr'><strong>tii</strong></span> 
     </span>
    </p>
   </div>
   <div class='ocr_carea' id='block_1_2' title="bbox 97 264 1755 5491">
    <p class='ocr_par' dir='ltr' id='par_1_2' title="bbox 97 264 1755 5491">
     <span class='ocr_line' id='line_1_2' title="bbox 100 264 1746 341; baseline -0.002 -17"><span class='ocrx_word' id='word_1_10' title='bbox 100 268 202 325; x_wconf 91' lang='lat' dir='ltr'><strong>malam</strong></span> <span class='ocrx_word' id='word_1_11' title='bbox 216 268 397 326; x_wconf 89' lang='lat' dir='ltr'><strong>contentionis</strong></span> <span class='ocrx_word' id='word_1_12' title='bbox 412 267 510 326; x_wconf 83' lang='lat' dir='ltr'><strong>sufficit</strong></span> <span class='ocrx_word' id='word_1_13' title='bbox 527 270 596 326; x_wconf 89' lang='lat' dir='ltr'><strong>:sed</strong></span> <span class='ocrx_word' id='word_1_14' title='bbox 618 268 697 325; x_wconf 89' lang='lat' dir='ltr'><strong>etiam</strong></span> <span class='ocrx_word' id='word_1_15' title='bbox 714 268 763 326; x_wconf 86' lang='lat' dir='ltr'><strong>hoc</strong></span> <span class='ocrx_word' id='word_1_16' title='bbox 778 267 807 322; x_wconf 88' lang='lat' dir='ltr'><strong>lit</strong></span> <span class='ocrx_word' id='word_1_17' title='bbox 819 268 895 341; x_wconf 87' lang='lat' dir='ltr'><strong>opud</strong></span> <span class='ocrx_word' id='word_1_18' title='bbox 910 272 936 332; x_wconf 80' lang='grc' dir='ltr'><strong>Α</strong></span> <span class='ocrx_word' id='word_1_19' title='bbox 950 284 1014 323; x_wconf 90' lang='lat' dir='ltr'><strong>nem</strong></span> <span class='ocrx_word' id='word_1_20' title='bbox 1024 266 1125 323; x_wconf 87' lang='lat' dir='ltr'><strong>fratris.</strong></span> <span class='ocrx_word' id='word_1_21' title='bbox 1144 267 1203 323; x_wconf 89' lang='lat' dir='ltr'><strong>Nec</strong></span> <span class='ocrx_word' id='word_1_22' title='bbox 1216 266 1305 323; x_wconf 92' lang='lat' dir='ltr'><strong>solum</strong></span> <span class='ocrx_word' id='word_1_23' title='bbox 1318 267 1378 323; x_wconf 80' lang='lat' dir='ltr'><strong>haec</strong></span> <span class='ocrx_word' id='word_1_24' title='bbox 1401 265 1475 323; x_wconf 91' lang='lat' dir='ltr'><strong>licita</strong></span> <span class='ocrx_word' id='word_1_25' title='bbox 1493 264 1652 322; x_wconf 90' lang='lat' dir='ltr'><strong>dimittenda</strong></span> <span class='ocrx_word' id='word_1_26' title='bbox 1675 274 1746 333; x_wconf 87' lang='lat' dir='ltr'><strong>snat,</strong></span> 
     </span>
     <span class='ocr_line' id='line_1_3' title="bbox 100 355 1747 429; baseline -0.001 -17"><span class='ocrx_word' id='word_1_27' title='bbox 100 358 230 427; x_wconf 74' lang='lat' dir='ltr'><strong>infideles</strong></span> <span class='ocrx_word' id='word_1_28' title='bbox 241 358 358 427; x_wconf 90' lang='lat' dir='ltr'><strong>judices,</strong></span> <span class='ocrx_word' id='word_1_29' title='bbox 374 357 489 429; x_wconf 91' lang='lat' dir='ltr'><strong>penuria</strong></span> <span class='ocrx_word' id='word_1_30' title='bbox 504 357 893 427; x_wconf 85' lang='lat' dir='ltr'><strong>ecclesiasticoromjudicum.</strong></span> <span class='ocrx_word' id='word_1_31' title='bbox 948 357 997 412; x_wconf 91' lang='lat' dir='ltr'><strong>sed</strong></span> <span class='ocrx_word' id='word_1_32' title='bbox 1012 357 1093 412; x_wconf 88' lang='lat' dir='ltr'><strong>etiam</strong></span> <span class='ocrx_word' id='word_1_33' title='bbox 1107 356 1259 412; x_wconf 87' lang='lat' dir='ltr'><strong>necessaria</strong></span> <span class='ocrx_word' id='word_1_34' title='bbox 1283 355 1450 428; x_wconf 85' lang='lat' dir='ltr'><strong>corporibus,</strong></span> <span class='ocrx_word' id='word_1_35' title='bbox 1474 371 1526 427; x_wconf 90' lang='lat' dir='ltr'><strong>pro</strong></span> <span class='ocrx_word' id='word_1_36' title='bbox 1550 355 1648 427; x_wconf 90' lang='lat' dir='ltr'><strong>quibus</strong></span> <span class='ocrx_word' id='word_1_37' title='bbox 1670 355 1747 410; x_wconf 89' lang='lat' dir='ltr'><strong>simi-</strong></span> 
     </span>
     <span class='ocr_line' id='line_1_4' title="bbox 102 444 1748 518; baseline -0.001 -17"><span class='ocrx_word' id='word_1_38' title='bbox 102 446 162 515; x_wconf 81' lang='lat' dir='ltr'><strong>Quo</strong></span> <span class='ocrx_word' id='word_1_39' title='bbox 185 447 294 518; x_wconf 88' lang='lat' dir='ltr'><strong>quidem</strong></span> <span class='ocrx_word' id='word_1_40' title='bbox 322 463 355 502; x_wconf 87' lang='lat' dir='ltr'><strong>ex</strong></span> <span class='ocrx_word' id='word_1_41' title='bbox 375 446 477 516; x_wconf 88' lang='lat' dir='ltr'><strong>judicio</strong></span> <span class='ocrx_word' id='word_1_42' title='bbox 500 447 553 502; x_wconf 90' lang='lat' dir='ltr'><strong>hoc</strong></span> <span class='ocrx_word' id='word_1_43' title='bbox 573 446 675 501; x_wconf 91' lang='lat' dir='ltr'><strong>malum</strong></span> <span class='ocrx_word' id='word_1_44' title='bbox 696 446 787 502; x_wconf 81' lang='lat' dir='ltr'><strong>evenit</strong></span> <span class='ocrx_word' id='word_1_45' title='bbox 804 461 810 500; x_wconf 95' lang='lat'>:</span> <span class='ocrx_word' id='word_1_46' title='bbox 826 445 898 517; x_wconf 86' lang='lat' dir='ltr'><strong>quod</strong></span> <span class='ocrx_word' id='word_1_47' title='bbox 948 445 1011 500; x_wconf 88' lang='lat' dir='ltr'><strong>liter</strong></span> <span class='ocrx_word' id='word_1_48' title='bbox 1024 461 1078 500; x_wconf 90' lang='lat' dir='ltr'><strong>non</strong></span> <span class='ocrx_word' id='word_1_49' title='bbox 1094 444 1176 500; x_wconf 89' lang='lat' dir='ltr'><strong>dehet</strong></span> <span class='ocrx_word' id='word_1_50' title='bbox 1199 444 1282 500; x_wconf 86' lang='lat' dir='ltr'><strong>irater</strong></span> <span class='ocrx_word' id='word_1_51' title='bbox 1300 444 1452 517; x_wconf 84' lang='lat' dir='ltr'><strong>inquietari,</strong></span> <span class='ocrx_word' id='word_1_52' title='bbox 1475 451 1504 498; x_wconf 88' lang='lat' dir='ltr'><strong>ut</strong></span> <span class='ocrx_word' id='word_1_53' title='bbox 1518 459 1569 515; x_wconf 91' lang='lat' dir='ltr'><strong>pro</strong></span> <span class='ocrx_word' id='word_1_54' title='bbox 1593 460 1667 513; x_wconf 89' lang='lat' dir='ltr'><strong>esco,</strong></span> <span class='ocrx_word' id='word_1_55' title='bbox 1688 461 1748 516; x_wconf 81' lang='lat' dir='ltr'><strong>quas</strong></span> 
     </span>
     <span class='ocr_line' id='line_1_5' title="bbox 103 533 1742 604; baseline -0.002 -14"><span class='ocrx_word' id='word_1_56' title='bbox 103 535 266 591; x_wconf 80' lang='lat' dir='ltr'>contenditis</span> <span class='ocrx_word' id='word_1_57' title='bbox 280 534 411 604; x_wconf 87' lang='lat' dir='ltr'><strong>vicissim,</strong></span> <span class='ocrx_word' id='word_1_58' title='bbox 433 542 460 589; x_wconf 91' lang='lat' dir='ltr'><strong>et</strong></span> <span class='ocrx_word' id='word_1_59' title='bbox 480 534 541 603; x_wconf 89' lang='lat' dir='ltr'><strong>jura</strong></span> <span class='ocrx_word' id='word_1_60' title='bbox 562 534 694 590; x_wconf 84' lang='lat' dir='ltr'><strong>Ecclesiae</strong></span> <span class='ocrx_word' id='word_1_61' title='bbox 717 535 751 589; x_wconf 88' lang='lat' dir='ltr'><strong>ad</strong></span> <span class='ocrx_word' id='word_1_62' title='bbox 776 533 899 590; x_wconf 84' lang='lat' dir='ltr'><strong>infideles</strong></span> <span class='ocrx_word' id='word_1_63' title='bbox 947 533 1039 604; x_wconf 88' lang='lat' dir='ltr'><strong>utique</strong></span> <span class='ocrx_word' id='word_1_64' title='bbox 1053 540 1164 604; x_wconf 88' lang='lat' dir='ltr'><strong>paratur</strong></span> <span class='ocrx_word' id='word_1_65' title='bbox 1182 534 1284 601; x_wconf 86' lang='lat' dir='ltr'><strong>veniri,</strong></span> <span class='ocrx_word' id='word_1_66' title='bbox 1305 537 1333 590; x_wconf 86' lang='lat' dir='ltr'><strong>et</strong></span> <span class='ocrx_word' id='word_1_67' title='bbox 1356 537 1456 589; x_wconf 82' lang='lat' dir='ltr'><strong>venter</strong></span> <span class='ocrx_word' id='word_1_68' title='bbox 1479 539 1645 588; x_wconf 67' lang='lat' dir='ltr'><strong>sustentatur</strong></span> <span class='ocrx_word' id='word_1_69' title='bbox 1659 534 1742 590; x_wconf 67' lang='lat' dir='ltr'><strong>escis</strong></span> 
     </span>
     <span class='ocr_line' id='line_1_6' title="bbox 103 621 1747 694; baseline -0.001 -17"><span class='ocrx_word' id='word_1_70' title='bbox 103 622 220 679; x_wconf 82' lang='lat' dir='ltr'><strong>refertis.</strong></span> <span class='ocrx_word' id='word_1_71' title='bbox 237 623 296 678; x_wconf 87' lang='lat' dir='ltr'><strong>Jarn</strong></span> <span class='ocrx_word' id='word_1_72' title='bbox 310 630 385 679; x_wconf 90' lang='lat' dir='ltr'><strong>certe</strong></span> <span class='ocrx_word' id='word_1_73' title='bbox 407 633 549 694; x_wconf 90' lang='lat' dir='ltr'><strong>propterea</strong></span> <span class='ocrx_word' id='word_1_74' title='bbox 575 625 700 689; x_wconf 91' lang='lat' dir='ltr'><strong>omnino,</strong></span> <span class='ocrx_word' id='word_1_75' title='bbox 721 622 749 678; x_wconf 90' lang='lat' dir='ltr'><strong>id</strong></span> <span class='ocrx_word' id='word_1_76' title='bbox 765 631 814 689; x_wconf 89' lang='lat' dir='ltr'><strong>est,</strong></span> <span class='ocrx_word' id='word_1_77' title='bbox 831 623 901 678; x_wconf 91' lang='lat' dir='ltr'><strong>sicut</strong></span> <span class='ocrx_word' id='word_1_78' title='bbox 949 621 1004 677; x_wconf 88' lang='lat' dir='ltr'><strong>Sed</strong></span> <span class='ocrx_word' id='word_1_79' title='bbox 1018 621 1082 677; x_wconf 90' lang='lat' dir='ltr'><strong>lieet</strong></span> <span class='ocrx_word' id='word_1_80' title='bbox 1096 622 1166 677; x_wconf 91' lang='lat' dir='ltr'><strong>adeo</strong></span> <span class='ocrx_word' id='word_1_81' title='bbox 1180 622 1335 677; x_wconf 90' lang='lat' dir='ltr'><strong>necessaria</strong></span> <span class='ocrx_word' id='word_1_82' title='bbox 1345 622 1389 689; x_wconf 91' lang='lat' dir='ltr'><strong>sit,</strong></span> <span class='ocrx_word' id='word_1_83' title='bbox 1404 630 1494 677; x_wconf 89' lang='lat' dir='ltr'><strong>tamen</strong></span> <span class='ocrx_word' id='word_1_84' title='bbox 1509 629 1620 677; x_wconf 87' lang='lat' dir='ltr'><strong>nonest</strong></span> <span class='ocrx_word' id='word_1_85' title='bbox 1634 621 1747 694; x_wconf 80' lang='lat' dir='ltr'><strong>litigan-</strong></span> 
     </span>
     <span class='ocr_line' id='line_1_7' title="bbox 103 709 1749 784; baseline -0.001 -17"><span class='ocrx_word' id='word_1_86' title='bbox 103 711 231 767; x_wconf 90' lang='lat' dir='ltr'><strong>omnibus</strong></span> <span class='ocrx_word' id='word_1_87' title='bbox 245 719 327 784; x_wconf 88' lang='lat' dir='ltr'><strong>patet,</strong></span> <span class='ocrx_word' id='word_1_88' title='bbox 344 712 480 768; x_wconf 87' lang='lat' dir='ltr'><strong>delictum</strong></span> <span class='ocrx_word' id='word_1_89' title='bbox 496 713 584 768; x_wconf 87' lang='lat' dir='ltr'><strong>estin</strong></span> <span class='ocrx_word' id='word_1_90' title='bbox 599 712 683 768; x_wconf 77' lang='lat' dir='ltr'><strong>vobis</strong></span> <span class='ocrx_word' id='word_1_91' title='bbox 703 712 742 767; x_wconf 91' lang='lat' dir='ltr'><strong>De</strong></span> <span class='ocrx_word' id='word_1_92' title='bbox 757 712 810 768; x_wconf 88' lang='lat' dir='ltr'><strong>hoc</strong></span> <span class='ocrx_word' id='word_1_93' title='bbox 827 711 904 783; x_wconf 89' lang='lat' dir='ltr'><strong>quod</strong></span> <span class='ocrx_word' id='word_1_94' title='bbox 948 709 1013 765; x_wconf 90' lang='lat' dir='ltr'><strong>dum</strong></span> <span class='ocrx_word' id='word_1_95' title='bbox 1028 710 1139 781; x_wconf 90' lang='lat' dir='ltr'><strong>prohac</strong></span> <span class='ocrx_word' id='word_1_96' title='bbox 1156 727 1162 764; x_wconf 94' lang='lat'>:</span> <span class='ocrx_word' id='word_1_97' title='bbox 1180 710 1245 781; x_wconf 91' lang='lat' dir='ltr'><strong>quia</strong></span> <span class='ocrx_word' id='word_1_98' title='bbox 1259 711 1332 767; x_wconf 89' lang='lat' dir='ltr'><strong>Deus</strong></span> <span class='ocrx_word' id='word_1_99' title='bbox 1347 714 1375 767; x_wconf 85' lang='lat' dir='ltr'><strong>st</strong></span> <span class='ocrx_word' id='word_1_100' title='bbox 1398 709 1474 766; x_wconf 85' lang='lat' dir='ltr'><strong>hunc</strong></span> <span class='ocrx_word' id='word_1_101' title='bbox 1497 718 1622 767; x_wconf 82' lang='lat' dir='ltr'><strong>ventrem</strong></span> <span class='ocrx_word' id='word_1_102' title='bbox 1644 715 1673 766; x_wconf 88' lang='grc' dir='ltr'><strong>ει</strong></span> <span class='ocrx_word' id='word_1_103' title='bbox 1698 711 1749 766; x_wconf 86' lang='lat' dir='ltr'><strong>bos</strong></span> 
     </span>
     <span class='ocr_line' id='line_1_8' title="bbox 101 798 1749 871; baseline 0 -18"><span class='ocrx_word' id='word_1_104' title='bbox 101 799 204 868; x_wconf 87' lang='lat' dir='ltr'><strong>judicia</strong></span> <span class='ocrx_word' id='word_1_105' title='bbox 218 800 324 856; x_wconf 89' lang='lat' dir='ltr'><strong>habetis</strong></span> <span class='ocrx_word' id='word_1_106' title='bbox 337 800 406 856; x_wconf 89' lang='lat' dir='ltr'><strong>inter</strong></span> <span class='ocrx_word' id='word_1_107' title='bbox 421 816 480 856; x_wconf 90' lang='lat' dir='ltr'><strong>vos.</strong></span> <span class='ocrx_word' id='word_1_108' title='bbox 496 799 594 856; x_wconf 88' lang='lat' dir='ltr'><strong>llelius</strong></span> <span class='ocrx_word' id='word_1_109' title='bbox 609 799 682 855; x_wconf 90' lang='lat' dir='ltr'><strong>enim</strong></span> <span class='ocrx_word' id='word_1_110' title='bbox 696 807 769 856; x_wconf 90' lang='lat' dir='ltr'><strong>esset</strong></span> <span class='ocrx_word' id='word_1_111' title='bbox 783 815 837 855; x_wconf 90' lang='lat' dir='ltr'><strong>non</strong></span> <span class='ocrx_word' id='word_1_112' title='bbox 853 815 900 855; x_wconf 90' lang='lat' dir='ltr'><strong>re·</strong></span> <span class='ocrx_word' id='word_1_113' title='bbox 949 813 1028 854; x_wconf 89' lang='lat' dir='ltr'><strong>escas</strong></span> <span class='ocrx_word' id='word_1_114' title='bbox 1055 799 1193 855; x_wconf 85' lang='lat' dir='ltr'><strong>destruet.</strong></span> <span class='ocrx_word' id='word_1_115' title='bbox 1223 800 1276 854; x_wconf 88' lang='lat' dir='ltr'><strong>Pro</strong></span> <span class='ocrx_word' id='word_1_116' title='bbox 1303 798 1345 854; x_wconf 91' lang='lat' dir='ltr'><strong>his</strong></span> <span class='ocrx_word' id='word_1_117' title='bbox 1368 798 1581 870; x_wconf 80' lang='lat' dir='ltr'><strong>temporalibus,</strong></span> <span class='ocrx_word' id='word_1_118' title='bbox 1604 798 1668 871; x_wconf 90' lang='lat' dir='ltr'><strong>quia</strong></span> <span class='ocrx_word' id='word_1_119' title='bbox 1696 798 1749 855; x_wconf 91' lang='lat' dir='ltr'><strong>cito</strong></span> 
     </span>
     <span class='ocr_line' id='line_1_9' title="bbox 104 887 1748 962; baseline -0.001 -19"><span class='ocrx_word' id='word_1_120' title='bbox 104 887 224 943; x_wconf 83' lang='lat' dir='ltr'><strong>clamare</strong></span> <span class='ocrx_word' id='word_1_121' title='bbox 238 905 296 959; x_wconf 90' lang='lat' dir='ltr'><strong>sua,</strong></span> <span class='ocrx_word' id='word_1_122' title='bbox 312 904 396 962; x_wconf 88' lang='lat' dir='ltr'><strong>quam</strong></span> <span class='ocrx_word' id='word_1_123' title='bbox 409 905 441 944; x_wconf 87' lang='lat' dir='ltr'><strong>ex</strong></span> <span class='ocrx_word' id='word_1_124' title='bbox 462 888 656 945; x_wconf 83' lang='lat' dir='ltr'><strong>reclamatione</strong></span> <span class='ocrx_word' id='word_1_125' title='bbox 673 896 713 944; x_wconf 92' lang='lat' dir='ltr'><strong>tot</strong></span> <span class='ocrx_word' id='word_1_126' title='bbox 735 888 808 944; x_wconf 90' lang='lat' dir='ltr'><strong>mala</strong></span> <span class='ocrx_word' id='word_1_127' title='bbox 832 904 900 960; x_wconf 86' lang='lat' dir='ltr'><strong>pro·</strong></span> <span class='ocrx_word' id='word_1_128' title='bbox 949 894 1168 952; x_wconf 72' lang='lat' dir='ltr'><strong>transeuntem</strong></span> <span class='ocrx_word' id='word_1_129' title='bbox 1190 887 1322 942; x_wconf 92' lang='lat' dir='ltr'><strong>damnant</strong></span> <span class='ocrx_word' id='word_1_130' title='bbox 1340 887 1458 942; x_wconf 90' lang='lat' dir='ltr'><strong>animam</strong></span> <span class='ocrx_word' id='word_1_131' title='bbox 1481 903 1537 943; x_wconf 91' lang='lat' dir='ltr'><strong>non</strong></span> <span class='ocrx_word' id='word_1_132' title='bbox 1563 887 1688 959; x_wconf 88' lang='lat' dir='ltr'><strong>repetita,</strong></span> <span class='ocrx_word' id='word_1_133' title='bbox 1714 903 1748 942; x_wconf 90' lang='lat' dir='ltr'><strong>ne</strong></span> 
     </span>
     <span class='ocr_line' id='line_1_10' title="bbox 103 975 1749 1049; baseline -0.001 -18"><span class='ocrx_word' id='word_1_134' title='bbox 103 976 197 1032; x_wconf 85' lang='lat' dir='ltr'><strong>venire</strong></span> <span class='ocrx_word' id='word_1_135' title='bbox 211 977 352 1034; x_wconf 86' lang='lat' dir='ltr'><strong>Ecclesiae.</strong></span> <span class='ocrx_word' id='word_1_136' title='bbox 368 979 402 1033; x_wconf 86' lang='lat' dir='ltr'><strong>Et</strong></span> <span class='ocrx_word' id='word_1_137' title='bbox 417 977 479 1049; x_wconf 85' lang='lat' dir='ltr'><strong>qnia</strong></span> <span class='ocrx_word' id='word_1_138' title='bbox 493 976 622 1034; x_wconf 89' lang='lat' dir='ltr'><strong>delictum</strong></span> <span class='ocrx_word' id='word_1_139' title='bbox 637 987 678 1033; x_wconf 88' lang='grc' dir='ltr'><strong>εει</strong></span> <span class='ocrx_word' id='word_1_140' title='bbox 692 977 825 1033; x_wconf 87' lang='lat' dir='ltr'><strong>intervos</strong></span> <span class='ocrx_word' id='word_1_141' title='bbox 841 976 901 1033; x_wconf 89' lang='lat' dir='ltr'><strong>lieri</strong></span> <span class='ocrx_word' id='word_1_142' title='bbox 949 976 1051 1032; x_wconf 89' lang='lat' dir='ltr'><strong>curetis</strong></span> <span class='ocrx_word' id='word_1_143' title='bbox 1072 975 1173 1031; x_wconf 90' lang='lat' dir='ltr'><strong>habere</strong></span> <span class='ocrx_word' id='word_1_144' title='bbox 1192 975 1324 1045; x_wconf 90' lang='lat' dir='ltr'><strong>judicium</strong></span> <span class='ocrx_word' id='word_1_145' title='bbox 1340 1018 1347 1043; x_wconf 90' lang='lat'><strong>,</strong></span> <span class='ocrx_word' id='word_1_146' title='bbox 1372 976 1422 1032; x_wconf 93' lang='lat' dir='ltr'><strong>sed</strong></span> <span class='ocrx_word' id='word_1_147' title='bbox 1446 975 1650 1033; x_wconf 79' lang='lat' dir='ltr'><strong>fornicationem</strong></span> <span class='ocrx_word' id='word_1_148' title='bbox 1674 975 1749 1030; x_wconf 90' lang='lat' dir='ltr'><strong>illam</strong></span> 
     </span>
     <span class='ocr_line' id='line_1_11' title="bbox 100 1063 1750 1139; baseline 0 -19"><span class='ocrx_word' id='word_1_149' title='bbox 100 1064 214 1133; x_wconf 90' lang='lat' dir='ltr'><strong>judicia,</strong></span> <span class='ocrx_word' id='word_1_150' title='bbox 231 1083 317 1138; x_wconf 80' lang='lat' dir='ltr'><strong>quare</strong></span> <span class='ocrx_word' id='word_1_151' title='bbox 331 1068 483 1138; x_wconf 79' lang='lat' dir='ltr'><strong>nonmopis</strong></span> <span class='ocrx_word' id='word_1_152' title='bbox 494 1066 633 1139; x_wconf 87' lang='lat' dir='ltr'><strong>accipitis,</strong></span> <span class='ocrx_word' id='word_1_153' title='bbox 645 1065 732 1132; x_wconf 90' lang='lat' dir='ltr'><strong>idest,</strong></span> <span class='ocrx_word' id='word_1_154' title='bbox 744 1065 900 1122; x_wconf 89' lang='lat' dir='ltr'><strong>sinerecla-</strong></span> <span class='ocrx_word' id='word_1_155' title='bbox 949 1080 1005 1120; x_wconf 92' lang='lat' dir='ltr'><strong>non</strong></span> <span class='ocrx_word' id='word_1_156' title='bbox 1020 1063 1142 1135; x_wconf 90' lang='lat' dir='ltr'><strong>patimini</strong></span> <span class='ocrx_word' id='word_1_157' title='bbox 1157 1064 1351 1120; x_wconf 88' lang='lat' dir='ltr'><strong>indemnatam.</strong></span> <span class='ocrx_word' id='word_1_158' title='bbox 1367 1064 1446 1134; x_wconf 89' lang='lat' dir='ltr'><strong>Quod</strong></span> <span class='ocrx_word' id='word_1_159' title='bbox 1468 1065 1508 1121; x_wconf 92' lang='lat' dir='ltr'><strong>sic</strong></span> <span class='ocrx_word' id='word_1_160' title='bbox 1526 1065 1662 1138; x_wconf 78' lang='lat' dir='ltr'><strong>jungitur.</strong></span> <span class='ocrx_word' id='word_1_161' title='bbox 1678 1065 1750 1120; x_wconf 85' lang='lat' dir='ltr'><strong>lisca</strong></span> 
     </span>
     <span class='ocr_line' id='line_1_12' title="bbox 103 1152 1748 1226; baseline 0.001 -19"><span class='ocrx_word' id='word_1_162' title='bbox 103 1152 222 1209; x_wconf 85' lang='lat' dir='ltr'><strong>motione</strong></span> <span class='ocrx_word' id='word_1_163' title='bbox 246 1154 377 1220; x_wconf 89' lang='lat' dir='ltr'><strong>toleratis,</strong></span> <span class='ocrx_word' id='word_1_164' title='bbox 403 1156 542 1226; x_wconf 85' lang='lat' dir='ltr'><strong>injurium</strong></span> <span class='ocrx_word' id='word_1_165' title='bbox 562 1155 622 1226; x_wconf 81' lang='lat' dir='ltr'><strong>ejirs</strong></span> <span class='ocrx_word' id='word_1_166' title='bbox 646 1154 692 1226; x_wconf 87' lang='lat' dir='ltr'><strong>qui</strong></span> <span class='ocrx_word' id='word_1_167' title='bbox 715 1162 808 1210; x_wconf 85' lang='lat' dir='ltr'><strong>vestra</strong></span> <span class='ocrx_word' id='word_1_168' title='bbox 830 1154 901 1210; x_wconf 90' lang='lat' dir='ltr'><strong>tollit</strong></span> <span class='ocrx_word' id='word_1_169' title='bbox 950 1153 1065 1209; x_wconf 89' lang='lat' dir='ltr'><strong>debetur</strong></span> <span class='ocrx_word' id='word_1_170' title='bbox 1073 1152 1172 1218; x_wconf 81' lang='lat' dir='ltr'><strong>ventri,</strong></span> <span class='ocrx_word' id='word_1_171' title='bbox 1185 1153 1233 1208; x_wconf 82' lang='lat' dir='ltr'><strong>sed</strong></span> <span class='ocrx_word' id='word_1_172' title='bbox 1242 1168 1343 1225; x_wconf 91' lang='lat' dir='ltr'><strong>corpus</strong></span> <span class='ocrx_word' id='word_1_173' title='bbox 1353 1169 1408 1209; x_wconf 93' lang='lat' dir='ltr'><strong>non</strong></span> <span class='ocrx_word' id='word_1_174' title='bbox 1416 1153 1532 1209; x_wconf 89' lang='lat' dir='ltr'><strong>debetur</strong></span> <span class='ocrx_word' id='word_1_175' title='bbox 1541 1154 1748 1225; x_wconf 75' lang='lat' dir='ltr'><strong>fornicationi5</strong></span> 
     </span>
     <span class='ocr_line' id='line_1_13' title="bbox 104 1241 1750 1315; baseline 0.001 -19"><span class='ocrx_word' id='word_1_176' title='bbox 104 1241 220 1312; x_wconf 72' lang='lat' dir='ltr'><strong>aperte?</strong></span> <span class='ocrx_word' id='word_1_177' title='bbox 234 1243 268 1297; x_wconf 87' lang='lat' dir='ltr'><strong>Et</strong></span> <span class='ocrx_word' id='word_1_178' title='bbox 282 1260 368 1315; x_wconf 81' lang='lat' dir='ltr'><strong>quere</strong></span> <span class='ocrx_word' id='word_1_179' title='bbox 384 1258 442 1298; x_wconf 91' lang='lat' dir='ltr'><strong>non</strong></span> <span class='ocrx_word' id='word_1_180' title='bbox 456 1244 547 1314; x_wconf 77' lang='lat' dir='ltr'><strong>mopis</strong></span> <span class='ocrx_word' id='word_1_181' title='bbox 561 1244 698 1315; x_wconf 84' lang='lat' dir='ltr'><strong>potimini</strong></span> <span class='ocrx_word' id='word_1_182' title='bbox 715 1243 856 1314; x_wconf 69' lang='lat' dir='ltr'><strong>fraudem,</strong></span> <span class='ocrx_word' id='word_1_183' title='bbox 873 1241 901 1296; x_wconf 91' lang='lat' dir='ltr'><strong>id</strong></span> <span class='ocrx_word' id='word_1_184' title='bbox 950 1241 999 1298; x_wconf 87' lang='lat' dir='ltr'><strong>sed</strong></span> <span class='ocrx_word' id='word_1_185' title='bbox 1014 1242 1132 1297; x_wconf 89' lang='lat' dir='ltr'><strong>Domino</strong></span> <span class='ocrx_word' id='word_1_186' title='bbox 1147 1241 1250 1297; x_wconf 81' lang='lat' dir='ltr'><strong>servire</strong></span> <span class='ocrx_word' id='word_1_187' title='bbox 1274 1241 1356 1297; x_wconf 89' lang='lat' dir='ltr'><strong>debet</strong></span> <span class='ocrx_word' id='word_1_188' title='bbox 1375 1257 1426 1313; x_wconf 90' lang='lat' dir='ltr'><strong>per</strong></span> <span class='ocrx_word' id='word_1_189' title='bbox 1443 1241 1553 1297; x_wconf 90' lang='lat' dir='ltr'><strong>omnia:</strong></span> <span class='ocrx_word' id='word_1_190' title='bbox 1571 1246 1599 1297; x_wconf 86' lang='lat' dir='ltr'><strong>et</strong></span> <span class='ocrx_word' id='word_1_191' title='bbox 1615 1242 1750 1298; x_wconf 77' lang='lat' dir='ltr'><strong>Dominus</strong></span> 
     </span>
     <span class='ocr_line' id='line_1_14' title="bbox 103 1329 1749 1402; baseline -0.001 -18"><span class='ocrx_word' id='word_1_192' title='bbox 103 1338 146 1385; x_wconf 89' lang='lat' dir='ltr'><strong>est</strong></span> <span class='ocrx_word' id='word_1_193' title='bbox 174 1331 312 1386; x_wconf 90' lang='lat' dir='ltr'><strong>occultum</strong></span> <span class='ocrx_word' id='word_1_194' title='bbox 333 1331 464 1386; x_wconf 90' lang='lat' dir='ltr'><strong>damnum</strong></span> <span class='ocrx_word' id='word_1_195' title='bbox 483 1330 576 1386; x_wconf 83' lang='lat' dir='ltr'><strong>fratris</strong></span> <span class='ocrx_word' id='word_1_196' title='bbox 600 1331 832 1388; x_wconf 84' lang='lat' dir='ltr'><strong>circumventione</strong></span> <span class='ocrx_word' id='word_1_197' title='bbox 857 1330 902 1385; x_wconf 86' lang='lat' dir='ltr'><strong>ia·</strong></span> <span class='ocrx_word' id='word_1_198' title='bbox 950 1329 1065 1385; x_wconf 87' lang='lat' dir='ltr'><strong>debetur</strong></span> <span class='ocrx_word' id='word_1_199' title='bbox 1079 1331 1191 1402; x_wconf 82' lang='lat' dir='ltr'><strong>corpori</strong></span> <span class='ocrx_word' id='word_1_200' title='bbox 1206 1329 1242 1384; x_wconf 91' lang='lat' dir='ltr'><strong>ibi</strong></span> <span class='ocrx_word' id='word_1_201' title='bbox 1254 1330 1381 1385; x_wconf 85' lang='lat' dir='ltr'><strong>servienti</strong></span> <span class='ocrx_word' id='word_1_202' title='bbox 1398 1347 1404 1386; x_wconf 95' lang='lat'><strong>:</strong></span> <span class='ocrx_word' id='word_1_203' title='bbox 1424 1331 1487 1401; x_wconf 90' lang='lat' dir='ltr'><strong>quia</strong></span> <span class='ocrx_word' id='word_1_204' title='bbox 1514 1345 1575 1386; x_wconf 92' lang='lat' dir='ltr'><strong>cum</strong></span> <span class='ocrx_word' id='word_1_205' title='bbox 1589 1346 1639 1402; x_wconf 89' lang='lat' dir='ltr'><strong>per</strong></span> <span class='ocrx_word' id='word_1_206' title='bbox 1653 1346 1684 1385; x_wconf 87' lang='lat' dir='ltr'><strong>se</strong></span> <span class='ocrx_word' id='word_1_207' title='bbox 1696 1346 1749 1383; x_wconf 90' lang='lat' dir='ltr'><strong>nu-</strong></span> 
     </span>
     <span class='ocr_line' id='line_1_15' title="bbox 104 1417 1751 1492; baseline 0.001 -19"><span class='ocrx_word' id='word_1_208' title='bbox 104 1425 187 1486; x_wconf 89' lang='lat' dir='ltr'><strong>ctum,</strong></span> <span class='ocrx_word' id='word_1_209' title='bbox 208 1436 287 1492; x_wconf 92' lang='lat' dir='ltr'><strong>quam</strong></span> <span class='ocrx_word' id='word_1_210' title='bbox 311 1419 345 1475; x_wconf 90' lang='lat' dir='ltr'><strong>de</strong></span> <span class='ocrx_word' id='word_1_211' title='bbox 360 1419 550 1476; x_wconf 82' lang='lat' dir='ltr'><strong>reclamatione</strong></span> <span class='ocrx_word' id='word_1_212' title='bbox 566 1427 655 1475; x_wconf 87' lang='lat' dir='ltr'><strong>restra</strong></span> <span class='ocrx_word' id='word_1_213' title='bbox 670 1419 710 1475; x_wconf 91' lang='lat' dir='ltr'><strong>sic</strong></span> <span class='ocrx_word' id='word_1_214' title='bbox 725 1419 901 1475; x_wconf 88' lang='lat' dir='ltr'><strong>vilescatEc-</strong></span> <span class='ocrx_word' id='word_1_215' title='bbox 951 1418 1016 1473; x_wconf 92' lang='lat' dir='ltr'><strong>dum</strong></span> <span class='ocrx_word' id='word_1_216' title='bbox 1039 1419 1083 1487; x_wconf 91' lang='lat' dir='ltr'><strong>sit,</strong></span> <span class='ocrx_word' id='word_1_217' title='bbox 1109 1419 1188 1474; x_wconf 87' lang='lat' dir='ltr'><strong>vestit</strong></span> <span class='ocrx_word' id='word_1_218' title='bbox 1213 1435 1275 1473; x_wconf 91' lang='lat' dir='ltr'><strong>eum</strong></span> <span class='ocrx_word' id='word_1_219' title='bbox 1294 1419 1367 1474; x_wconf 89' lang='lat' dir='ltr'><strong>Deus</strong></span> <span class='ocrx_word' id='word_1_220' title='bbox 1396 1428 1555 1475; x_wconf 89' lang='lat' dir='ltr'><strong>ornamento</strong></span> <span class='ocrx_word' id='word_1_221' title='bbox 1575 1419 1703 1475; x_wconf 81' lang='lat' dir='ltr'><strong>uirtutum</strong></span> <span class='ocrx_word' id='word_1_222' title='bbox 1728 1417 1751 1474; x_wconf 88' lang='lat' dir='ltr'><strong>si</strong></span> 
     </span>
     <span class='ocr_line' id='line_1_16' title="bbox 105 1506 1750 1579; baseline 0.001 -18"><span class='ocrx_word' id='word_1_223' title='bbox 105 1506 211 1562; x_wconf 80' lang='lat' dir='ltr'><strong>clcsiai</strong></span> <span class='ocrx_word' id='word_1_224' title='bbox 224 1508 328 1564; x_wconf 90' lang='lat' dir='ltr'><strong>Bonum</strong></span> <span class='ocrx_word' id='word_1_225' title='bbox 343 1516 415 1563; x_wconf 91' lang='lat' dir='ltr'><strong>esset</strong></span> <span class='ocrx_word' id='word_1_226' title='bbox 429 1508 550 1579; x_wconf 88' lang='lat' dir='ltr'><strong>vospati</strong></span> <span class='ocrx_word' id='word_1_227' title='bbox 567 1507 692 1577; x_wconf 90' lang='lat' dir='ltr'><strong>injuriam</strong></span> <span class='ocrx_word' id='word_1_228' title='bbox 709 1524 726 1563; x_wconf 91' lang='lat' dir='ltr'><strong>a</strong></span> <span class='ocrx_word' id='word_1_229' title='bbox 741 1508 823 1564; x_wconf 85' lang='lat' dir='ltr'><strong>tratre</strong></span> <span class='ocrx_word' id='word_1_230' title='bbox 839 1508 901 1563; x_wconf 88' lang='lat' dir='ltr'><strong>illa·</strong></span> <span class='ocrx_word' id='word_1_231' title='bbox 951 1507 1077 1563; x_wconf 88' lang='lat' dir='ltr'><strong>servierit</strong></span> <span class='ocrx_word' id='word_1_232' title='bbox 1091 1508 1222 1563; x_wconf 91' lang='lat' dir='ltr'><strong>Domino.</strong></span> <span class='ocrx_word' id='word_1_233' title='bbox 1242 1508 1312 1563; x_wconf 85' lang='lat' dir='ltr'><strong>Vere</strong></span> <span class='ocrx_word' id='word_1_234' title='bbox 1337 1508 1469 1563; x_wconf 87' lang='lat' dir='ltr'><strong>Dominus</strong></span> <span class='ocrx_word' id='word_1_235' title='bbox 1491 1508 1560 1563; x_wconf 89' lang='lat' dir='ltr'><strong>bene</strong></span> <span class='ocrx_word' id='word_1_236' title='bbox 1582 1507 1666 1564; x_wconf 82' lang='lat' dir='ltr'><strong>saciet</strong></span> <span class='ocrx_word' id='word_1_237' title='bbox 1686 1523 1750 1563; x_wconf 94' lang='lat' dir='ltr'><strong>cor-</strong></span> 
     </span>
     <span class='ocr_line' id='line_1_17' title="bbox 105 1596 1753 1689; baseline 0.002 -41"><span class='ocrx_word' id='word_1_238' title='bbox 105 1601 170 1662; x_wconf 80' lang='lat' dir='ltr'><strong>tem,</strong></span> <span class='ocrx_word' id='word_1_239' title='bbox 187 1596 251 1668; x_wconf 90' lang='lat' dir='ltr'><strong>quia</strong></span> <span class='ocrx_word' id='word_1_240' title='bbox 278 1612 332 1652; x_wconf 91' lang='lat' dir='ltr'><strong>non</strong></span> <span class='ocrx_word' id='word_1_241' title='bbox 361 1597 448 1651; x_wconf 91' lang='lat' dir='ltr'><strong>solum</strong></span> <span class='ocrx_word' id='word_1_242' title='bbox 472 1612 527 1653; x_wconf 91' lang='lat' dir='ltr'><strong>non</strong></span> <span class='ocrx_word' id='word_1_243' title='bbox 549 1596 682 1669; x_wconf 91' lang='lat' dir='ltr'><strong>patimini,</strong></span> <span class='ocrx_word' id='word_1_244' title='bbox 698 1597 840 1653; x_wconf 87' lang='lat' dir='ltr'><strong>sedetiam</strong></span> <span class='ocrx_word' id='word_1_245' title='bbox 856 1596 1011 1689; x_wconf 82' lang='lat' dir='ltr'><strong>oosBpori</strong></span> <span class='ocrx_word' id='word_1_246' title='bbox 1028 1614 1035 1651; x_wconf 75' lang='grc' dir='ltr'><strong>ε</strong></span> <span class='ocrx_word' id='word_1_247' title='bbox 1051 1612 1114 1651; x_wconf 85' lang='lat' dir='ltr'><strong>narn</strong></span> <span class='ocrx_word' id='word_1_248' title='bbox 1130 1597 1264 1652; x_wconf 82' lang='lat' dir='ltr'><strong>Dominus</strong></span> <span class='ocrx_word' id='word_1_249' title='bbox 1279 1597 1428 1674; x_wconf 76' lang='lat' dir='ltr'><strong>suscitabit</strong></span> <span class='ocrx_word' id='word_1_250' title='bbox 1447 1611 1497 1652; x_wconf 88' lang='lat' dir='ltr'><strong>nos</strong></span> <span class='ocrx_word' id='word_1_251' title='bbox 1520 1597 1550 1651; x_wconf 91' lang='lat' dir='ltr'><strong>in</strong></span> <span class='ocrx_word' id='word_1_252' title='bbox 1572 1596 1753 1668; x_wconf 89' lang='lat' dir='ltr'><strong>incorruptio·</strong></span> 
     </span>
     <span class='ocr_line' id='line_1_18' title="bbox 106 1684 1745 1758; baseline 0.001 -19"><span class='ocrx_word' id='word_1_253' title='bbox 106 1685 204 1756; x_wconf 77' lang='lat' dir='ltr'><strong>sociiis</strong></span> <span class='ocrx_word' id='word_1_254' title='bbox 219 1685 244 1740; x_wconf 89' lang='lat' dir='ltr'><strong>ei</strong></span> <span class='ocrx_word' id='word_1_255' title='bbox 257 1686 406 1757; x_wconf 87' lang='lat' dir='ltr'><strong>injuriam,</strong></span> <span class='ocrx_word' id='word_1_256' title='bbox 417 1701 445 1740; x_wconf 89' lang='lat' dir='ltr'><strong>re</strong></span> <span class='ocrx_word' id='word_1_257' title='bbox 456 1684 605 1741; x_wconf 83' lang='lat' dir='ltr'><strong>auterendo</strong></span> <span class='ocrx_word' id='word_1_258' title='bbox 616 1702 674 1740; x_wconf 89' lang='lat' dir='ltr'><strong>sua.</strong></span> <span class='ocrx_word' id='word_1_259' title='bbox 689 1686 809 1741; x_wconf 83' lang='lat' dir='ltr'><strong>litetiam</strong></span> <span class='ocrx_word' id='word_1_260' title='bbox 820 1688 901 1757; x_wconf 71' lang='lat' dir='ltr'><strong>[rou-</strong></span> <span class='ocrx_word' id='word_1_261' title='bbox 951 1701 1015 1741; x_wconf 89' lang='lat' dir='ltr'><strong>nem</strong></span> <span class='ocrx_word' id='word_1_262' title='bbox 1031 1702 1038 1742; x_wconf 90' lang='lat'>:</span> <span class='ocrx_word' id='word_1_263' title='bbox 1054 1685 1104 1740; x_wconf 89' lang='lat' dir='ltr'><strong>sed</strong></span> <span class='ocrx_word' id='word_1_264' title='bbox 1118 1686 1198 1755; x_wconf 88' lang='lat' dir='ltr'><strong>hujus</strong></span> <span class='ocrx_word' id='word_1_265' title='bbox 1214 1685 1253 1741; x_wconf 89' lang='lat' dir='ltr'><strong>rei</strong></span> <span class='ocrx_word' id='word_1_266' title='bbox 1275 1686 1465 1757; x_wconf 84' lang='lat' dir='ltr'><strong>probationem</strong></span> <span class='ocrx_word' id='word_1_267' title='bbox 1485 1685 1623 1758; x_wconf 78' lang='lat' dir='ltr'><strong>praemittit</strong></span> <span class='ocrx_word' id='word_1_268' title='bbox 1637 1685 1745 1742; x_wconf 88' lang='lat' dir='ltr'><strong>dicens.</strong></span> 
     </span>
     <span class='ocr_line' id='line_1_19' title="bbox 105 1773 1749 1846; baseline 0 -17"><span class='ocrx_word' id='word_1_269' title='bbox 105 1773 191 1842; x_wconf 86' lang='lat' dir='ltr'><strong>dctis,</strong></span> <span class='ocrx_word' id='word_1_270' title='bbox 207 1773 235 1828; x_wconf 94' lang='lat' dir='ltr'><strong>id</strong></span> <span class='ocrx_word' id='word_1_271' title='bbox 251 1781 302 1839; x_wconf 89' lang='lat' dir='ltr'><strong>est,</strong></span> <span class='ocrx_word' id='word_1_272' title='bbox 315 1773 420 1830; x_wconf 87' lang='lat' dir='ltr'><strong>occulte</strong></span> <span class='ocrx_word' id='word_1_273' title='bbox 430 1775 549 1843; x_wconf 82' lang='lat' dir='ltr'><strong>jndicem</strong></span> <span class='ocrx_word' id='word_1_274' title='bbox 563 1775 718 1846; x_wconf 83' lang='lat' dir='ltr'><strong>praeveuitis</strong></span> <span class='ocrx_word' id='word_1_275' title='bbox 736 1791 903 1830; x_wconf 78' lang='lat' dir='ltr'><strong>munerare</strong></span> <span class='ocrx_word' id='word_1_276' title='bbox 950 1775 1019 1830; x_wconf 85' lang='lat' dir='ltr'><strong>Vere</strong></span> <span class='ocrx_word' id='word_1_277' title='bbox 1034 1775 1107 1830; x_wconf 89' lang='lat' dir='ltr'><strong>Deus</strong></span> <span class='ocrx_word' id='word_1_278' title='bbox 1123 1774 1267 1831; x_wconf 87' lang='lat' dir='ltr'><strong>suscitabit</strong></span> <span class='ocrx_word' id='word_1_279' title='bbox 1281 1791 1331 1830; x_wconf 93' lang='lat' dir='ltr'><strong>nos</strong></span> <span class='ocrx_word' id='word_1_280' title='bbox 1348 1793 1355 1830; x_wconf 76' lang='grc' dir='ltr'><strong>ε</strong></span> <span class='ocrx_word' id='word_1_281' title='bbox 1372 1792 1440 1831; x_wconf 87' lang='lat' dir='ltr'><strong>nom</strong></span> <span class='ocrx_word' id='word_1_282' title='bbox 1455 1775 1514 1846; x_wconf 92' lang='lat' dir='ltr'><strong>ipse</strong></span> <span class='ocrx_word' id='word_1_283' title='bbox 1528 1776 1682 1831; x_wconf 83' lang='lat' dir='ltr'><strong>suscitavit</strong></span> <span class='ocrx_word' id='word_1_284' title='bbox 1692 1774 1749 1844; x_wconf 87' lang='lat' dir='ltr'><strong>jam</strong></span> 
     </span>
     <span class='ocr_line' id='line_1_20' title="bbox 105 1861 1750 1936; baseline 0.001 -20"><span class='ocrx_word' id='word_1_285' title='bbox 105 1868 163 1917; x_wconf 89' lang='lat' dir='ltr'><strong>stro</strong></span> <span class='ocrx_word' id='word_1_286' title='bbox 179 1861 214 1916; x_wconf 92' lang='lat' dir='ltr'><strong>ad</strong></span> <span class='ocrx_word' id='word_1_287' title='bbox 224 1862 424 1933; x_wconf 90' lang='lat' dir='ltr'><strong>oppositionem</strong></span> <span class='ocrx_word' id='word_1_288' title='bbox 439 1862 667 1936; x_wconf 83' lang='lat' dir='ltr'><strong>[oppressionem]</strong></span> <span class='ocrx_word' id='word_1_289' title='bbox 683 1862 792 1919; x_wconf 79' lang='lat' dir='ltr'><strong>fratris:</strong></span> <span class='ocrx_word' id='word_1_290' title='bbox 809 1871 835 1918; x_wconf 92' lang='lat' dir='ltr'><strong>et</strong></span> <span class='ocrx_word' id='word_1_291' title='bbox 850 1864 902 1919; x_wconf 91' lang='lat' dir='ltr'><strong>hoc</strong></span> <span class='ocrx_word' id='word_1_292' title='bbox 956 1862 1074 1919; x_wconf 82' lang='lat'><strong>106</strong></span> <span class='ocrx_word' id='word_1_293' title='bbox 1081 1864 1233 1920; x_wconf 89' lang='lat' dir='ltr'><strong>Dominum</strong></span> <span class='ocrx_word' id='word_1_294' title='bbox 1240 1864 1376 1930; x_wconf 73' lang='lat' dir='ltr'><strong>iesumin</strong></span> <span class='ocrx_word' id='word_1_295' title='bbox 1383 1872 1681 1936; x_wconf 86' lang='lat' dir='ltr'><strong>quocaraemnostram</strong></span> <span class='ocrx_word' id='word_1_296' title='bbox 1689 1879 1750 1919; x_wconf 86' lang='lat' dir='ltr'><strong>sus-</strong></span> 
     </span>
     <span class='ocr_line' id='line_1_21' title="bbox 105 1949 1749 2025; baseline 0.002 -20"><span class='ocrx_word' id='word_1_297' title='bbox 105 1958 191 2006; x_wconf 92' lang='lat' dir='ltr'><strong>totum</strong></span> <span class='ocrx_word' id='word_1_298' title='bbox 207 1949 294 2007; x_wconf 84' lang='lat' dir='ltr'><strong>tacitis</strong></span> <span class='ocrx_word' id='word_1_299' title='bbox 308 1968 363 2007; x_wconf 93' lang='lat' dir='ltr'><strong>non</strong></span> <span class='ocrx_word' id='word_1_300' title='bbox 378 1951 579 2017; x_wconf 83' lang='lat' dir='ltr'><strong>extraneis,sed</strong></span> <span class='ocrx_word' id='word_1_301' title='bbox 593 1953 742 2023; x_wconf 72' lang='lat' dir='ltr'><strong>(ratribus,</strong></span> <span class='ocrx_word' id='word_1_302' title='bbox 755 1968 824 2024; x_wconf 90' lang='lat' dir='ltr'><strong>quos</strong></span> <span class='ocrx_word' id='word_1_303' title='bbox 838 1968 902 2023; x_wconf 90' lang='lat' dir='ltr'><strong>sup·</strong></span> <span class='ocrx_word' id='word_1_304' title='bbox 952 1952 1044 2008; x_wconf 87' lang='lat' dir='ltr'><strong>citarit</strong></span> <span class='ocrx_word' id='word_1_305' title='bbox 1060 1968 1066 2007; x_wconf 92' lang='lat'>:</span> <span class='ocrx_word' id='word_1_306' title='bbox 1084 1960 1111 2007; x_wconf 90' lang='lat' dir='ltr'><strong>et</strong></span> <span class='ocrx_word' id='word_1_307' title='bbox 1124 1953 1177 2009; x_wconf 93' lang='lat' dir='ltr'><strong>hoc</strong></span> <span class='ocrx_word' id='word_1_308' title='bbox 1191 1951 1219 2007; x_wconf 93' lang='lat' dir='ltr'><strong>in</strong></span> <span class='ocrx_word' id='word_1_309' title='bbox 1233 1953 1312 2009; x_wconf 92' lang='lat' dir='ltr'><strong>nobis</strong></span> <span class='ocrx_word' id='word_1_310' title='bbox 1330 1952 1461 2025; x_wconf 81' lang='lat' dir='ltr'><strong>perficiet.</strong></span> <span class='ocrx_word' id='word_1_311' title='bbox 1479 1954 1514 2008; x_wconf 85' lang='lat' dir='ltr'><strong>Et</strong></span> <span class='ocrx_word' id='word_1_312' title='bbox 1529 1953 1552 2008; x_wconf 91' lang='lat' dir='ltr'><strong>si</strong></span> <span class='ocrx_word' id='word_1_313' title='bbox 1567 1952 1668 2025; x_wconf 82' lang='lat' dir='ltr'><strong>quaeris</strong></span> <span class='ocrx_word' id='word_1_314' title='bbox 1683 1969 1749 2025; x_wconf 87' lang='lat' dir='ltr'><strong>quo-</strong></span> 
     </span>
     <span class='ocr_line' id='line_1_22' title="bbox 106 2039 1750 2115; baseline 0.002 -21"><span class='ocrx_word' id='word_1_315' title='bbox 106 2047 216 2110; x_wconf 89' lang='lat' dir='ltr'><strong>portare</strong></span> <span class='ocrx_word' id='word_1_316' title='bbox 230 2040 376 2095; x_wconf 87' lang='lat' dir='ltr'><strong>deberetis.</strong></span> <span class='ocrx_word' id='word_1_317' title='bbox 393 2041 427 2095; x_wconf 89' lang='lat' dir='ltr'><strong>Et</strong></span> <span class='ocrx_word' id='word_1_318' title='bbox 441 2041 493 2096; x_wconf 92' lang='lat' dir='ltr'><strong>hoc</strong></span> <span class='ocrx_word' id='word_1_319' title='bbox 514 2039 645 2096; x_wconf 86' lang='lat' dir='ltr'><strong>iacientes</strong></span> <span class='ocrx_word' id='word_1_320' title='bbox 669 2039 797 2096; x_wconf 84' lang='lat' dir='ltr'><strong>iratribus</strong></span> <span class='ocrx_word' id='word_1_321' title='bbox 810 2040 902 2113; x_wconf 86' lang='lat' dir='ltr'><strong>inique</strong></span> <span class='ocrx_word' id='word_1_322' title='bbox 951 2040 1034 2096; x_wconf 90' lang='lat' dir='ltr'><strong>modo</strong></span> <span class='ocrx_word' id='word_1_323' title='bbox 1050 2040 1185 2096; x_wconf 79' lang='lat' dir='ltr'><strong>suscitet?</strong></span> <span class='ocrx_word' id='word_1_324' title='bbox 1199 2040 1268 2097; x_wconf 90' lang='lat' dir='ltr'><strong>scito</strong></span> <span class='ocrx_word' id='word_1_325' title='bbox 1282 2041 1347 2113; x_wconf 87' lang='lat' dir='ltr'><strong>quia</strong></span> <span class='ocrx_word' id='word_1_326' title='bbox 1364 2058 1415 2115; x_wconf 88' lang='lat' dir='ltr'><strong>per</strong></span> <span class='ocrx_word' id='word_1_327' title='bbox 1435 2043 1571 2099; x_wconf 87' lang='lat' dir='ltr'><strong>virtutem</strong></span> <span class='ocrx_word' id='word_1_328' title='bbox 1583 2058 1676 2098; x_wconf 84' lang='lat' dir='ltr'><strong>sunna.</strong></span> <span class='ocrx_word' id='word_1_329' title='bbox 1694 2041 1750 2097; x_wconf 90' lang='lat' dir='ltr'><strong>lloc</strong></span> 
     </span>
     <span class='ocr_line' id='line_1_23' title="bbox 107 2127 1750 2203; baseline 0.002 -22"><span class='ocrx_word' id='word_1_330' title='bbox 107 2127 199 2200; x_wconf 78' lang='lat' dir='ltr'><strong>agitis.</strong></span> <span class='ocrx_word' id='word_1_331' title='bbox 216 2127 270 2183; x_wconf 87' lang='lat' dir='ltr'><strong>Sed</strong></span> <span class='ocrx_word' id='word_1_332' title='bbox 285 2146 323 2184; x_wconf 88' lang='lat' dir='ltr'><strong>cn</strong></span> <span class='ocrx_word' id='word_1_333' title='bbox 339 2130 903 2203; x_wconf 82' lang='lat' dir='ltr'><strong>nescitisvos,quioinipuinonposside-</strong></span> <span class='ocrx_word' id='word_1_334' title='bbox 953 2129 1017 2186; x_wconf 92' lang='lat' dir='ltr'><strong>dicit</strong></span> <span class='ocrx_word' id='word_1_335' title='bbox 1031 2129 1068 2185; x_wconf 88' lang='lat' dir='ltr'><strong>od</strong></span> <span class='ocrx_word' id='word_1_336' title='bbox 1082 2129 1316 2202; x_wconf 86' lang='lat' dir='ltr'><strong>comprimendum</strong></span> <span class='ocrx_word' id='word_1_337' title='bbox 1340 2130 1504 2197; x_wconf 86' lang='lat' dir='ltr'><strong>Corinthios,</strong></span> <span class='ocrx_word' id='word_1_338' title='bbox 1529 2130 1632 2202; x_wconf 90' lang='lat' dir='ltr'><strong>quide</strong></span> <span class='ocrx_word' id='word_1_339' title='bbox 1655 2147 1750 2186; x_wconf 90' lang='lat' dir='ltr'><strong>resur·</strong></span> 
     </span>
     <span class='ocr_line' id='line_1_24' title="bbox 108 2217 1751 2291; baseline 0.001 -18"><span class='ocrx_word' id='word_1_340' title='bbox 108 2217 179 2273; x_wconf 86' lang='lat' dir='ltr'><strong>dunt</strong></span> <span class='ocrx_word' id='word_1_341' title='bbox 195 2233 315 2288; x_wconf 76' lang='lat' dir='ltr'><strong>repnum</strong></span> <span class='ocrx_word' id='word_1_342' title='bbox 328 2218 400 2273; x_wconf 81' lang='lat' dir='ltr'><strong>Dei?</strong></span> <span class='ocrx_word' id='word_1_343' title='bbox 414 2217 561 2288; x_wconf 82' lang='lat' dir='ltr'><strong>Propterea</strong></span> <span class='ocrx_word' id='word_1_344' title='bbox 576 2234 610 2273; x_wconf 89' lang='lat' dir='ltr'><strong>ne</strong></span> <span class='ocrx_word' id='word_1_345' title='bbox 624 2234 640 2272; x_wconf 89' lang='lat' dir='ltr'><strong>a</strong></span> <span class='ocrx_word' id='word_1_346' title='bbox 654 2233 741 2290; x_wconf 85' lang='lat' dir='ltr'><strong>regno</strong></span> <span class='ocrx_word' id='word_1_347' title='bbox 757 2218 806 2274; x_wconf 93' lang='lat' dir='ltr'><strong>Dei</strong></span> <span class='ocrx_word' id='word_1_348' title='bbox 821 2218 902 2274; x_wconf 90' lang='lat' dir='ltr'><strong>alieni</strong></span> <span class='ocrx_word' id='word_1_349' title='bbox 953 2217 1074 2274; x_wconf 90' lang='lat' dir='ltr'><strong>rectione</strong></span> <span class='ocrx_word' id='word_1_350' title='bbox 1087 2217 1248 2273; x_wconf 90' lang='lat' dir='ltr'><strong>dubitabant</strong></span> <span class='ocrx_word' id='word_1_351' title='bbox 1264 2235 1270 2274; x_wconf 94' lang='lat'>:</span> <span class='ocrx_word' id='word_1_352' title='bbox 1287 2218 1359 2290; x_wconf 91' lang='lat' dir='ltr'><strong>quod</strong></span> <span class='ocrx_word' id='word_1_353' title='bbox 1381 2219 1410 2273; x_wconf 91' lang='lat' dir='ltr'><strong>in</strong></span> <span class='ocrx_word' id='word_1_354' title='bbox 1428 2219 1604 2291; x_wconf 88' lang='lat' dir='ltr'><strong>sequentibus</strong></span> <span class='ocrx_word' id='word_1_355' title='bbox 1626 2219 1751 2276; x_wconf 86' lang='lat' dir='ltr'><strong>declara·</strong></span> 
     </span>
     <span class='ocr_line' id='line_1_25' title="bbox 107 2304 1750 2380; baseline 0.002 -21"><span class='ocrx_word' id='word_1_356' title='bbox 107 2304 177 2372; x_wconf 88' lang='lat' dir='ltr'><strong>sitis,</strong></span> <span class='ocrx_word' id='word_1_357' title='bbox 194 2305 277 2361; x_wconf 91' lang='lat' dir='ltr'><strong>nolite</strong></span> <span class='ocrx_word' id='word_1_358' title='bbox 298 2322 392 2363; x_wconf 90' lang='lat' dir='ltr'><strong>errare</strong></span> <span class='ocrx_word' id='word_1_359' title='bbox 411 2304 560 2362; x_wconf 79' lang='lat' dir='ltr'><strong>fraudando</strong></span> <span class='ocrx_word' id='word_1_360' title='bbox 584 2314 610 2362; x_wconf 92' lang='grc' dir='ltr'><strong>ει</strong></span> <span class='ocrx_word' id='word_1_361' title='bbox 631 2306 786 2376; x_wconf 88' lang='lat' dir='ltr'><strong>injuriando</strong></span> <span class='ocrx_word' id='word_1_362' title='bbox 809 2306 903 2362; x_wconf 85' lang='lat' dir='ltr'><strong>fratri·</strong></span> <span class='ocrx_word' id='word_1_363' title='bbox 953 2306 1034 2362; x_wconf 90' lang='lat' dir='ltr'><strong>bitur.</strong></span> <span class='ocrx_word' id='word_1_364' title='bbox 1061 2307 1133 2362; x_wconf 85' lang='lat' dir='ltr'><strong>Dixit</strong></span> <span class='ocrx_word' id='word_1_365' title='bbox 1160 2321 1271 2363; x_wconf 82' lang='lat' dir='ltr'><strong>sarisam</strong></span> <span class='ocrx_word' id='word_1_366' title='bbox 1296 2323 1379 2380; x_wconf 89' lang='lat' dir='ltr'><strong>quare</strong></span> <span class='ocrx_word' id='word_1_367' title='bbox 1403 2323 1502 2379; x_wconf 87' lang='lat' dir='ltr'><strong>eorpus</strong></span> <span class='ocrx_word' id='word_1_368' title='bbox 1525 2308 1655 2364; x_wconf 89' lang='lat' dir='ltr'><strong>debeatur</strong></span> <span class='ocrx_word' id='word_1_369' title='bbox 1669 2309 1750 2364; x_wconf 89' lang='lat' dir='ltr'><strong>Deo:</strong></span> 
     </span>
     <span class='ocr_line' id='line_1_26' title="bbox 108 2392 1751 2470; baseline 0.001 -21"><span class='ocrx_word' id='word_1_370' title='bbox 108 2392 168 2449; x_wconf 89' lang='lat' dir='ltr'><strong>bus.</strong></span> <span class='ocrx_word' id='word_1_371' title='bbox 187 2394 255 2451; x_wconf 85' lang='lat' dir='ltr'><strong>Vere</strong></span> <span class='ocrx_word' id='word_1_372' title='bbox 270 2394 356 2467; x_wconf 90' lang='lat' dir='ltr'><strong>iniqui</strong></span> <span class='ocrx_word' id='word_1_373' title='bbox 362 2411 417 2451; x_wconf 90' lang='lat' dir='ltr'><strong>non</strong></span> <span class='ocrx_word' id='word_1_374' title='bbox 427 2396 608 2467; x_wconf 89' lang='lat' dir='ltr'><strong>possidebunt</strong></span> <span class='ocrx_word' id='word_1_375' title='bbox 619 2412 702 2451; x_wconf 78' lang='lat' dir='ltr'><strong>:riom</strong></span> <span class='ocrx_word' id='word_1_376' title='bbox 710 2413 799 2470; x_wconf 81' lang='lat' dir='ltr'><strong>neque</strong></span> <span class='ocrx_word' id='word_1_377' title='bbox 809 2398 903 2468; x_wconf 73' lang='lat' dir='ltr'><strong>sorni-</strong></span> <span class='ocrx_word' id='word_1_378' title='bbox 953 2395 1044 2451; x_wconf 82' lang='lat' dir='ltr'><strong>subdit</strong></span> <span class='ocrx_word' id='word_1_379' title='bbox 1057 2411 1168 2452; x_wconf 89' lang='lat' dir='ltr'><strong>causam</strong></span> <span class='ocrx_word' id='word_1_380' title='bbox 1183 2412 1265 2469; x_wconf 88' lang='lat' dir='ltr'><strong>quare</strong></span> <span class='ocrx_word' id='word_1_381' title='bbox 1279 2412 1334 2452; x_wconf 92' lang='lat' dir='ltr'><strong>non</strong></span> <span class='ocrx_word' id='word_1_382' title='bbox 1349 2396 1479 2452; x_wconf 89' lang='lat' dir='ltr'><strong>debeatur</strong></span> <span class='ocrx_word' id='word_1_383' title='bbox 1502 2395 1683 2464; x_wconf 79' lang='lat' dir='ltr'><strong>fornicationi,</strong></span> <span class='ocrx_word' id='word_1_384' title='bbox 1710 2396 1751 2453; x_wconf 91' lang='lat' dir='ltr'><strong>di-</strong></span> 
     </span>
     <span class='ocr_line' id='line_1_27' title="bbox 107 2484 1750 2560; baseline 0.001 -20"><span class='ocrx_word' id='word_1_385' title='bbox 107 2484 904 2560; x_wconf 70' lang='lat' dir='ltr'><strong>narii,nequequiseroiuntidotismequeadulterineque</strong></span> <span class='ocrx_word' id='word_1_386' title='bbox 953 2500 1018 2540; x_wconf 90' lang='lat' dir='ltr'><strong>oens</strong></span> <span class='ocrx_word' id='word_1_387' title='bbox 1036 2503 1043 2539; x_wconf 74' lang='grc' dir='ltr'><strong>ε</strong></span> <span class='ocrx_word' id='word_1_388' title='bbox 1061 2486 1166 2557; x_wconf 89' lang='lat' dir='ltr'><strong>Corpus</strong></span> <span class='ocrx_word' id='word_1_389' title='bbox 1198 2501 1253 2540; x_wconf 89' lang='lat' dir='ltr'><strong>non</strong></span> <span class='ocrx_word' id='word_1_390' title='bbox 1282 2494 1324 2541; x_wconf 90' lang='lat' dir='ltr'><strong>est</strong></span> <span class='ocrx_word' id='word_1_391' title='bbox 1351 2485 1521 2542; x_wconf 91' lang='lat' dir='ltr'><strong>subdendum</strong></span> <span class='ocrx_word' id='word_1_392' title='bbox 1552 2485 1750 2542; x_wconf 83' lang='lat' dir='ltr'><strong>fornicationi:</strong></span> 
     </span>
     <span class='ocr_line' id='line_1_28' title="bbox 107 2572 1748 2648; baseline 0.002 -21"><span class='ocrx_word' id='word_1_393' title='bbox 107 2573 207 2628; x_wconf 86' lang='lat' dir='ltr'><strong>molles</strong></span> <span class='ocrx_word' id='word_1_394' title='bbox 221 2572 267 2645; x_wconf 88' lang='lat' dir='ltr'><strong>qui</strong></span> <span class='ocrx_word' id='word_1_395' title='bbox 289 2572 435 2644; x_wconf 90' lang='lat' dir='ltr'><strong>patiuntur,</strong></span> <span class='ocrx_word' id='word_1_396' title='bbox 452 2590 541 2648; x_wconf 84' lang='lat' dir='ltr'><strong>neque</strong></span> <span class='ocrx_word' id='word_1_397' title='bbox 555 2575 746 2632; x_wconf 82' lang='lat' dir='ltr'><strong>concubitores</strong></span> <span class='ocrx_word' id='word_1_398' title='bbox 761 2575 904 2631; x_wconf 84' lang='lat' dir='ltr'><strong>musculo·</strong></span> <span class='ocrx_word' id='word_1_399' title='bbox 954 2574 1016 2644; x_wconf 89' lang='lat' dir='ltr'><strong>quia</strong></span> <span class='ocrx_word' id='word_1_400' title='bbox 1030 2589 1066 2629; x_wconf 89' lang='lat' dir='ltr'><strong>an</strong></span> <span class='ocrx_word' id='word_1_401' title='bbox 1080 2575 1197 2631; x_wconf 90' lang='lat' dir='ltr'><strong>nescitis</strong></span> <span class='ocrx_word' id='word_1_402' title='bbox 1208 2591 1257 2630; x_wconf 87' lang='lat' dir='ltr'><strong>vos</strong></span> <span class='ocrx_word' id='word_1_403' title='bbox 1267 2576 1400 2648; x_wconf 82' lang='lat' dir='ltr'><strong>quonium</strong></span> <span class='ocrx_word' id='word_1_404' title='bbox 1414 2590 1469 2630; x_wconf 91' lang='lat' dir='ltr'><strong>non</strong></span> <span class='ocrx_word' id='word_1_405' title='bbox 1483 2575 1572 2630; x_wconf 90' lang='lat' dir='ltr'><strong>solum</strong></span> <span class='ocrx_word' id='word_1_406' title='bbox 1582 2575 1689 2642; x_wconf 82' lang='lat' dir='ltr'><strong>animae,</strong></span> <span class='ocrx_word' id='word_1_407' title='bbox 1699 2573 1748 2630; x_wconf 87' lang='lat' dir='ltr'><strong>sed</strong></span> 
     </span>
     <span class='ocr_line' id='line_1_29' title="bbox 108 2660 1749 2736; baseline 0.001 -19"><span class='ocrx_word' id='word_1_408' title='bbox 108 2677 172 2717; x_wconf 82' lang='lat' dir='ltr'><strong>runs</strong></span> <span class='ocrx_word' id='word_1_409' title='bbox 188 2660 235 2733; x_wconf 88' lang='lat' dir='ltr'><strong>qui</strong></span> <span class='ocrx_word' id='word_1_410' title='bbox 256 2669 351 2733; x_wconf 78' lang='lat' dir='ltr'><strong>agunt,</strong></span> <span class='ocrx_word' id='word_1_411' title='bbox 373 2678 462 2736; x_wconf 84' lang='lat' dir='ltr'><strong>neque</strong></span> <span class='ocrx_word' id='word_1_412' title='bbox 483 2666 573 2735; x_wconf 68' lang='lat' dir='ltr'><strong>fures,</strong></span> <span class='ocrx_word' id='word_1_413' title='bbox 593 2678 682 2735; x_wconf 78' lang='lat' dir='ltr'><strong>neque</strong></span> <span class='ocrx_word' id='word_1_414' title='bbox 705 2665 796 2730; x_wconf 84' lang='lat' dir='ltr'><strong>orori,</strong></span> <span class='ocrx_word' id='word_1_415' title='bbox 815 2679 904 2736; x_wconf 82' lang='lat' dir='ltr'><strong>nepae</strong></span> <span class='ocrx_word' id='word_1_416' title='bbox 953 2662 1035 2719; x_wconf 89' lang='lat' dir='ltr'><strong>etiam</strong></span> <span class='ocrx_word' id='word_1_417' title='bbox 1049 2680 1165 2736; x_wconf 88' lang='lat' dir='ltr'><strong>corporo</strong></span> <span class='ocrx_word' id='word_1_418' title='bbox 1184 2668 1277 2720; x_wconf 86' lang='lat' dir='ltr'><strong>oestro</strong></span> <span class='ocrx_word' id='word_1_419' title='bbox 1292 2665 1416 2721; x_wconf 87' lang='lat' dir='ltr'><strong>membro</strong></span> <span class='ocrx_word' id='word_1_420' title='bbox 1429 2663 1535 2720; x_wconf 81' lang='lat' dir='ltr'><strong>Christi</strong></span> <span class='ocrx_word' id='word_1_421' title='bbox 1548 2665 1637 2720; x_wconf 77' lang='lat' dir='ltr'><strong>sunt!</strong></span> <span class='ocrx_word' id='word_1_422' title='bbox 1651 2663 1749 2720; x_wconf 75' lang='lat' dir='ltr'><strong>Anima</strong></span> 
     </span>
     <span class='ocr_line' id='line_1_30' title="bbox 107 2749 1751 2826; baseline 0.002 -21"><span class='ocrx_word' id='word_1_423' title='bbox 107 2749 217 2817; x_wconf 83' lang='lat' dir='ltr'><strong>ebriosi,</strong></span> <span class='ocrx_word' id='word_1_424' title='bbox 234 2767 323 2824; x_wconf 80' lang='lat' dir='ltr'><strong>neque</strong></span> <span class='ocrx_word' id='word_1_425' title='bbox 333 2751 475 2819; x_wconf 86' lang='lat' dir='ltr'><strong>maledici,</strong></span> <span class='ocrx_word' id='word_1_426' title='bbox 491 2767 580 2825; x_wconf 79' lang='lat' dir='ltr'><strong>neque</strong></span> <span class='ocrx_word' id='word_1_427' title='bbox 590 2768 716 2823; x_wconf 86' lang='lat' dir='ltr'><strong>rapaces,</strong></span> <span class='ocrx_word' id='word_1_428' title='bbox 728 2768 846 2825; x_wconf 77' lang='lat' dir='ltr'><strong>repnum</strong></span> <span class='ocrx_word' id='word_1_429' title='bbox 856 2753 905 2808; x_wconf 90' lang='lat' dir='ltr'><strong>Dei</strong></span> <span class='ocrx_word' id='word_1_430' title='bbox 953 2752 1105 2807; x_wconf 88' lang='lat' dir='ltr'><strong>membrum</strong></span> <span class='ocrx_word' id='word_1_431' title='bbox 1121 2760 1163 2808; x_wconf 90' lang='grc' dir='ltr'><strong>εει</strong></span> <span class='ocrx_word' id='word_1_432' title='bbox 1177 2752 1284 2820; x_wconf 90' lang='lat' dir='ltr'><strong>Christi,</strong></span> <span class='ocrx_word' id='word_1_433' title='bbox 1300 2753 1365 2825; x_wconf 84' lang='lat' dir='ltr'><strong>qnia</strong></span> <span class='ocrx_word' id='word_1_434' title='bbox 1378 2769 1429 2825; x_wconf 89' lang='lat' dir='ltr'><strong>per</strong></span> <span class='ocrx_word' id='word_1_435' title='bbox 1443 2752 1575 2809; x_wconf 86' lang='lat' dir='ltr'><strong>rationem</strong></span> <span class='ocrx_word' id='word_1_436' title='bbox 1587 2751 1646 2826; x_wconf 84' lang='lat' dir='ltr'><strong>tigit</strong></span> <span class='ocrx_word' id='word_1_437' title='bbox 1656 2753 1751 2809; x_wconf 91' lang='lat' dir='ltr'><strong>oculos</strong></span> 
     </span>
     <span class='ocr_line' id='line_1_31' title="bbox 104 2839 1750 2913; baseline 0.001 -19"><span class='ocrx_word' id='word_1_438' title='bbox 104 2840 295 2912; x_wconf 85' lang='lat' dir='ltr'><strong>possidebunt.</strong></span> <span class='ocrx_word' id='word_1_439' title='bbox 954 2839 1097 2897; x_wconf 88' lang='lat' dir='ltr'><strong>interiores</strong></span> <span class='ocrx_word' id='word_1_440' title='bbox 1119 2841 1148 2895; x_wconf 91' lang='lat' dir='ltr'><strong>in</strong></span> <span class='ocrx_word' id='word_1_441' title='bbox 1170 2841 1376 2898; x_wconf 88' lang='lat' dir='ltr'><strong>admirationem</strong></span> <span class='ocrx_word' id='word_1_442' title='bbox 1400 2841 1459 2897; x_wconf 90' lang='lat' dir='ltr'><strong>Dei.</strong></span> <span class='ocrx_word' id='word_1_443' title='bbox 1477 2842 1582 2913; x_wconf 90' lang='lat' dir='ltr'><strong>Corpus</strong></span> <span class='ocrx_word' id='word_1_444' title='bbox 1596 2842 1750 2898; x_wconf 88' lang='lat' dir='ltr'><strong>membrum</strong></span> 
     </span>
     <span class='ocr_line' id='line_1_32' title="bbox 143 2928 1748 3002; baseline 0.001 -18"><span class='ocrx_word' id='word_1_445' title='bbox 143 2930 184 2984; x_wconf 88' lang='lat' dir='ltr'><strong>Ne</strong></span> <span class='ocrx_word' id='word_1_446' title='bbox 198 2930 280 2985; x_wconf 91' lang='lat' dir='ltr'><strong>modo</strong></span> <span class='ocrx_word' id='word_1_447' title='bbox 295 2929 427 2985; x_wconf 89' lang='lat' dir='ltr'><strong>Corinthii</strong></span> <span class='ocrx_word' id='word_1_448' title='bbox 450 2928 650 2985; x_wconf 86' lang='lat' dir='ltr'><strong>deterrerentur</strong></span> <span class='ocrx_word' id='word_1_449' title='bbox 662 2929 713 2997; x_wconf 90' lang='lat' dir='ltr'><strong>his,</strong></span> <span class='ocrx_word' id='word_1_450' title='bbox 731 2938 757 2986; x_wconf 90' lang='lat' dir='ltr'><strong>et</strong></span> <span class='ocrx_word' id='word_1_451' title='bbox 772 2931 904 3002; x_wconf 88' lang='lat' dir='ltr'><strong>despera·</strong></span> <span class='ocrx_word' id='word_1_452' title='bbox 955 2937 997 2985; x_wconf 90' lang='lat' dir='ltr'><strong>est</strong></span> <span class='ocrx_word' id='word_1_453' title='bbox 1017 2929 1117 2985; x_wconf 83' lang='lat' dir='ltr'><strong>Christi</strong></span> <span class='ocrx_word' id='word_1_454' title='bbox 1133 2947 1140 2984; x_wconf 76' lang='grc' dir='ltr'><strong>ε</strong></span> <span class='ocrx_word' id='word_1_455' title='bbox 1156 2930 1220 2985; x_wconf 90' lang='lat' dir='ltr'><strong>dnm</strong></span> <span class='ocrx_word' id='word_1_456' title='bbox 1245 2946 1296 3002; x_wconf 88' lang='lat' dir='ltr'><strong>per</strong></span> <span class='ocrx_word' id='word_1_457' title='bbox 1318 2946 1426 2985; x_wconf 91' lang='lat' dir='ltr'><strong>manum</strong></span> <span class='ocrx_word' id='word_1_458' title='bbox 1456 2929 1592 2986; x_wconf 88' lang='lat' dir='ltr'><strong>ministrat</strong></span> <span class='ocrx_word' id='word_1_459' title='bbox 1614 2930 1748 3002; x_wconf 90' lang='lat' dir='ltr'><strong>pauperi,</strong></span> 
     </span>
     <span class='ocr_line' id='line_1_33' title="bbox 108 2993 1751 3091; baseline 0 -17"><span class='ocrx_word' id='word_1_460' title='bbox 108 3026 187 3075; x_wconf 89' lang='lat' dir='ltr'><strong>rent:</strong></span> <span class='ocrx_word' id='word_1_461' title='bbox 205 3019 269 3091; x_wconf 89' lang='lat' dir='ltr'><strong>quia</strong></span> <span class='ocrx_word' id='word_1_462' title='bbox 282 3016 397 3075; x_wconf 81' lang='lat' dir='ltr'><strong>tortasse</strong></span> <span class='ocrx_word' id='word_1_463' title='bbox 411 3019 447 3074; x_wconf 93' lang='lat' dir='ltr'><strong>ad</strong></span> <span class='ocrx_word' id='word_1_464' title='bbox 467 3020 525 3074; x_wconf 85' lang='lat' dir='ltr'><strong>haec</strong></span> <span class='ocrx_word' id='word_1_465' title='bbox 547 3026 610 3090; x_wconf 89' lang='lat' dir='ltr'><strong>post</strong></span> <span class='ocrx_word' id='word_1_466' title='bbox 633 3019 795 3090; x_wconf 88' lang='lat' dir='ltr'><strong>baptismum</strong></span> <span class='ocrx_word' id='word_1_467' title='bbox 811 3019 903 3076; x_wconf 88' lang='lat' dir='ltr'><strong>rodie·</strong></span> <span class='ocrx_word' id='word_1_468' title='bbox 917 2993 940 3055; x_wconf 75' lang='lat'>0</span> <span class='ocrx_word' id='word_1_469' title='bbox 955 3018 1071 3089; x_wconf 89' lang='lat' dir='ltr'><strong>pedibus</strong></span> <span class='ocrx_word' id='word_1_470' title='bbox 1093 3019 1182 3074; x_wconf 93' lang='lat' dir='ltr'><strong>visitat</strong></span> <span class='ocrx_word' id='word_1_471' title='bbox 1204 3017 1351 3086; x_wconf 83' lang='lat' dir='ltr'><strong>infirmum,</strong></span> <span class='ocrx_word' id='word_1_472' title='bbox 1377 3026 1430 3074; x_wconf 91' lang='lat' dir='ltr'><strong>etc.</strong></span> <span class='ocrx_word' id='word_1_473' title='bbox 1455 3019 1490 3073; x_wconf 88' lang='lat' dir='ltr'><strong>Et</strong></span> <span class='ocrx_word' id='word_1_474' title='bbox 1517 3019 1626 3091; x_wconf 90' lang='lat' dir='ltr'><strong>quando</strong></span> <span class='ocrx_word' id='word_1_475' title='bbox 1641 3019 1751 3091; x_wconf 88' lang='lat' dir='ltr'><strong>quidem</strong></span> 
     </span>
     <span class='ocr_line' id='line_1_34' title="bbox 109 3107 1752 3178; baseline 0.001 -15"><span class='ocrx_word' id='word_1_476' title='bbox 109 3116 178 3174; x_wconf 92' lang='lat' dir='ltr'><strong>rant,</strong></span> <span class='ocrx_word' id='word_1_477' title='bbox 198 3108 356 3165; x_wconf 90' lang='lat' dir='ltr'><strong>consolatur</strong></span> <span class='ocrx_word' id='word_1_478' title='bbox 382 3124 431 3163; x_wconf 92' lang='lat' dir='ltr'><strong>eos</strong></span> <span class='ocrx_word' id='word_1_479' title='bbox 453 3108 552 3163; x_wconf 89' lang='lat' dir='ltr'><strong>Paulus</strong></span> <span class='ocrx_word' id='word_1_480' title='bbox 566 3108 731 3164; x_wconf 90' lang='lat' dir='ltr'><strong>blandiendo</strong></span> <span class='ocrx_word' id='word_1_481' title='bbox 754 3108 794 3165; x_wconf 91' lang='lat' dir='ltr'><strong>eis</strong></span> <span class='ocrx_word' id='word_1_482' title='bbox 809 3128 816 3175; x_wconf 88' lang='grc'><strong>;</strong></span> <span class='ocrx_word' id='word_1_483' title='bbox 832 3109 905 3165; x_wconf 89' lang='lat' dir='ltr'><strong>unde</strong></span> <span class='ocrx_word' id='word_1_484' title='bbox 954 3107 1076 3163; x_wconf 88' lang='lat' dir='ltr'><strong>membra</strong></span> <span class='ocrx_word' id='word_1_485' title='bbox 1092 3107 1191 3163; x_wconf 89' lang='lat' dir='ltr'><strong>Christi</strong></span> <span class='ocrx_word' id='word_1_486' title='bbox 1206 3124 1299 3163; x_wconf 91' lang='lat' dir='ltr'><strong>sumus</strong></span> <span class='ocrx_word' id='word_1_487' title='bbox 1315 3125 1321 3156; x_wconf 76' lang='lat' dir='ltr'><strong>t</strong></span> <span class='ocrx_word' id='word_1_488' title='bbox 1338 3109 1651 3178; x_wconf 75' lang='lat' dir='ltr'><strong>erpototiensmembro</strong></span> <span class='ocrx_word' id='word_1_489' title='bbox 1669 3109 1752 3165; x_wconf 83' lang='lat' dir='ltr'><strong>Cirri-</strong></span> 
     </span>
     <span class='ocr_line' id='line_1_35' title="bbox 107 3195 1752 3270; baseline 0.001 -19"><span class='ocrx_word' id='word_1_490' title='bbox 107 3197 145 3251; x_wconf 89' lang='lat' dir='ltr'><strong>ait</strong></span> <span class='ocrx_word' id='word_1_491' title='bbox 159 3215 166 3252; x_wconf 89' lang='lat'>:</span> <span class='ocrx_word' id='word_1_492' title='bbox 182 3197 272 3254; x_wconf 84' lang='lat' dir='ltr'><strong>Nolite</strong></span> <span class='ocrx_word' id='word_1_493' title='bbox 287 3196 384 3253; x_wconf 88' lang='lat' dir='ltr'><strong>terreri</strong></span> <span class='ocrx_word' id='word_1_494' title='bbox 397 3196 545 3269; x_wconf 86' lang='lat' dir='ltr'><strong>praemissis</strong></span> <span class='ocrx_word' id='word_1_495' title='bbox 561 3215 568 3251; x_wconf 75' lang='grc' dir='ltr'><strong>ε</strong></span> <span class='ocrx_word' id='word_1_496' title='bbox 584 3212 629 3253; x_wconf 86' lang='lat' dir='ltr'><strong>vos</strong></span> <span class='ocrx_word' id='word_1_497' title='bbox 639 3197 905 3270; x_wconf 72' lang='lat' dir='ltr'><strong>quidemetbaeese-</strong></span> <span class='ocrx_word' id='word_1_498' title='bbox 954 3197 1001 3263; x_wconf 87' lang='lat' dir='ltr'><strong>sti,</strong></span> <span class='ocrx_word' id='word_1_499' title='bbox 1014 3198 1120 3265; x_wconf 71' lang='lat' dir='ltr'><strong>focium</strong></span> <span class='ocrx_word' id='word_1_500' title='bbox 1131 3212 1163 3252; x_wconf 88' lang='lat' dir='ltr'><strong>ea</strong></span> <span class='ocrx_word' id='word_1_501' title='bbox 1173 3198 1298 3253; x_wconf 84' lang='lat' dir='ltr'><strong>membro</strong></span> <span class='ocrx_word' id='word_1_502' title='bbox 1307 3198 1490 3253; x_wconf 83' lang='lat' dir='ltr'><strong>meretricis?</strong></span> <span class='ocrx_word' id='word_1_503' title='bbox 1505 3195 1584 3252; x_wconf 78' lang='lat' dir='ltr'><strong>ttstt</strong></span> <span class='ocrx_word' id='word_1_504' title='bbox 1599 3197 1661 3252; x_wconf 90' lang='lat' dir='ltr'><strong>hoc.</strong></span> <span class='ocrx_word' id='word_1_505' title='bbox 1681 3198 1752 3253; x_wconf 89' lang='lat' dir='ltr'><strong>Pos-</strong></span> 
     </span>
     <span class='ocr_line' id='line_1_36' title="bbox 109 3283 1751 3358; baseline 0.001 -16"><span class='ocrx_word' id='word_1_506' title='bbox 109 3286 190 3343; x_wconf 85' lang='lat' dir='ltr'><strong>cirtis</strong></span> <span class='ocrx_word' id='word_1_507' title='bbox 205 3301 266 3358; x_wconf 88' lang='lat' dir='ltr'><strong>quae</strong></span> <span class='ocrx_word' id='word_1_508' title='bbox 275 3285 414 3357; x_wconf 71' lang='lat' dir='ltr'><strong>praemisi,</strong></span> <span class='ocrx_word' id='word_1_509' title='bbox 429 3286 477 3342; x_wconf 86' lang='lat' dir='ltr'><strong>scd</strong></span> <span class='ocrx_word' id='word_1_510' title='bbox 491 3287 584 3343; x_wconf 84' lang='lat' dir='ltr'><strong>abluti</strong></span> <span class='ocrx_word' id='word_1_511' title='bbox 602 3289 670 3342; x_wconf 88' lang='lat' dir='ltr'><strong>estis</strong></span> <span class='ocrx_word' id='word_1_512' title='bbox 685 3286 720 3341; x_wconf 91' lang='lat' dir='ltr'><strong>ab</strong></span> <span class='ocrx_word' id='word_1_513' title='bbox 735 3286 777 3340; x_wconf 91' lang='lat' dir='ltr'><strong>his</strong></span> <span class='ocrx_word' id='word_1_514' title='bbox 793 3287 820 3341; x_wconf 92' lang='lat' dir='ltr'><strong>in</strong></span> <span class='ocrx_word' id='word_1_515' title='bbox 835 3286 900 3358; x_wconf 91' lang='lat' dir='ltr'><strong>bap·</strong></span> <span class='ocrx_word' id='word_1_516' title='bbox 954 3293 1017 3339; x_wconf 90' lang='lat' dir='ltr'><strong>sunt</strong></span> <span class='ocrx_word' id='word_1_517' title='bbox 1031 3285 1123 3357; x_wconf 84' lang='lat' dir='ltr'><strong>utique</strong></span> <span class='ocrx_word' id='word_1_518' title='bbox 1136 3283 1196 3341; x_wconf 87' lang='lat' dir='ltr'><strong>fieri</strong></span> <span class='ocrx_word' id='word_1_519' title='bbox 1218 3286 1343 3341; x_wconf 90' lang='lat' dir='ltr'><strong>membra</strong></span> <span class='ocrx_word' id='word_1_520' title='bbox 1363 3285 1515 3342; x_wconf 89' lang='lat' dir='ltr'><strong>meretricis</strong></span> <span class='ocrx_word' id='word_1_521' title='bbox 1532 3302 1539 3343; x_wconf 91' lang='lat'>:</span> <span class='ocrx_word' id='word_1_522' title='bbox 1556 3285 1620 3357; x_wconf 87' lang='lat' dir='ltr'><strong>qnia</strong></span> <span class='ocrx_word' id='word_1_523' title='bbox 1634 3302 1673 3342; x_wconf 87' lang='lat' dir='ltr'><strong>an</strong></span> <span class='ocrx_word' id='word_1_524' title='bbox 1697 3303 1751 3344; x_wconf 86' lang='lat' dir='ltr'><strong>ne-</strong></span> 
     </span>
     <span class='ocr_line' id='line_1_37' title="bbox 108 3373 1752 3449; baseline 0.001 -19"><span class='ocrx_word' id='word_1_525' title='bbox 108 3375 200 3442; x_wconf 90' lang='lat' dir='ltr'><strong>tismo,</strong></span> <span class='ocrx_word' id='word_1_526' title='bbox 216 3374 264 3431; x_wconf 85' lang='lat' dir='ltr'><strong>sed</strong></span> <span class='ocrx_word' id='word_1_527' title='bbox 278 3375 359 3431; x_wconf 87' lang='lat' dir='ltr'><strong>etiarn</strong></span> <span class='ocrx_word' id='word_1_528' title='bbox 372 3375 632 3444; x_wconf 71' lang='lat' dir='ltr'><strong>sanctificationis,</strong></span> <span class='ocrx_word' id='word_1_529' title='bbox 648 3374 676 3430; x_wconf 95' lang='lat' dir='ltr'><strong>id</strong></span> <span class='ocrx_word' id='word_1_530' title='bbox 699 3383 741 3431; x_wconf 90' lang='lat' dir='ltr'><strong>est</strong></span> <span class='ocrx_word' id='word_1_531' title='bbox 754 3373 905 3431; x_wconf 82' lang='lat' dir='ltr'><strong>confirmati</strong></span> <span class='ocrx_word' id='word_1_532' title='bbox 953 3375 1034 3430; x_wconf 88' lang='lat' dir='ltr'><strong>scitis</strong></span> <span class='ocrx_word' id='word_1_533' title='bbox 1042 3377 1170 3448; x_wconf 86' lang='lat' dir='ltr'><strong>vosqnod</strong></span> <span class='ocrx_word' id='word_1_534' title='bbox 1180 3375 1357 3449; x_wconf 76' lang='lat' dir='ltr'><strong>quiodboeret</strong></span> <span class='ocrx_word' id='word_1_535' title='bbox 1367 3376 1652 3447; x_wconf 72' lang='lat' dir='ltr'><strong>meretriciesfiritur</strong></span> <span class='ocrx_word' id='word_1_536' title='bbox 1661 3393 1752 3434; x_wconf 88' lang='lat' dir='ltr'><strong>unum</strong></span> 
     </span>
     <span class='ocr_line' id='line_1_38' title="bbox 107 3463 1752 3537; baseline 0.001 -17"><span class='ocrx_word' id='word_1_537' title='bbox 107 3464 187 3521; x_wconf 90' lang='lat' dir='ltr'><strong>donis</strong></span> <span class='ocrx_word' id='word_1_538' title='bbox 201 3464 289 3521; x_wconf 89' lang='lat' dir='ltr'><strong>sancti</strong></span> <span class='ocrx_word' id='word_1_539' title='bbox 299 3463 425 3536; x_wconf 90' lang='lat' dir='ltr'><strong>Spiritus,</strong></span> <span class='ocrx_word' id='word_1_540' title='bbox 437 3464 486 3520; x_wconf 89' lang='lat' dir='ltr'><strong>sed</strong></span> <span class='ocrx_word' id='word_1_541' title='bbox 495 3465 561 3521; x_wconf 83' lang='lat' dir='ltr'><strong>estis</strong></span> <span class='ocrx_word' id='word_1_542' title='bbox 571 3465 721 3535; x_wconf 72' lang='lat' dir='ltr'><strong>justificati</strong></span> <span class='ocrx_word' id='word_1_543' title='bbox 731 3465 905 3536; x_wconf 80' lang='lat' dir='ltr'><strong>possessione</strong></span> <span class='ocrx_word' id='word_1_544' title='bbox 954 3477 1055 3537; x_wconf 87' lang='lat' dir='ltr'><strong>corpus</strong></span> <span class='ocrx_word' id='word_1_545' title='bbox 1064 3481 1128 3520; x_wconf 89' lang='lat' dir='ltr'><strong>cum</strong></span> <span class='ocrx_word' id='word_1_546' title='bbox 1137 3466 1188 3520; x_wconf 85' lang='lat' dir='ltr'><strong>ilic</strong></span> <span class='ocrx_word' id='word_1_547' title='bbox 1201 3464 1215 3518; x_wconf 81' lang='lat'><strong>⁴?</strong></span> <span class='ocrx_word' id='word_1_548' title='bbox 1226 3466 1338 3520; x_wconf 86' lang='lat' dir='ltr'><strong>Duobus</strong></span> <span class='ocrx_word' id='word_1_549' title='bbox 1352 3463 1441 3519; x_wconf 86' lang='lat' dir='ltr'><strong>modis</strong></span> <span class='ocrx_word' id='word_1_550' title='bbox 1457 3464 1601 3520; x_wconf 74' lang='lat' dir='ltr'><strong>adhaerens</strong></span> <span class='ocrx_word' id='word_1_551' title='bbox 1614 3465 1752 3522; x_wconf 89' lang='lat' dir='ltr'><strong>meretrici</strong></span> 
     </span>
     <span class='ocr_line' id='line_1_39' title="bbox 108 3552 1752 3625; baseline 0.001 -16"><span class='ocrx_word' id='word_1_552' title='bbox 108 3553 237 3609; x_wconf 82' lang='lat' dir='ltr'><strong>uirtutum</strong></span> <span class='ocrx_word' id='word_1_553' title='bbox 253 3552 405 3609; x_wconf 89' lang='lat' dir='ltr'><strong>innomine</strong></span> <span class='ocrx_word' id='word_1_554' title='bbox 420 3552 527 3609; x_wconf 92' lang='lat' dir='ltr'><strong>Domini</strong></span> <span class='ocrx_word' id='word_1_555' title='bbox 541 3552 638 3619; x_wconf 90' lang='lat' dir='ltr'><strong>nostri,</strong></span> <span class='ocrx_word' id='word_1_556' title='bbox 655 3553 683 3607; x_wconf 92' lang='lat' dir='ltr'><strong>id</strong></span> <span class='ocrx_word' id='word_1_557' title='bbox 697 3560 739 3608; x_wconf 90' lang='grc' dir='ltr'><strong>εει</strong></span> <span class='ocrx_word' id='word_1_558' title='bbox 754 3552 860 3607; x_wconf 89' lang='lat' dir='ltr'><strong>Patris:</strong></span> <span class='ocrx_word' id='word_1_559' title='bbox 878 3560 905 3608; x_wconf 91' lang='lat' dir='ltr'><strong>et</strong></span> <span class='ocrx_word' id='word_1_560' title='bbox 954 3568 1054 3624; x_wconf 92' lang='lat' dir='ltr'><strong>corpus</strong></span> <span class='ocrx_word' id='word_1_561' title='bbox 1068 3553 1127 3622; x_wconf 86' lang='lat' dir='ltr'><strong>ejus</strong></span> <span class='ocrx_word' id='word_1_562' title='bbox 1142 3552 1276 3609; x_wconf 85' lang='lat' dir='ltr'><strong>eflicitur:</strong></span> <span class='ocrx_word' id='word_1_563' title='bbox 1292 3569 1346 3608; x_wconf 90' lang='lat' dir='ltr'><strong>uuo</strong></span> <span class='ocrx_word' id='word_1_564' title='bbox 1368 3569 1418 3625; x_wconf 89' lang='lat' dir='ltr'><strong>per</strong></span> <span class='ocrx_word' id='word_1_565' title='bbox 1442 3552 1516 3607; x_wconf 87' lang='lat' dir='ltr'><strong>illam</strong></span> <span class='ocrx_word' id='word_1_566' title='bbox 1535 3553 1752 3610; x_wconf 89' lang='lat' dir='ltr'><strong>commistionem</strong></span> 
     </span>
     <span class='ocr_line' id='line_1_40' title="bbox 107 3641 1752 3715; baseline -0.002 -16"><span class='ocrx_word' id='word_1_567' title='bbox 107 3644 265 3699; x_wconf 86' lang='lat' dir='ltr'><strong>innomine</strong></span> <span class='ocrx_word' id='word_1_568' title='bbox 278 3643 510 3708; x_wconf 64' lang='lat' dir='ltr'><strong>decertantes</strong></span> <span class='ocrx_word' id='word_1_569' title='bbox 525 3642 556 3696; x_wconf 89' lang='lat' dir='ltr'><strong>in</strong></span> <span class='ocrx_word' id='word_1_570' title='bbox 569 3641 905 3714; x_wconf 84' lang='lat' dir='ltr'><strong>SpirituDrinostri,qui</strong></span> <span class='ocrx_word' id='word_1_571' title='bbox 954 3641 1053 3711; x_wconf 89' lang='lat' dir='ltr'><strong>carnis,</strong></span> <span class='ocrx_word' id='word_1_572' title='bbox 1069 3658 1214 3714; x_wconf 88' lang='lat' dir='ltr'><strong>perquam</strong></span> <span class='ocrx_word' id='word_1_573' title='bbox 1235 3642 1263 3696; x_wconf 94' lang='lat' dir='ltr'><strong>in</strong></span> <span class='ocrx_word' id='word_1_574' title='bbox 1286 3643 1428 3713; x_wconf 89' lang='lat' dir='ltr'><strong>quamdam</strong></span> <span class='ocrx_word' id='word_1_575' title='bbox 1444 3641 1574 3697; x_wconf 88' lang='lat' dir='ltr'><strong>unitatem</strong></span> <span class='ocrx_word' id='word_1_576' title='bbox 1592 3642 1752 3715; x_wconf 80' lang='lat' dir='ltr'><strong>astringun-</strong></span> 
     </span>
     <span class='ocr_line' id='line_1_41' title="bbox 106 3729 1752 3803; baseline 0.001 -18"><span class='ocrx_word' id='word_1_577' title='bbox 106 3732 141 3785; x_wconf 88' lang='lat' dir='ltr'><strong>ab</strong></span> <span class='ocrx_word' id='word_1_578' title='bbox 157 3738 270 3802; x_wconf 89' lang='lat' dir='ltr'><strong>utroque</strong></span> <span class='ocrx_word' id='word_1_579' title='bbox 284 3730 416 3802; x_wconf 89' lang='lat' dir='ltr'><strong>procedit,</strong></span> <span class='ocrx_word' id='word_1_580' title='bbox 440 3745 499 3802; x_wconf 81' lang='lat' dir='ltr'><strong>quae</strong></span> <span class='ocrx_word' id='word_1_581' title='bbox 524 3729 604 3784; x_wconf 92' lang='lat' dir='ltr'><strong>nobis</strong></span> <span class='ocrx_word' id='word_1_582' title='bbox 618 3737 827 3785; x_wconf 89' lang='lat' dir='ltr'><strong>commemorata</strong></span> <span class='ocrx_word' id='word_1_583' title='bbox 843 3737 905 3784; x_wconf 90' lang='lat' dir='ltr'><strong>sunt</strong></span> <span class='ocrx_word' id='word_1_584' title='bbox 954 3737 999 3784; x_wconf 90' lang='lat' dir='ltr'><strong>tur</strong></span> <span class='ocrx_word' id='word_1_585' title='bbox 1014 3749 1022 3798; x_wconf 73' lang='grc' dir='ltr'>ς</span> <span class='ocrx_word' id='word_1_586' title='bbox 1038 3731 1124 3787; x_wconf 91' lang='lat' dir='ltr'><strong>altero</strong></span> <span class='ocrx_word' id='word_1_587' title='bbox 1139 3732 1167 3785; x_wconf 89' lang='lat' dir='ltr'><strong>tit</strong></span> <span class='ocrx_word' id='word_1_588' title='bbox 1180 3731 1384 3803; x_wconf 87' lang='lat' dir='ltr'><strong>participatione</strong></span> <span class='ocrx_word' id='word_1_589' title='bbox 1399 3731 1514 3802; x_wconf 90' lang='lat' dir='ltr'><strong>peccati.</strong></span> <span class='ocrx_word' id='word_1_590' title='bbox 1530 3730 1609 3800; x_wconf 90' lang='lat' dir='ltr'><strong>Quod</strong></span> <span class='ocrx_word' id='word_1_591' title='bbox 1618 3748 1668 3803; x_wconf 88' lang='lat' dir='ltr'><strong>per</strong></span> <span class='ocrx_word' id='word_1_592' title='bbox 1683 3747 1752 3788; x_wconf 90' lang='lat' dir='ltr'><strong>con·</strong></span> 
     </span>
     <span class='ocr_line' id='line_1_42' title="bbox 107 3817 1750 3892; baseline 0.002 -18"><span class='ocrx_word' id='word_1_593' title='bbox 107 3819 136 3874; x_wconf 90' lang='lat' dir='ltr'><strong>in</strong></span> <span class='ocrx_word' id='word_1_594' title='bbox 152 3818 299 3890; x_wconf 87' lang='lat' dir='ltr'><strong>baptismo.</strong></span> <span class='ocrx_word' id='word_1_595' title='bbox 319 3818 387 3888; x_wconf 88' lang='lat' dir='ltr'><strong>Quia</strong></span> <span class='ocrx_word' id='word_1_596' title='bbox 398 3817 654 3888; x_wconf 88' lang='lat' dir='ltr'><strong>dixeratsuperius:</strong></span> <span class='ocrx_word' id='word_1_597' title='bbox 672 3818 762 3886; x_wconf 80' lang='lat' dir='ltr'><strong>Quare</strong></span> <span class='ocrx_word' id='word_1_598' title='bbox 773 3835 904 3874; x_wconf 85' lang='lat' dir='ltr'><strong>nonma-</strong></span> <span class='ocrx_word' id='word_1_599' title='bbox 951 3819 1118 3889; x_wconf 87' lang='lat' dir='ltr'><strong>junctionem</strong></span> <span class='ocrx_word' id='word_1_600' title='bbox 1134 3820 1224 3875; x_wconf 91' lang='lat' dir='ltr'><strong>carnis</strong></span> <span class='ocrx_word' id='word_1_601' title='bbox 1242 3836 1325 3875; x_wconf 91' lang='lat' dir='ltr'><strong>unum</strong></span> <span class='ocrx_word' id='word_1_602' title='bbox 1340 3835 1441 3891; x_wconf 89' lang='lat' dir='ltr'><strong>corpus</strong></span> <span class='ocrx_word' id='word_1_603' title='bbox 1466 3819 1618 3876; x_wconf 79' lang='lat' dir='ltr'><strong>efficiantur</strong></span> <span class='ocrx_word' id='word_1_604' title='bbox 1643 3821 1750 3892; x_wconf 85' lang='lat' dir='ltr'><strong>probat,</strong></span> 
     </span>
     <span class='ocr_line' id='line_1_43' title="bbox 106 3905 1752 3982; baseline 0.002 -19"><span class='ocrx_word' id='word_1_605' title='bbox 106 3909 149 3980; x_wconf 78' lang='lat' dir='ltr'><strong>pis</strong></span> <span class='ocrx_word' id='word_1_606' title='bbox 160 3907 299 3977; x_wconf 82' lang='lat' dir='ltr'><strong>injurium</strong></span> <span class='ocrx_word' id='word_1_607' title='bbox 313 3907 452 3979; x_wconf 85' lang='lat' dir='ltr'><strong>accipitis,</strong></span> <span class='ocrx_word' id='word_1_608' title='bbox 469 3905 588 3961; x_wconf 88' lang='lat' dir='ltr'><strong>dicerent</strong></span> <span class='ocrx_word' id='word_1_609' title='bbox 602 3905 641 3960; x_wconf 92' lang='lat' dir='ltr'><strong>illi</strong></span> <span class='ocrx_word' id='word_1_610' title='bbox 657 3907 773 3962; x_wconf 90' lang='lat' dir='ltr'><strong>:Nonne</strong></span> <span class='ocrx_word' id='word_1_611' title='bbox 783 3907 846 3962; x_wconf 89' lang='lat' dir='ltr'><strong>licet</strong></span> <span class='ocrx_word' id='word_1_612' title='bbox 856 3923 905 3963; x_wconf 89' lang='lat' dir='ltr'><strong>no·</strong></span> <span class='ocrx_word' id='word_1_613' title='bbox 954 3908 1064 3980; x_wconf 85' lang='lat' dir='ltr'><strong>quiade</strong></span> <span class='ocrx_word' id='word_1_614' title='bbox 1080 3910 1131 3965; x_wconf 92' lang='lat' dir='ltr'><strong>hoc</strong></span> <span class='ocrx_word' id='word_1_615' title='bbox 1146 3909 1233 3980; x_wconf 81' lang='lat' dir='ltr'><strong>magis</strong></span> <span class='ocrx_word' id='word_1_616' title='bbox 1247 3910 1446 3980; x_wconf 79' lang='lat' dir='ltr'><strong>ambigebatur,</strong></span> <span class='ocrx_word' id='word_1_617' title='bbox 1462 3925 1527 3965; x_wconf 87' lang='lat' dir='ltr'><strong>vere</strong></span> <span class='ocrx_word' id='word_1_618' title='bbox 1543 3925 1627 3964; x_wconf 91' lang='lat' dir='ltr'><strong>unum</strong></span> <span class='ocrx_word' id='word_1_619' title='bbox 1651 3924 1752 3982; x_wconf 88' lang='lat' dir='ltr'><strong>corpus</strong></span> 
     </span>
     <span class='ocr_line' id='line_1_44' title="bbox 107 3994 1752 4069; baseline 0.002 -18"><span class='ocrx_word' id='word_1_620' title='bbox 107 3995 150 4051; x_wconf 92' lang='lat' dir='ltr'><strong>bis</strong></span> <span class='ocrx_word' id='word_1_621' title='bbox 163 4002 287 4067; x_wconf 89' lang='lat' dir='ltr'><strong>repetere</strong></span> <span class='ocrx_word' id='word_1_622' title='bbox 302 3994 420 4050; x_wconf 80' lang='lat' dir='ltr'><strong>nostra?</strong></span> <span class='ocrx_word' id='word_1_623' title='bbox 433 3994 597 4050; x_wconf 88' lang='lat' dir='ltr'><strong>determinat</strong></span> <span class='ocrx_word' id='word_1_624' title='bbox 611 3995 710 4050; x_wconf 89' lang='lat' dir='ltr'><strong>Paulus</strong></span> <span class='ocrx_word' id='word_1_625' title='bbox 726 4013 732 4050; x_wconf 93' lang='lat'><strong>:</strong></span> <span class='ocrx_word' id='word_1_626' title='bbox 750 3996 812 4067; x_wconf 90' lang='lat' dir='ltr'><strong>quia</strong></span> <span class='ocrx_word' id='word_1_627' title='bbox 827 4013 904 4068; x_wconf 76' lang='lat' dir='ltr'><strong>quac·</strong></span> <span class='ocrx_word' id='word_1_628' title='bbox 954 3996 1109 4053; x_wconf 83' lang='lat' dir='ltr'><strong>alliciuntur</strong></span> <span class='ocrx_word' id='word_1_629' title='bbox 1120 4015 1127 4052; x_wconf 95' lang='lat'><strong>:</strong></span> <span class='ocrx_word' id='word_1_630' title='bbox 1138 4013 1201 4053; x_wconf 91' lang='lat' dir='ltr'><strong>nam</strong></span> <span class='ocrx_word' id='word_1_631' title='bbox 1213 3999 1320 4069; x_wconf 87' lang='lat' dir='ltr'><strong>lloyses</strong></span> <span class='ocrx_word' id='word_1_632' title='bbox 1330 3997 1396 4053; x_wconf 88' lang='lat' dir='ltr'><strong>dicit</strong></span> <span class='ocrx_word' id='word_1_633' title='bbox 1404 3998 1432 4052; x_wconf 93' lang='lat' dir='ltr'><strong>in</strong></span> <span class='ocrx_word' id='word_1_634' title='bbox 1443 3998 1544 4053; x_wconf 88' lang='lat' dir='ltr'><strong>Genesi</strong></span> <span class='ocrx_word' id='word_1_635' title='bbox 1557 4015 1564 4052; x_wconf 78' lang='grc' dir='ltr'><strong>ε</strong></span> <span class='ocrx_word' id='word_1_636' title='bbox 1578 4019 1589 4048; x_wconf 76' lang='lat' dir='ltr'><strong>r</strong></span> <span class='ocrx_word' id='word_1_637' title='bbox 1603 3999 1752 4055; x_wconf 92' lang='lat' dir='ltr'><strong>Eruntduo</strong></span> 
     </span>
     <span class='ocr_line' id='line_1_45' title="bbox 106 4083 1753 4160; baseline 0.004 -20"><span class='ocrx_word' id='word_1_638' title='bbox 106 4085 168 4140; x_wconf 88' lang='lat' dir='ltr'><strong>darn</strong></span> <span class='ocrx_word' id='word_1_639' title='bbox 183 4092 254 4149; x_wconf 89' lang='lat' dir='ltr'><strong>sont,</strong></span> <span class='ocrx_word' id='word_1_640' title='bbox 272 4100 333 4157; x_wconf 82' lang='lat' dir='ltr'><strong>qum</strong></span> <span class='ocrx_word' id='word_1_641' title='bbox 348 4084 371 4138; x_wconf 92' lang='lat' dir='ltr'><strong>si</strong></span> <span class='ocrx_word' id='word_1_642' title='bbox 385 4083 477 4151; x_wconf 89' lang='lat' dir='ltr'><strong>licent,</strong></span> <span class='ocrx_word' id='word_1_643' title='bbox 493 4092 523 4138; x_wconf 93' lang='lat' dir='ltr'><strong>ut</strong></span> <span class='ocrx_word' id='word_1_644' title='bbox 547 4084 643 4139; x_wconf 85' lang='lat' dir='ltr'><strong>archus</strong></span> <span class='ocrx_word' id='word_1_645' title='bbox 657 4084 763 4155; x_wconf 90' lang='lat' dir='ltr'><strong>prosint</strong></span> <span class='ocrx_word' id='word_1_646' title='bbox 779 4084 901 4151; x_wconf 90' lang='lat' dir='ltr'><strong>dimissa,</strong></span> <span class='ocrx_word' id='word_1_647' title='bbox 953 4086 982 4141; x_wconf 90' lang='lat' dir='ltr'><strong>in</strong></span> <span class='ocrx_word' id='word_1_648' title='bbox 996 4102 1077 4143; x_wconf 86' lang='lat' dir='ltr'><strong>earne</strong></span> <span class='ocrx_word' id='word_1_649' title='bbox 1090 4103 1142 4141; x_wconf 87' lang='lat' dir='ltr'><strong>una</strong></span> <span class='ocrx_word' id='word_1_650' title='bbox 1158 4088 1237 4158; x_wconf 84' lang='lat' dir='ltr'><strong>(Gen.</strong></span> <span class='ocrx_word' id='word_1_651' title='bbox 1255 4103 1283 4153; x_wconf 92' lang='lat' dir='ltr'><strong>rr,</strong></span> <span class='ocrx_word' id='word_1_652' title='bbox 1300 4089 1356 4157; x_wconf 81' lang='lat' dir='ltr'><strong>at).</strong></span> <span class='ocrx_word' id='word_1_653' title='bbox 1375 4108 1387 4137; x_wconf 76' lang='grc' dir='ltr'><strong>ι</strong></span> <span class='ocrx_word' id='word_1_654' title='bbox 1403 4088 1461 4143; x_wconf 87' lang='grc' dir='ltr'><strong>Ηοε</strong></span> <span class='ocrx_word' id='word_1_655' title='bbox 1476 4095 1567 4142; x_wconf 89' lang='lat' dir='ltr'><strong>tamen</strong></span> <span class='ocrx_word' id='word_1_656' title='bbox 1581 4086 1616 4142; x_wconf 88' lang='lat' dir='ltr'><strong>de</strong></span> <span class='ocrx_word' id='word_1_657' title='bbox 1631 4086 1753 4160; x_wconf 81' lang='lat' dir='ltr'><strong>legitimo</strong></span> 
     </span>
     <span class='ocr_line' id='line_1_46' title="bbox 105 4172 1753 4246; baseline 0.001 -16"><span class='ocrx_word' id='word_1_658' title='bbox 105 4181 131 4230; x_wconf 90' lang='lat' dir='ltr'><strong>et</strong></span> <span class='ocrx_word' id='word_1_659' title='bbox 152 4173 211 4230; x_wconf 85' lang='lat' dir='ltr'><strong>haec</strong></span> <span class='ocrx_word' id='word_1_660' title='bbox 224 4182 285 4228; x_wconf 91' lang='lat' dir='ltr'><strong>sunt</strong></span> <span class='ocrx_word' id='word_1_661' title='bbox 309 4189 354 4229; x_wconf 88' lang='lat' dir='ltr'><strong>res</strong></span> <span class='ocrx_word' id='word_1_662' title='bbox 368 4173 542 4244; x_wconf 88' lang='lat' dir='ltr'><strong>temporales.</strong></span> <span class='ocrx_word' id='word_1_663' title='bbox 564 4172 695 4242; x_wconf 68' lang='lat' dir='ltr'><strong>Quaedam</strong></span> <span class='ocrx_word' id='word_1_664' title='bbox 712 4182 773 4228; x_wconf 90' lang='lat' dir='ltr'><strong>sunt</strong></span> <span class='ocrx_word' id='word_1_665' title='bbox 789 4190 850 4246; x_wconf 82' lang='lat' dir='ltr'><strong>qum</strong></span> <span class='ocrx_word' id='word_1_666' title='bbox 865 4175 904 4230; x_wconf 91' lang='lat' dir='ltr'><strong>sic</strong></span> <span class='ocrx_word' id='word_1_667' title='bbox 953 4175 1125 4231; x_wconf 89' lang='lat' dir='ltr'><strong>matrimonio</strong></span> <span class='ocrx_word' id='word_1_668' title='bbox 1148 4175 1237 4230; x_wconf 90' lang='lat' dir='ltr'><strong>dixit:</strong></span> <span class='ocrx_word' id='word_1_669' title='bbox 1254 4175 1303 4230; x_wconf 89' lang='lat' dir='ltr'><strong>sed</strong></span> <span class='ocrx_word' id='word_1_670' title='bbox 1318 4176 1414 4232; x_wconf 88' lang='lat' dir='ltr'><strong>eadem</strong></span> <span class='ocrx_word' id='word_1_671' title='bbox 1433 4175 1587 4244; x_wconf 85' lang='lat' dir='ltr'><strong>conjunctio</strong></span> <span class='ocrx_word' id='word_1_672' title='bbox 1609 4183 1635 4231; x_wconf 90' lang='lat' dir='ltr'><strong>et</strong></span> <span class='ocrx_word' id='word_1_673' title='bbox 1649 4176 1753 4231; x_wconf 90' lang='lat' dir='ltr'><strong>identi-</strong></span> 
     </span>
     <span class='ocr_line' id='line_1_47' title="bbox 105 4262 1753 4335; baseline 0.001 -16"><span class='ocrx_word' id='word_1_674' title='bbox 105 4263 198 4330; x_wconf 91' lang='lat' dir='ltr'><strong>licent,</strong></span> <span class='ocrx_word' id='word_1_675' title='bbox 228 4271 257 4317; x_wconf 93' lang='lat' dir='ltr'><strong>ut</strong></span> <span class='ocrx_word' id='word_1_676' title='bbox 277 4262 409 4331; x_wconf 88' lang='lat' dir='ltr'><strong>judicium</strong></span> <span class='ocrx_word' id='word_1_677' title='bbox 430 4278 525 4318; x_wconf 91' lang='lat' dir='ltr'><strong>eorum</strong></span> <span class='ocrx_word' id='word_1_678' title='bbox 553 4263 650 4318; x_wconf 89' lang='lat' dir='ltr'><strong>dimitti</strong></span> <span class='ocrx_word' id='word_1_679' title='bbox 679 4279 732 4319; x_wconf 94' lang='lat' dir='ltr'><strong>non</strong></span> <span class='ocrx_word' id='word_1_680' title='bbox 754 4263 861 4332; x_wconf 87' lang='lat' dir='ltr'><strong>debeat,</strong></span> <span class='ocrx_word' id='word_1_681' title='bbox 877 4271 904 4319; x_wconf 92' lang='lat' dir='ltr'><strong>et</strong></span> <span class='ocrx_word' id='word_1_682' title='bbox 953 4264 1102 4320; x_wconf 89' lang='lat' dir='ltr'><strong>tascarnis</strong></span> <span class='ocrx_word' id='word_1_683' title='bbox 1125 4262 1154 4317; x_wconf 91' lang='lat' dir='ltr'><strong>tit</strong></span> <span class='ocrx_word' id='word_1_684' title='bbox 1177 4265 1205 4318; x_wconf 91' lang='lat' dir='ltr'><strong>in</strong></span> <span class='ocrx_word' id='word_1_685' title='bbox 1229 4264 1328 4335; x_wconf 90' lang='lat' dir='ltr'><strong>copula</strong></span> <span class='ocrx_word' id='word_1_686' title='bbox 1351 4264 1485 4331; x_wconf 85' lang='lat' dir='ltr'><strong>adulterii,</strong></span> <span class='ocrx_word' id='word_1_687' title='bbox 1504 4263 1581 4319; x_wconf 61' lang='lat' dir='ltr'><strong>,sicut</strong></span> <span class='ocrx_word' id='word_1_688' title='bbox 1606 4263 1635 4317; x_wconf 91' lang='lat' dir='ltr'><strong>in</strong></span> <span class='ocrx_word' id='word_1_689' title='bbox 1657 4265 1753 4320; x_wconf 88' lang='lat' dir='ltr'><strong>matri-</strong></span> 
     </span>
     <span class='ocr_line' id='line_1_48' title="bbox 105 4351 1753 4424; baseline 0.002 -17"><span class='ocrx_word' id='word_1_690' title='bbox 105 4352 167 4409; x_wconf 84' lang='lat' dir='ltr'><strong>haec</strong></span> <span class='ocrx_word' id='word_1_691' title='bbox 181 4359 244 4406; x_wconf 89' lang='lat' dir='ltr'><strong>sunt</strong></span> <span class='ocrx_word' id='word_1_692' title='bbox 258 4351 418 4417; x_wconf 90' lang='lat' dir='ltr'><strong>criminalia,</strong></span> <span class='ocrx_word' id='word_1_693' title='bbox 433 4368 494 4424; x_wconf 81' lang='lat' dir='ltr'><strong>quse</strong></span> <span class='ocrx_word' id='word_1_694' title='bbox 508 4351 625 4407; x_wconf 89' lang='lat' dir='ltr'><strong>animam</strong></span> <span class='ocrx_word' id='word_1_695' title='bbox 645 4352 781 4408; x_wconf 86' lang='lat' dir='ltr'><strong>occidunt.</strong></span> <span class='ocrx_word' id='word_1_696' title='bbox 805 4352 904 4407; x_wconf 91' lang='lat' dir='ltr'><strong>Littera</strong></span> <span class='ocrx_word' id='word_1_697' title='bbox 918 4353 1056 4414; x_wconf 87' lang='lat' dir='ltr'><strong>Dmonio.</strong></span> <span class='ocrx_word' id='word_1_698' title='bbox 1072 4351 1123 4421; x_wconf 85' lang='lat' dir='ltr'><strong>Qui</strong></span> <span class='ocrx_word' id='word_1_699' title='bbox 1137 4353 1257 4408; x_wconf 72' lang='lat' dir='ltr'><strong>adhaeret</strong></span> <span class='ocrx_word' id='word_1_700' title='bbox 1280 4352 1415 4408; x_wconf 90' lang='lat' dir='ltr'><strong>meretrici</strong></span> <span class='ocrx_word' id='word_1_701' title='bbox 1438 4351 1468 4406; x_wconf 89' lang='lat' dir='ltr'><strong>frt</strong></span> <span class='ocrx_word' id='word_1_702' title='bbox 1482 4368 1563 4407; x_wconf 79' lang='lat' dir='ltr'><strong>ainaim</strong></span> <span class='ocrx_word' id='word_1_703' title='bbox 1579 4367 1678 4423; x_wconf 90' lang='lat' dir='ltr'><strong>corpus</strong></span> <span class='ocrx_word' id='word_1_704' title='bbox 1691 4370 1753 4410; x_wconf 92' lang='lat' dir='ltr'><strong>cum</strong></span> 
     </span>
     <span class='ocr_line' id='line_1_49' title="bbox 106 4437 1754 4514; baseline 0.001 -18"><span class='ocrx_word' id='word_1_705' title='bbox 106 4441 147 4497; x_wconf 85' lang='lat' dir='ltr'><strong>sic</strong></span> <span class='ocrx_word' id='word_1_706' title='bbox 163 4440 286 4512; x_wconf 77' lang='lat' dir='ltr'><strong>jungitur</strong></span> <span class='ocrx_word' id='word_1_707' title='bbox 301 4459 308 4494; x_wconf 75' lang='grc' dir='ltr'><strong>ε</strong></span> <span class='ocrx_word' id='word_1_708' title='bbox 324 4441 398 4496; x_wconf 87' lang='lat' dir='ltr'><strong>Licet</strong></span> <span class='ocrx_word' id='word_1_709' title='bbox 412 4440 525 4496; x_wconf 88' lang='lat' dir='ltr'><strong>dixerim</strong></span> <span class='ocrx_word' id='word_1_710' title='bbox 545 4441 658 4512; x_wconf 89' lang='lat' dir='ltr'><strong>accipite</strong></span> <span class='ocrx_word' id='word_1_711' title='bbox 672 4437 800 4510; x_wconf 89' lang='lat' dir='ltr'><strong>injuriam</strong></span> <span class='ocrx_word' id='word_1_712' title='bbox 815 4441 904 4514; x_wconf 84' lang='lat' dir='ltr'><strong>magis</strong></span> <span class='ocrx_word' id='word_1_713' title='bbox 954 4441 1009 4508; x_wconf 92' lang='lat' dir='ltr'><strong>illa,</strong></span> <span class='ocrx_word' id='word_1_714' title='bbox 1026 4441 1075 4496; x_wconf 88' lang='lat' dir='ltr'><strong>sed</strong></span> <span class='ocrx_word' id='word_1_715' title='bbox 1089 4443 1137 4514; x_wconf 86' lang='lat' dir='ltr'><strong>qni</strong></span> <span class='ocrx_word' id='word_1_716' title='bbox 1147 4441 1273 4497; x_wconf 82' lang='lat' dir='ltr'><strong>odltoeret</strong></span> <span class='ocrx_word' id='word_1_717' title='bbox 1289 4442 1416 4506; x_wconf 88' lang='lat' dir='ltr'><strong>Domino,</strong></span> <span class='ocrx_word' id='word_1_718' title='bbox 1428 4457 1503 4497; x_wconf 88' lang='lat' dir='ltr'><strong>unus</strong></span> <span class='ocrx_word' id='word_1_719' title='bbox 1518 4441 1638 4513; x_wconf 85' lang='lat' dir='ltr'><strong>spiritus</strong></span> <span class='ocrx_word' id='word_1_720' title='bbox 1653 4446 1705 4507; x_wconf 83' lang='lat' dir='ltr'><strong>est,</strong></span> <span class='ocrx_word' id='word_1_721' title='bbox 1725 4443 1754 4498; x_wconf 93' lang='lat' dir='ltr'><strong>id</strong></span> 
     </span>
     <span class='ocr_line' id='line_1_50' title="bbox 104 4528 1755 4602; baseline 0.002 -17"><span class='ocrx_word' id='word_1_722' title='bbox 104 4545 187 4602; x_wconf 90' lang='lat' dir='ltr'><strong>quam</strong></span> <span class='ocrx_word' id='word_1_723' title='bbox 211 4528 377 4596; x_wconf 88' lang='lat' dir='ltr'><strong>reclametis,</strong></span> <span class='ocrx_word' id='word_1_724' title='bbox 396 4529 453 4585; x_wconf 90' lang='lat' dir='ltr'><strong>scio</strong></span> <span class='ocrx_word' id='word_1_725' title='bbox 475 4537 567 4584; x_wconf 87' lang='lat' dir='ltr'><strong>tamen</strong></span> <span class='ocrx_word' id='word_1_726' title='bbox 588 4530 661 4601; x_wconf 88' lang='lat' dir='ltr'><strong>quod</strong></span> <span class='ocrx_word' id='word_1_727' title='bbox 677 4529 747 4585; x_wconf 85' lang='lat' dir='ltr'><strong>mibi</strong></span> <span class='ocrx_word' id='word_1_728' title='bbox 762 4536 788 4585; x_wconf 88' lang='lat' dir='ltr'><strong>et</strong></span> <span class='ocrx_word' id='word_1_729' title='bbox 802 4529 905 4586; x_wconf 91' lang='lat' dir='ltr'><strong>unicui·</strong></span> <span class='ocrx_word' id='word_1_730' title='bbox 954 4537 996 4585; x_wconf 90' lang='lat' dir='ltr'><strong>est</strong></span> <span class='ocrx_word' id='word_1_731' title='bbox 1018 4529 1109 4584; x_wconf 90' lang='lat' dir='ltr'><strong>unitur</strong></span> <span class='ocrx_word' id='word_1_732' title='bbox 1131 4529 1248 4585; x_wconf 90' lang='lat' dir='ltr'><strong>Domino</strong></span> <span class='ocrx_word' id='word_1_733' title='bbox 1273 4529 1301 4583; x_wconf 92' lang='lat' dir='ltr'><strong>in</strong></span> <span class='ocrx_word' id='word_1_734' title='bbox 1323 4529 1463 4585; x_wconf 89' lang='lat' dir='ltr'><strong>identitate</strong></span> <span class='ocrx_word' id='word_1_735' title='bbox 1488 4528 1608 4600; x_wconf 88' lang='lat' dir='ltr'><strong>spiritus.</strong></span> <span class='ocrx_word' id='word_1_736' title='bbox 1633 4530 1668 4584; x_wconf 87' lang='lat' dir='ltr'><strong>Et</strong></span> <span class='ocrx_word' id='word_1_737' title='bbox 1691 4531 1755 4602; x_wconf 86' lang='lat' dir='ltr'><strong>quia</strong></span> 
     </span>
     <span class='ocr_line' id='line_1_51' title="bbox 105 4616 1753 4693; baseline 0.003 -21"><span class='ocrx_word' id='word_1_738' title='bbox 105 4634 159 4691; x_wconf 89' lang='lat' dir='ltr'><strong>que</strong></span> <span class='ocrx_word' id='word_1_739' title='bbox 173 4624 293 4673; x_wconf 86' lang='lat' dir='ltr'><strong>vestrum</strong></span> <span class='ocrx_word' id='word_1_740' title='bbox 310 4619 397 4674; x_wconf 84' lang='lat' dir='ltr'><strong>licent</strong></span> <span class='ocrx_word' id='word_1_741' title='bbox 410 4618 470 4674; x_wconf 89' lang='lat' dir='ltr'><strong>haee</strong></span> <span class='ocrx_word' id='word_1_742' title='bbox 485 4621 592 4684; x_wconf 86' lang='lat' dir='ltr'><strong>omnic,</strong></span> <span class='ocrx_word' id='word_1_743' title='bbox 610 4618 637 4673; x_wconf 91' lang='lat' dir='ltr'><strong>id</strong></span> <span class='ocrx_word' id='word_1_744' title='bbox 653 4626 694 4673; x_wconf 90' lang='lat' dir='ltr'><strong>ost</strong></span> <span class='ocrx_word' id='word_1_745' title='bbox 707 4626 833 4689; x_wconf 88' lang='lat' dir='ltr'><strong>repetere</strong></span> <span class='ocrx_word' id='word_1_746' title='bbox 844 4634 902 4685; x_wconf 90' lang='lat' dir='ltr'><strong>sua,</strong></span> <span class='ocrx_word' id='word_1_747' title='bbox 953 4626 1057 4675; x_wconf 89' lang='lat' dir='ltr'><strong>tantum</strong></span> <span class='ocrx_word' id='word_1_748' title='bbox 1078 4618 1181 4673; x_wconf 90' lang='lat' dir='ltr'><strong>malum</strong></span> <span class='ocrx_word' id='word_1_749' title='bbox 1207 4616 1393 4674; x_wconf 79' lang='lat' dir='ltr'><strong>fornicationis</strong></span> <span class='ocrx_word' id='word_1_750' title='bbox 1419 4627 1471 4686; x_wconf 92' lang='grc' dir='ltr'><strong>εει,</strong></span> <span class='ocrx_word' id='word_1_751' title='bbox 1492 4625 1638 4690; x_wconf 85' lang='lat' dir='ltr'><strong>propterea</strong></span> <span class='ocrx_word' id='word_1_752' title='bbox 1662 4622 1753 4693; x_wconf 70' lang='lat' dir='ltr'><strong>sopite</strong></span> 
     </span>
     <span class='ocr_line' id='line_1_52' title="bbox 105 4705 1186 4779; baseline -0.001 -16"><span class='ocrx_word' id='word_1_753' title='bbox 105 4706 293 4763; x_wconf 88' lang='lat' dir='ltr'><strong>causaminire</strong></span> <span class='ocrx_word' id='word_1_754' title='bbox 308 4706 477 4775; x_wconf 82' lang='lat' dir='ltr'><strong>cumfratre,</strong></span> <span class='ocrx_word' id='word_1_755' title='bbox 494 4715 566 4772; x_wconf 87' lang='lat' dir='ltr'><strong>etc.;</strong></span> <span class='ocrx_word' id='word_1_756' title='bbox 583 4707 631 4763; x_wconf 84' lang='lat' dir='ltr'><strong>sed</strong></span> <span class='ocrx_word' id='word_1_757' title='bbox 649 4705 771 4777; x_wconf 87' lang='lat' dir='ltr'><strong>quamvis</strong></span> <span class='ocrx_word' id='word_1_758' title='bbox 795 4706 902 4776; x_wconf 90' lang='lat' dir='ltr'><strong>liceant,</strong></span> <span class='ocrx_word' id='word_1_759' title='bbox 952 4709 1186 4779; x_wconf 81' lang='lat' dir='ltr'><strong>fornicationem.</strong></span> 
     </span>
     <span class='ocr_line' id='line_1_53' title="bbox 105 4794 1751 4869; baseline 0.001 -19"><span class='ocrx_word' id='word_1_760' title='bbox 105 4803 197 4851; x_wconf 89' lang='lat' dir='ltr'><strong>tamen</strong></span> <span class='ocrx_word' id='word_1_761' title='bbox 212 4797 271 4852; x_wconf 84' lang='lat' dir='ltr'><strong>haec</strong></span> <span class='ocrx_word' id='word_1_762' title='bbox 285 4796 383 4851; x_wconf 87' lang='lat' dir='ltr'><strong>omnin</strong></span> <span class='ocrx_word' id='word_1_763' title='bbox 396 4812 454 4851; x_wconf 90' lang='lat' dir='ltr'><strong>non</strong></span> <span class='ocrx_word' id='word_1_764' title='bbox 469 4795 636 4866; x_wconf 75' lang='lat' dir='ltr'><strong>expediunt,</strong></span> <span class='ocrx_word' id='word_1_765' title='bbox 651 4794 678 4848; x_wconf 89' lang='lat' dir='ltr'><strong>id</strong></span> <span class='ocrx_word' id='word_1_766' title='bbox 693 4803 734 4850; x_wconf 89' lang='lat' dir='ltr'><strong>est</strong></span> <span class='ocrx_word' id='word_1_767' title='bbox 749 4811 804 4851; x_wconf 91' lang='lat' dir='ltr'><strong>uon</strong></span> <span class='ocrx_word' id='word_1_768' title='bbox 818 4811 903 4866; x_wconf 86' lang='lat' dir='ltr'><strong>cxpc-</strong></span> <span class='ocrx_word' id='word_1_769' title='bbox 989 4796 1145 4851; x_wconf 89' lang='lat' dir='ltr'><strong>Notandum</strong></span> <span class='ocrx_word' id='word_1_770' title='bbox 1169 4795 1297 4868; x_wconf 88' lang='lat' dir='ltr'><strong>estquod</strong></span> <span class='ocrx_word' id='word_1_771' title='bbox 1317 4795 1353 4851; x_wconf 90' lang='lat' dir='ltr'><strong>ait</strong></span> <span class='ocrx_word' id='word_1_772' title='bbox 1370 4812 1377 4851; x_wconf 90' lang='lat'>:</span> <span class='ocrx_word' id='word_1_773' title='bbox 1394 4796 1489 4869; x_wconf 82' lang='lat' dir='ltr'><strong>Fugite</strong></span> <span class='ocrx_word' id='word_1_774' title='bbox 1516 4797 1726 4854; x_wconf 85' lang='lat' dir='ltr'><strong>fornicationem</strong></span> <span class='ocrx_word' id='word_1_775' title='bbox 1744 4817 1751 4867; x_wconf 90' lang='lat'>;</span> 
     </span>
     <span class='ocr_line' id='line_1_54' title="bbox 105 4882 1754 4957; baseline 0.003 -19"><span class='ocrx_word' id='word_1_776' title='bbox 105 4883 177 4938; x_wconf 90' lang='lat' dir='ltr'><strong>ditos</strong></span> <span class='ocrx_word' id='word_1_777' title='bbox 192 4884 226 4938; x_wconf 91' lang='lat' dir='ltr'><strong>ad</strong></span> <span class='ocrx_word' id='word_1_778' title='bbox 243 4884 315 4940; x_wconf 92' lang='lat' dir='ltr'><strong>bona</strong></span> <span class='ocrx_word' id='word_1_779' title='bbox 329 4900 379 4939; x_wconf 93' lang='lat' dir='ltr'><strong>nos</strong></span> <span class='ocrx_word' id='word_1_780' title='bbox 393 4883 505 4949; x_wconf 85' lang='lat' dir='ltr'><strong>iaciunt,</strong></span> <span class='ocrx_word' id='word_1_781' title='bbox 520 4883 575 4938; x_wconf 90' lang='lat' dir='ltr'><strong>imo</strong></span> <span class='ocrx_word' id='word_1_782' title='bbox 589 4882 744 4954; x_wconf 89' lang='lat' dir='ltr'><strong>impeditos.</strong></span> <span class='ocrx_word' id='word_1_783' title='bbox 761 4884 836 4939; x_wconf 90' lang='lat' dir='ltr'><strong>ldern</strong></span> <span class='ocrx_word' id='word_1_784' title='bbox 851 4884 903 4939; x_wconf 90' lang='lat' dir='ltr'><strong>ite·</strong></span> <span class='ocrx_word' id='word_1_785' title='bbox 953 4887 1006 4941; x_wconf 93' lang='lat' dir='ltr'><strong>hoc</strong></span> <span class='ocrx_word' id='word_1_786' title='bbox 1034 4885 1106 4940; x_wconf 87' lang='lat' dir='ltr'><strong>enirn</strong></span> <span class='ocrx_word' id='word_1_787' title='bbox 1131 4893 1273 4956; x_wconf 85' lang='lat' dir='ltr'><strong>peccatum</strong></span> <span class='ocrx_word' id='word_1_788' title='bbox 1306 4900 1360 4940; x_wconf 89' lang='lat' dir='ltr'><strong>non</strong></span> <span class='ocrx_word' id='word_1_789' title='bbox 1384 4893 1425 4940; x_wconf 88' lang='grc' dir='ltr'><strong>εει</strong></span> <span class='ocrx_word' id='word_1_790' title='bbox 1451 4886 1663 4957; x_wconf 89' lang='lat' dir='ltr'><strong>exspectandum</strong></span> <span class='ocrx_word' id='word_1_791' title='bbox 1679 4904 1686 4941; x_wconf 94' lang='lat'><strong>:</strong></span> <span class='ocrx_word' id='word_1_792' title='bbox 1703 4887 1754 4943; x_wconf 90' lang='lat' dir='ltr'><strong>sed</strong></span> 
     </span>
     <span class='ocr_line' id='line_1_55' title="bbox 104 4972 1753 5046; baseline 0.002 -18"><span class='ocrx_word' id='word_1_793' title='bbox 104 4988 165 5028; x_wconf 90' lang='lat' dir='ltr'><strong>rum</strong></span> <span class='ocrx_word' id='word_1_794' title='bbox 180 4988 253 5028; x_wconf 90' lang='lat' dir='ltr'><strong>nunc</strong></span> <span class='ocrx_word' id='word_1_795' title='bbox 268 4972 359 5028; x_wconf 88' lang='lat' dir='ltr'><strong>subdit</strong></span> <span class='ocrx_word' id='word_1_796' title='bbox 373 4972 455 5027; x_wconf 91' lang='lat' dir='ltr'><strong>aliam</strong></span> <span class='ocrx_word' id='word_1_797' title='bbox 469 4987 579 5029; x_wconf 90' lang='lat' dir='ltr'><strong>causam</strong></span> <span class='ocrx_word' id='word_1_798' title='bbox 593 4972 711 5029; x_wconf 84' lang='lat' dir='ltr'><strong>:Omnia</strong></span> <span class='ocrx_word' id='word_1_799' title='bbox 721 4972 793 5028; x_wconf 81' lang='lat' dir='ltr'><strong>ruiti</strong></span> <span class='ocrx_word' id='word_1_800' title='bbox 804 4974 901 5039; x_wconf 82' lang='lat' dir='ltr'><strong>licent,</strong></span> <span class='ocrx_word' id='word_1_801' title='bbox 953 4982 1101 5045; x_wconf 82' lang='lat' dir='ltr'><strong>antequam</strong></span> <span class='ocrx_word' id='word_1_802' title='bbox 1125 4974 1215 5030; x_wconf 88' lang='lat' dir='ltr'><strong>veniat</strong></span> <span class='ocrx_word' id='word_1_803' title='bbox 1232 5016 1238 5039; x_wconf 94' lang='lat'><strong>,</strong></span> <span class='ocrx_word' id='word_1_804' title='bbox 1256 4973 1354 5045; x_wconf 79' lang='lat' dir='ltr'><strong>quihus</strong></span> <span class='ocrx_word' id='word_1_805' title='bbox 1377 4974 1542 5042; x_wconf 89' lang='lat' dir='ltr'><strong>adjumentis</strong></span> <span class='ocrx_word' id='word_1_806' title='bbox 1556 4991 1702 5046; x_wconf 89' lang='lat' dir='ltr'><strong>possumus</strong></span> <span class='ocrx_word' id='word_1_807' title='bbox 1717 4977 1753 5031; x_wconf 91' lang='lat' dir='ltr'><strong>ab</strong></span> 
     </span>
     <span class='ocr_line' id='line_1_56' title="bbox 97 5061 1754 5134; baseline 0.002 -17"><span class='ocrx_word' id='word_1_808' title='bbox 97 5061 154 5117; x_wconf 87' lang='lat' dir='ltr'><strong>sed</strong></span> <span class='ocrx_word' id='word_1_809' title='bbox 169 5068 258 5115; x_wconf 74' lang='lat' dir='ltr'><strong>umen</strong></span> <span class='ocrx_word' id='word_1_810' title='bbox 272 5077 318 5133; x_wconf 81' lang='lat' dir='ltr'><strong>epo</strong></span> <span class='ocrx_word' id='word_1_811' title='bbox 334 5061 724 5133; x_wconf 82' lang='lat' dir='ltr'><strong>proptereononrediporsub</strong></span> <span class='ocrx_word' id='word_1_812' title='bbox 731 5065 903 5134; x_wconf 84' lang='lat' dir='ltr'><strong>potestatem</strong></span> <span class='ocrx_word' id='word_1_813' title='bbox 954 5078 986 5118; x_wconf 91' lang='lat' dir='ltr'><strong>eo</strong></span> <span class='ocrx_word' id='word_1_814' title='bbox 1001 5061 1160 5134; x_wconf 84' lang='lat' dir='ltr'><strong>fugiendum</strong></span> <span class='ocrx_word' id='word_1_815' title='bbox 1176 5070 1217 5117; x_wconf 89' lang='lat' dir='ltr'><strong>est</strong></span> <span class='ocrx_word' id='word_1_816' title='bbox 1235 5077 1240 5116; x_wconf 93' lang='lat'>:</span> <span class='ocrx_word' id='word_1_817' title='bbox 1256 5062 1367 5119; x_wconf 87' lang='lat' dir='ltr'><strong>diiiioile</strong></span> <span class='ocrx_word' id='word_1_818' title='bbox 1386 5063 1458 5117; x_wconf 89' lang='lat' dir='ltr'><strong>enim</strong></span> <span class='ocrx_word' id='word_1_819' title='bbox 1484 5072 1524 5119; x_wconf 92' lang='lat' dir='ltr'><strong>est</strong></span> <span class='ocrx_word' id='word_1_820' title='bbox 1539 5064 1656 5121; x_wconf 88' lang='lat' dir='ltr'><strong>evadere</strong></span> <span class='ocrx_word' id='word_1_821' title='bbox 1670 5066 1706 5120; x_wconf 90' lang='lat' dir='ltr'><strong>ab</strong></span> <span class='ocrx_word' id='word_1_822' title='bbox 1721 5081 1754 5121; x_wconf 90' lang='lat' dir='ltr'><strong>ea</strong></span> 
     </span>
     <span class='ocr_line' id='line_1_57' title="bbox 104 5148 1755 5223; baseline 0.001 -15"><span class='ocrx_word' id='word_1_823' title='bbox 104 5150 195 5208; x_wconf 85' lang='lat' dir='ltr'><strong>uilius</strong></span> <span class='ocrx_word' id='word_1_824' title='bbox 208 5148 319 5217; x_wconf 84' lang='lat' dir='ltr'><strong>judicis,</strong></span> <span class='ocrx_word' id='word_1_825' title='bbox 342 5149 516 5219; x_wconf 87' lang='lat' dir='ltr'><strong>autolicujus</strong></span> <span class='ocrx_word' id='word_1_826' title='bbox 530 5150 614 5205; x_wconf 90' lang='lat' dir='ltr'><strong>reiut</strong></span> <span class='ocrx_word' id='word_1_827' title='bbox 628 5149 716 5223; x_wconf 79' lang='lat' dir='ltr'><strong>magis</strong></span> <span class='ocrx_word' id='word_1_828' title='bbox 731 5151 841 5205; x_wconf 90' lang='lat' dir='ltr'><strong>charam</strong></span> <span class='ocrx_word' id='word_1_829' title='bbox 856 5151 903 5203; x_wconf 88' lang='lat' dir='ltr'><strong>ha·</strong></span> <span class='ocrx_word' id='word_1_830' title='bbox 952 5158 1099 5223; x_wconf 86' lang='lat' dir='ltr'><strong>postquam</strong></span> <span class='ocrx_word' id='word_1_831' title='bbox 1114 5151 1209 5222; x_wconf 79' lang='lat' dir='ltr'><strong>igneas</strong></span> <span class='ocrx_word' id='word_1_832' title='bbox 1225 5152 1340 5223; x_wconf 85' lang='lat' dir='ltr'><strong>sagittas</strong></span> <span class='ocrx_word' id='word_1_833' title='bbox 1355 5150 1495 5207; x_wconf 85' lang='lat' dir='ltr'><strong>fornicatio</strong></span> <span class='ocrx_word' id='word_1_834' title='bbox 1510 5151 1634 5218; x_wconf 89' lang='lat' dir='ltr'><strong>intorsit,</strong></span> <span class='ocrx_word' id='word_1_835' title='bbox 1651 5161 1678 5208; x_wconf 91' lang='grc' dir='ltr'><strong>ει</strong></span> <span class='ocrx_word' id='word_1_836' title='bbox 1691 5154 1755 5210; x_wconf 91' lang='lat' dir='ltr'><strong>ideo</strong></span> 
     </span>
     <span class='ocr_line' id='line_1_58' title="bbox 103 5237 1755 5315; baseline 0.004 -21"><span class='ocrx_word' id='word_1_837' title='bbox 103 5237 182 5295; x_wconf 87' lang='lat' dir='ltr'><strong>bearn</strong></span> <span class='ocrx_word' id='word_1_838' title='bbox 197 5237 281 5305; x_wconf 89' lang='lat' dir='ltr'><strong>illam,</strong></span> <span class='ocrx_word' id='word_1_839' title='bbox 306 5253 387 5310; x_wconf 90' lang='lat' dir='ltr'><strong>quam</strong></span> <span class='ocrx_word' id='word_1_840' title='bbox 405 5254 500 5309; x_wconf 87' lang='lat' dir='ltr'><strong>pacem</strong></span> <span class='ocrx_word' id='word_1_841' title='bbox 515 5237 618 5294; x_wconf 81' lang='lat' dir='ltr'><strong>fratris.</strong></span> <span class='ocrx_word' id='word_1_842' title='bbox 635 5238 682 5293; x_wconf 86' lang='lat' dir='ltr'><strong>Vel</strong></span> <span class='ocrx_word' id='word_1_843' title='bbox 697 5239 735 5293; x_wconf 94' lang='lat' dir='ltr'><strong>ita</strong></span> <span class='ocrx_word' id='word_1_844' title='bbox 752 5256 758 5292; x_wconf 94' lang='lat'><strong>:</strong></span> <span class='ocrx_word' id='word_1_845' title='bbox 775 5240 834 5311; x_wconf 74' lang='lat' dir='ltr'><strong>ligo</strong></span> <span class='ocrx_word' id='word_1_846' title='bbox 849 5254 904 5292; x_wconf 91' lang='lat' dir='ltr'><strong>non</strong></span> <span class='ocrx_word' id='word_1_847' title='bbox 953 5239 1029 5307; x_wconf 82' lang='lat' dir='ltr'><strong>dixit,</strong></span> <span class='ocrx_word' id='word_1_848' title='bbox 1051 5240 1146 5312; x_wconf 84' lang='lat' dir='ltr'><strong>sugite,</strong></span> <span class='ocrx_word' id='word_1_849' title='bbox 1170 5248 1196 5294; x_wconf 90' lang='lat' dir='ltr'><strong>et</strong></span> <span class='ocrx_word' id='word_1_850' title='bbox 1211 5255 1267 5295; x_wconf 92' lang='lat' dir='ltr'><strong>nou</strong></span> <span class='ocrx_word' id='word_1_851' title='bbox 1295 5247 1450 5310; x_wconf 87' lang='lat' dir='ltr'><strong>exspectate</strong></span> <span class='ocrx_word' id='word_1_852' title='bbox 1467 5257 1474 5294; x_wconf 77' lang='grc' dir='ltr'><strong>ε</strong></span> <span class='ocrx_word' id='word_1_853' title='bbox 1491 5241 1554 5312; x_wconf 91' lang='lat' dir='ltr'><strong>quia</strong></span> <span class='ocrx_word' id='word_1_854' title='bbox 1575 5240 1621 5295; x_wconf 94' lang='lat' dir='ltr'><strong>ubi</strong></span> <span class='ocrx_word' id='word_1_855' title='bbox 1646 5242 1755 5315; x_wconf 88' lang='lat' dir='ltr'><strong>aliquos</strong></span> 
     </span>
     <span class='ocr_line' id='line_1_59' title="bbox 103 5326 1750 5402; baseline 0.002 -19"><span class='ocrx_word' id='word_1_856' title='bbox 103 5327 217 5400; x_wconf 83' lang='lat' dir='ltr'><strong>redigar</strong></span> <span class='ocrx_word' id='word_1_857' title='bbox 232 5327 283 5382; x_wconf 93' lang='lat' dir='ltr'><strong>sub</strong></span> <span class='ocrx_word' id='word_1_858' title='bbox 307 5334 467 5398; x_wconf 88' lang='lat' dir='ltr'><strong>potestatem</strong></span> <span class='ocrx_word' id='word_1_859' title='bbox 492 5327 572 5382; x_wconf 92' lang='lat' dir='ltr'><strong>ullius</strong></span> <span class='ocrx_word' id='word_1_860' title='bbox 590 5326 700 5395; x_wconf 85' lang='lat' dir='ltr'><strong>judicis.</strong></span> <span class='ocrx_word' id='word_1_861' title='bbox 730 5334 759 5381; x_wconf 90' lang='lat' dir='ltr'><strong>ut</strong></span> <span class='ocrx_word' id='word_1_862' title='bbox 780 5326 901 5397; x_wconf 83' lang='lat' dir='ltr'><strong>praemio,</strong></span> <span class='ocrx_word' id='word_1_863' title='bbox 953 5344 1081 5385; x_wconf 87' lang='lat' dir='ltr'><strong>accessus</strong></span> <span class='ocrx_word' id='word_1_864' title='bbox 1096 5329 1187 5398; x_wconf 89' lang='lat' dir='ltr'><strong>habet,</strong></span> <span class='ocrx_word' id='word_1_865' title='bbox 1206 5328 1750 5402; x_wconf 88' lang='lat' dir='ltr'><strong>nonesthominisindeeamexpellere.</strong></span> 
     </span>
     <span class='ocr_line' id='line_1_60' title="bbox 103 5414 1754 5491; baseline 0.002 -19"><span class='ocrx_word' id='word_1_866' title='bbox 103 5415 146 5472; x_wconf 86' lang='lat' dir='ltr'><strong>vel</strong></span> <span class='ocrx_word' id='word_1_867' title='bbox 165 5416 258 5489; x_wconf 88' lang='lat' dir='ltr'><strong>aliquo</strong></span> <span class='ocrx_word' id='word_1_868' title='bbox 280 5415 412 5489; x_wconf 87' lang='lat' dir='ltr'><strong>obsequio</strong></span> <span class='ocrx_word' id='word_1_869' title='bbox 435 5414 601 5487; x_wconf 86' lang='lat' dir='ltr'><strong>praeveniam</strong></span> <span class='ocrx_word' id='word_1_870' title='bbox 621 5414 730 5471; x_wconf 90' lang='lat' dir='ltr'><strong>eumad</strong></span> <span class='ocrx_word' id='word_1_871' title='bbox 744 5414 902 5488; x_wconf 88' lang='lat' dir='ltr'><strong>oppressio·</strong></span> <span class='ocrx_word' id='word_1_872' title='bbox 954 5416 1050 5473; x_wconf 88' lang='lat' dir='ltr'><strong>Subdit</strong></span> <span class='ocrx_word' id='word_1_873' title='bbox 1079 5433 1188 5474; x_wconf 87' lang='lat' dir='ltr'><strong>causam</strong></span> <span class='ocrx_word' id='word_1_874' title='bbox 1209 5433 1295 5490; x_wconf 86' lang='lat' dir='ltr'><strong>quare</strong></span> <span class='ocrx_word' id='word_1_875' title='bbox 1319 5416 1450 5491; x_wconf 77' lang='lat' dir='ltr'><strong>fugienda</strong></span> <span class='ocrx_word' id='word_1_876' title='bbox 1477 5417 1511 5472; x_wconf 91' lang='lat' dir='ltr'><strong>sit</strong></span> <span class='ocrx_word' id='word_1_877' title='bbox 1534 5416 1693 5488; x_wconf 80' lang='lat' dir='ltr'><strong>fornicatio,</strong></span> <span class='ocrx_word' id='word_1_878' title='bbox 1709 5420 1754 5477; x_wconf 94' lang='lat' dir='ltr'><strong>di·</strong></span> 
     </span>
    </p>
   </div>
   <div class='ocr_carea' id='block_1_3' title="bbox 0 0 1880 5986">
    <p class='ocr_par' dir='ltr' id='par_1_3' title="bbox 0 0 1880 5986">
     <span class='ocr_line' id='line_1_61' title="bbox 0 0 1880 5986; baseline 0 0"><span class='ocrx_word' id='word_1_879' title='bbox 0 0 1880 5986; x_wconf 95' lang='lat' dir='ltr'><strong> </strong></span> 
     </span>
    </p>
   </div>
  </div>
 </body>
</html>
