3742 5986
146 212 199 267 307
418 211 447 266 S.
467 208 646 268 BHUNONIS
665 208 990 268 GARTHUSIANORUM
1008 207 1252 268 INSTITUTORIS
1270 205 1347 265 OPP.
1375 209 1464 267 PARS
1484 208 1521 265 11.
1744 211 1799 267 308

146 334 295 402 habebant,
321 333 524 404 superbiebant,
548 334 671 391 dicentes
686 351 716 390 se
736 333 866 406 populum
881 331 941 402 Dei,
957 333 1038 395 Add
1051 333 1179 402 litteram,
1198 349 1282 406 quare
1297 335 1337 391 sio
1360 333 1568 407 intelligendum
1592 334 1657 389 est?
1672 333 1743 389 Vere
1759 333 1797 388 li·

147 423 215 479 alios
229 438 284 478 non
299 421 442 493 populum,
463 420 512 476 sed
522 432 618 477 canes.
637 423 728 478 Unum
742 423 946 477 Testamentum
997 420 1064 476 bera
1080 429 1129 492 est,
1147 436 1211 476 nam
1227 423 1267 479 sic
1280 423 1317 477 ait
1331 422 1415 478 isaias
1432 437 1439 477 :
1455 421 1479 477 0
1493 428 1522 477 tu
1538 421 1639 477 sterilis
1653 420 1796 478 Ecclesia!

149 511 240 566 datum
255 511 339 566 estin
357 517 448 564 monte
464 508 537 575 Sina,
547 526 608 582 qua
618 514 661 566 cst
676 511 761 580 Aper,
777 509 805 564 id
818 507 944 581 estquod
998 508 1068 579 Quia
1084 510 1209 582 quaedam
1224 510 1342 579 steriles,
1358 527 1419 582 quae
1433 518 1528 581 postea
1541 510 1652 581 pariunt
1664 526 1716 580 per
1730 525 1798 582 qra-

145 599 349 654 Testamentum
365 595 503 667 significat
528 600 613 670 Agar.
629 596 733 653 Relatio
748 596 820 651 bona
839 603 879 651 est
894 610 944 665 per
998 596 1073 665 tiam,
1090 604 1119 652 ut
1145 597 1242 653 eadem
1263 597 1331 654 Sara
1345 606 1371 654 et
1384 597 1534 665 Elisabeth,
1559 597 1622 654 ideo
1638 596 1737 652 addit:
1759 598 1799 652 Ta

149 703 220 759 quae,
236 686 299 757 quia
311 685 433 758 sequitur
450 684 590 756 proprium
602 683 723 740 lemiuini
737 683 858 755 generis.
869 686 946 756 Agar
997 685 1197 757 steriliaque
1220 701 1278 741 aaa
1305 687 1396 758 paria,
1427 687 1525 742 latare
1548 684 1649 740 animo.
1674 685 1798 756 Erumpo

148 774 342 845 interpretatur
357 774 504 839 alienatio,
517 789 550 828 ex
564 773 625 844 ipso
641 772 751 827 nomine
763 772 879 827 innuens
896 772 949 827 Ve-
998 771 1079 827 etiam
1091 772 1220 827 exteriori
1235 772 1335 846 gaudio
1348 778 1378 830 et
1401 773 1496 829 clama
1502 813 1511 841 ,
1528 771 1557 827 id
1571 780 1613 828 est
1631 772 1717 827 invita
1729 770 1799 827 alios

149 869 193 916 tus
207 862 411 917 Testamentum
425 859 600 915 alienandum
614 876 676 915 csse
689 868 716 915 et
737 858 946 914 destruendum.
997 860 1032 915 ad
1045 859 1274 934 congaudendum
1289 860 1347 917 tibi.
1366 861 1406 916 Τε
1420 860 1481 917 dico
1496 877 1558 932 qua
1567 875 1623 917 non
1638 860 1728 915 solum
1738 877 1798 917 aaa

149 948 225 1005 ldem
239 947 400 1020 significavit
415 949 467 1004 hoc
482 948 554 1020 quod
578 961 633 1003 nou
657 947 685 1001 in
700 954 773 1003 terra
794 946 947 1018 repromis-
997 950 1087 1020 parts,
1105 948 1154 1003 sed
1168 964 1221 1005 aec
1234 948 1314 1004 etiam
1329 949 1471 1021 parturis,
1488 947 1516 1002 id
1531 956 1573 1003 est
1587 964 1636 1020 spe
1651 963 1751 1004 carens
1768 947 1797 1002 in

152 1036 248 1107 sionis,
264 1036 350 1091 sedin
365 1036 473 1092 deserto
495 1035 588 1090 datum
611 1034 669 1100 luit,
700 1033 773 1106 quod
807 1049 949 1106 uunquam
999 1042 1121 1107 tempore
1146 1035 1216 1108 legis
1240 1036 1275 1092 de
1289 1036 1430 1106 periendo,
1460 1050 1516 1091 non
1535 1036 1654 1093 conaris.
1671 1036 1799 1092 Probavit

150 1141 202 1196 per
214 1140 296 1195 opere
311 1124 390 1192 hujus
405 1123 475 1196 legis
490 1123 597 1178 venturi
616 1131 707 1178 essent
727 1122 756 1177 in
785 1138 878 1178 veram
891 1130 948 1177 ter·
999 1123 1072 1195 quod
1088 1123 1123 1177 sit
1141 1123 1246 1190 libera3
1262 1111 1361 1195 probat
1375 1123 1458 1179 etiam
1477 1123 1551 1195 quod
1565 1124 1600 1179 sit
1626 1131 1724 1179 mater.
1741 1123 1798 1178 hit·

151 1227 209 1267 ram
236 1211 465 1283 repromissionis.
500 1213 569 1267 Vere
602 1212 634 1266 ia
662 1211 850 1280 seruitutem,
880 1226 949 1272 aava
998 1217 1057 1266 tera
1071 1218 1162 1266 tamen
1183 1211 1331 1282 respondet
1354 1212 1389 1266 ad
1417 1211 1581 1282 proximum.
1606 1211 1668 1270 ldco
1683 1213 1795 1278 latare,

154 1301 224 1357 Sina
238 1302 282 1356 est
305 1315 385 1355 mous
413 1300 446 1354 ia
475 1299 590 1355 Arabia.
618 1299 672 1354 Per
694 1300 747 1354 hcc
764 1298 837 1353 enim
864 1297 946 1369 quod,
999 1305 1069 1366 etc.,
1086 1299 1148 1370 quia
1175 1299 1231 1368 fita
1252 1298 1379 1366 desertae,
1405 1299 1489 1354 idest
1510 1298 1653 1367 Ecclesia,
1682 1315 1744 1369 qnae
1767 1298 1796 1355 iu

152 1387 217 1442 dum
231 1394 325 1442 essent
339 1387 367 1441 in
384 1386 553 1457 captivitate,
577 1384 746 1457 accipiebant
762 1387 832 1441 hanc
846 1385 947 1456 legem,
998 1393 1119 1457 tempore
1134 1386 1204 1459 legis
1218 1386 1420 1442 cohabitatione
1433 1402 1450 1442 a
1465 1387 1523 1442 Deo
1533 1386 1662 1442 derelicta
1676 1386 1727 1442 fuit
1741 1401 1797 1443 non

153 1473 358 1547 significabatur
373 1473 446 1546 quod
460 1473 545 1528 lexin
559 1473 716 1545 captivitate
740 1473 800 1527 data
829 1488 950 1545 genera·
999 1473 1153 1530 dilectione.
1186 1474 1217 1529 lu
1245 1483 1366 1546 tempore
1394 1475 1474 1530 etiam
1496 1474 1567 1547 legis
1589 1475 1678 1548 εεεςιε
1702 1473 1798 1530 dilexit

153 1562 200 1617 bat
214 1563 298 1617 cosin
311 1561 485 1628 servitutem
502 1577 640 1633 nunquam
650 1576 700 1632 per
711 1576 793 1632 opera
803 1560 873 1632 legis
887 1575 950 1616 ven·
999 1561 1076 1617 Deus
1091 1560 1246 1616 libertatem
1260 1559 1325 1617 fidei
1339 1578 1419 1634 quam
1435 1561 1593 1618 servitutem
1607 1561 1688 1634 legis.

154 1656 227 1705 turos
242 1648 270 1703 in
285 1649 448 1703 libertatem.
466 1648 541 1704 ldem
556 1648 720 1719 allegoricus
736 1647 820 1703 innuit
829 1646 986 1737 intellec-B
1036 1648 1107 1715 Filii,
1125 1648 1246 1720 inquam,
1276 1648 1392 1705 desertae
1413 1650 1503 1721 magis
1524 1649 1602 1704 multi
1625 1657 1689 1704 sunt
1714 1664 1798 1721 quam

153 1744 206 1792 tus.
223 1736 325 1792 Arabia
340 1736 411 1791 enim
431 1734 579 1792 humilitas
594 1737 637 1792 vel
652 1736 773 1807 afflictio
788 1736 950 1807 interpreta-

153 1832 205 1879 tur.
223 1824 301 1880 Unde
314 1823 354 1880 sic
381 1822 495 1879 dicimus
512 1838 519 1878 z
534 1825 604 1881 Sina
618 1840 699 1879 mona
714 1828 756 1880 est
771 1825 804 1880 ia
836 1824 948 1890 Arabia,

152 1912 236 1968 idest
265 1911 435 1978 mandatum,
460 1919 488 1966 et
502 1911 630 1982 superbia
658 1911 742 1966 estin
769 1909 874 1967 afflictis
889 1927 947 1976 seu,

154 2000 228 2073 quod
241 1999 313 2055 idem
335 2007 386 2068 est,
403 1998 565 2054 humiliatis.
584 1997 637 2055 Per
650 1999 704 2056 hoc
727 2000 798 2054 enim
814 1999 887 2071 quod
903 2016 950 2054 εε-

153 2087 314 2159 parbiebant
323 2087 358 2143 de
368 2088 506 2155 mandato,
514 2095 541 2142 et
553 2087 703 2158 saepissime
713 2085 786 2143 velut
800 2087 865 2142 mali
880 2087 951 2143 servi

154 2162 345 2248 affligebantur
359 2191 409 2247 per
421 2175 522 2246 legem,
539 2183 653 2246 apparet
667 2175 739 2247 quod
749 2175 793 2230 lex
808 2174 853 2230 illa
864 2191 951 2246 geue·

154 2270 243 2318 resset
257 2278 305 2318 eos
319 2265 350 2319 ta
365 2264 541 2320 sementem.
562 2261 625 2318 Sina
648 2278 727 2319 mons
742 2269 784 2318 est
798 2262 827 2316 in
841 2262 950 2331 Arabia,

155 2352 298 2425 pulmone
313 2351 484 2422 conjunctus
500 2354 553 2419 est,
565 2350 594 2406 id
609 2358 650 2407 est
666 2350 832 2407 assimilatus
845 2351 872 2407 ei
885 2352 952 2406 Hic·

1001 1736 1054 1792 sint
1068 1735 1115 1790 tilii
1131 1737 1188 1806 ejus
1213 1736 1299 1808 legis,
1326 1753 1386 1808 qua
1404 1753 1476 1793 nunc
1497 1737 1580 1793 habet
1600 1737 1698 1793 virum.
1722 1739 1800 1794 Tunc

1000 1824 1074 1880 enim
1098 1823 1141 1879 lex
1156 1824 1259 1880 multos
1279 1824 1443 1895 generabat,
1460 1825 1509 1880 sed
1524 1825 1569 1897 qui
1594 1823 1688 1880 fideles
1709 1833 1798 1892 erant,

999 1919 1029 1966 ut
1043 1912 1151 1984 Moyses
1170 1920 1197 1967 et
1227 1912 1378 1983 prophetae,
1394 1912 1520 1968 videntes
1542 1912 1672 1968 duritiam
1687 1927 1795 1981 eoram,

1000 2013 1051 2055 nec
1066 1999 1162 2054 saltem
1185 1999 1343 2072 cogitabant
1362 2014 1409 2056 eos
1423 1999 1458 2055 de
1478 2000 1660 2071 spiritualibus
1683 2000 1796 2070 docere,

1001 2101 1069 2158 quos
1089 2086 1208 2159 quotidie
1223 2086 1251 2140 in
1271 2087 1423 2143 carnalibus
1437 2088 1572 2143 mandatis
1582 2087 1711 2144 videbant
1722 2096 1798 2144 tran·

1000 2191 1161 2246 agressores
1175 2191 1247 2231 esse.
1273 2176 1327 2231 Lex
1343 2175 1453 2248 quidem
1473 2183 1536 2232 tunc
1558 2175 1677 2233 habebat
1699 2176 1797 2245 virum,

1000 2261 1028 2317 id
1043 2270 1084 2317 est
1098 2264 1185 2318 Deum
1210 2263 1421 2330 cohabitatione,
1446 2278 1501 2318 non
1527 2271 1618 2320 tamen
1642 2263 1797 2322 dilectione.

1001 2350 1068 2406 Dua
1083 2357 1185 2406 matres
1200 2359 1262 2406 sunt
1278 2369 1285 2406 ε
1300 2350 1388 2407 altera
1402 2350 1498 2419 libera,
1514 2351 1600 2407 altera
1611 2351 1721 2409 ancilla.
1745 2351 1799 2410 Sed

153 2440 290 2505 ruentem,
306 2438 388 2495 idest
402 2438 516 2496 ludaico
533 2439 633 2511 populo
658 2439 761 2496 videnti
774 2441 872 2506 Deum,
889 2439 953 2510 quia
1001 2454 1052 2495 uos
1070 2440 1188 2509 fratres,
1204 2453 1257 2512 ego
1277 2446 1303 2495 et
1318 2438 1472 2511 quicunque
1486 2437 1595 2509 fideles,
1609 2455 1708 2497 sumas
1731 2440 1796 2510 fitis,

156 2527 217 2583 uliae
235 2535 331 2601 gentes
350 2533 413 2584 tunc
424 2527 555 2599 temporis
565 2527 724 2584 nesciebant
738 2529 835 2583 Deum.
848 2527 949 2582 Hieru·
1001 2540 1056 2581 uon
1070 2526 1218 2593 servitutis,
1235 2527 1284 2582 sed
1297 2528 1503 2599 promissionis,
1519 2526 1547 2595 id
1564 2534 1605 2582 εει
1618 2544 1670 2599 per
1678 2528 1799 2600 promis-

157 2615 242 2672 salem
256 2614 329 2683 dico,
345 2632 405 2688 qua
420 2632 497 2673 auae
508 2621 560 2683 est,
572 2615 600 2670 id
610 2623 652 2672 εει
660 2632 722 2687 quae
735 2616 762 2669 in
772 2614 953 2687 presentibus
1003 2629 1060 2669 sam
1075 2614 1194 2687 qratiam
1208 2614 1269 2681 Dei,
1284 2615 1450 2685 secundum,
1463 2614 1491 2670 id
1506 2623 1547 2670 est
1557 2615 1583 2670 in
1595 2615 1799 2673 similitudinem

155 2702 237 2772 videt,
254 2710 281 2758 et
301 2703 365 2758 colit
386 2703 472 2758 Deum
501 2718 556 2759 non
582 2703 610 2759 in
635 2703 810 2775 spiritalibus,
837 2711 863 2758 et
890 2703 952 2760 ideo
1002 2702 1090 2768 isaac,
1103 2702 1149 2774 qui
1165 2718 1219 2757 non
1243 2702 1306 2774 lege
1326 2703 1432 2769 cornis,
1448 2703 1498 2758 sed
1519 2703 1620 2759 virtute
1633 2703 1718 2760 divini
1731 2720 1800 2776 pro·

156 2805 212 2846 non
227 2790 320 2848 visura
334 2790 363 2845 ia
391 2788 490 2846 loturo.
1002 2789 1078 2844 missi
1094 2797 1171 2844 natus
1183 2788 1243 2845 luit.
1256 2789 1382 2845 Ostendit
1397 2806 1447 2845 uos
1462 2805 1524 2847 esse
1540 2799 1620 2847 natos
1634 2791 1663 2846 in
1677 2791 1801 2848 similitu·

191 2878 269 2933 Mons
285 2877 512 2950 illecoajuactus
528 2880 582 2944 cst,
598 2893 654 2932 non
677 2877 749 2950 qnod
772 2877 880 2934 radices
895 2878 954 2948 ejus
1003 2876 1065 2932 dine
1081 2879 1168 2943 isaac,
1184 2877 1248 2949 quia
1269 2877 1365 2934 eadem
1386 2878 1465 2950 signa
1488 2893 1604 2950 quorum
1626 2877 1716 2950 ligura
1729 2895 1801 2951 prae-

153 2965 329 3039 porrigantur
350 2980 438 3038 usque
461 2964 645 3033 Hierusalem,
662 2966 711 3021 sed
725 2965 889 3020 assimilatus
902 2966 953 3021 lu·
1003 2970 1085 3021 cessit
1099 2965 1126 3019 iu
1142 2965 1198 3033 illo,
1214 2964 1341 3021 videntur
1358 2965 1440 3022 hodie
1467 2966 1495 3021 in
1519 2963 1581 3021 filiis
1601 2966 1744 3024 Ecclesia.
1766 2968 1801 3024 Et

95 3068 105 3073 ·
154 3054 230 3120 daeis,
247 3054 311 3127 quia
326 3069 377 3125 per
394 3060 515 3109 montem
539 3054 603 3109 Sina
626 3053 797 3126 significatur
825 3023 987 3124 superbiac
1001 3059 1092 3107 tamen
1105 3053 1266 3108 adversatur
1280 3053 1434 3122 conjunctio
1448 3053 1556 3122 litterae,
1572 3054 1624 3110 hoc
1635 3054 1717 3111 modo
1733 3069 1741 3109 t
1757 3055 1801 3111 Li-

155 3157 259 3210 eorum,
276 3158 328 3215 qua
342 3143 378 3198 de
397 3141 522 3197 mandato
542 3142 745 3214 superbierunt.
762 3144 813 3198 Per
826 3143 953 3198 Arabiam
1003 3147 1046 3196 cet
1063 3141 1148 3195 simus
1175 3139 1224 3195 filii
1245 3140 1449 3212 promissionis,
1466 3149 1556 3197 tamen
1579 3143 1714 3216 quomodo
1730 3147 1800 3200 tuac

154 3229 325 3303 significatur
338 3229 445 3286 aillictio
459 3246 562 3297 eorum,
579 3247 633 3304 qua
643 3239 789 3303 peccantes
800 3247 850 3303 per
862 3232 952 3304 legem
1002 3228 1030 3283 in
1057 3235 1178 3299 tempore
1198 3229 1353 3295 Abraham,
1377 3228 1423 3285 hic
1446 3230 1493 3302 qui
1511 3229 1668 3287 secundum
1683 3246 1801 3289 careum

153 3318 344 3391 affligebantur
358 3334 434 3374 more
451 3334 602 3375 servorum.
618 3320 662 3387 Ei,
686 3319 868 3386 Hierusalem,
892 3336 953 3392 quae
1001 3320 1090 3373 actus
1107 3318 1214 3386 suerat,
1231 3316 1259 3371 id
1274 3324 1315 3372 est
1325 3315 1432 3382 IsmaeI,
1444 3318 1739 3389 persequebaturcum
1753 3320 1801 3392 qui

154 3418 228 3460 nunc
242 3410 293 3473 est,
316 3410 342 3459 et
355 3419 416 3475 quae
438 3403 521 3460 servit
543 3404 640 3460 timore
663 3420 762 3476 poenae,
779 3420 835 3459 non
849 3419 951 3460 amore.

157 3492 250 3550 Scroit
273 3490 336 3548 dico
360 3507 426 3547 cum
444 3491 514 3560 filiis
541 3493 616 3560 suis,
647 3492 676 3547 id
690 3499 732 3548 est
747 3508 810 3549 cum
824 3491 952 3564 prosely-

154 3579 198 3650 tis,
216 3578 263 3652 qui
277 3579 312 3635 de
326 3579 477 3653 gentilitate
495 3579 774 3636 incircumcisionem
802 3587 951 3636 transeunt.

160 3667 210 3723 Vel
224 3668 311 3724 seruit
325 3675 383 3725 tota
397 3666 507 3723 insimul
517 3667 665 3741 synagoga
675 3684 735 3724 cum
746 3667 808 3723 filiis
823 3668 880 3723 suis
888 3683 953 3739 pro·

1002 3405 1158 3462 secuudum
1172 3406 1307 3476 spiritum
1321 3412 1400 3459 natus
1415 3413 1466 3476 est,
1483 3404 1686 3462 scilicetlsaac.
1702 3406 1803 3463 Ismael

1003 3493 1074 3549 enim
1090 3499 1155 3547 natu
1169 3493 1254 3561 maior
1269 3493 1428 3549 verberabat
1449 3493 1526 3550 lsaac
1544 3493 1633 3549 adhuc
1656 3500 1801 3564 teuemm;

1003 3597 1085 3654 quem
1099 3580 1209 3636 videbat
1224 3581 1364 3637 dominum
1380 3581 1432 3636 sibi
1452 3589 1479 3637 et
1502 3582 1642 3638 heredem
1669 3581 1800 3640 loturum.

1004 3672 1049 3728 lta
1066 3670 1155 3726 etium
1172 3668 1202 3724 iit
1216 3686 1305 3737 auae,
1323 3668 1396 3741 quod
1412 3670 1459 3741 qui
1487 3670 1614 3726 carnales
1628 3679 1692 3727 sunt
1702 3687 1802 3743 perse·

154 3755 231 3828 priis.
248 3756 299 3812 Hic
312 3755 358 3811 illo
373 3771 475 3827 genere
490 3755 693 3822 servitutis,bic
707 3755 770 3811 olio.
782 3755 953 3813 Hierusalem
1003 3765 1121 3830 quuntur
1148 3756 1284 3827 spiritales
1299 3765 1326 3813 et
1345 3757 1487 3830 affligunt,
1512 3767 1539 3814 et
1557 3757 1620 3831 quia
1635 3758 1705 3816 sicut
1726 3761 1803 3816 Isaac

155 3858 215 3915 qua
230 3858 302 3899 nunc
316 3851 358 3899 est
372 3845 468 3909 seruit,
487 3842 535 3899 sed
550 3844 603 3899 illa
629 3844 806 3900 Hierusalem
827 3861 888 3917 qua
909 3848 952 3901 est
1002 3844 1172 3918 affligebatur
1187 3844 1223 3899 ab
1238 3844 1351 3911 lsmael,
1368 3847 1446 3901 itaet
1467 3861 1518 3902 nos
1538 3846 1693 3918 spirituales
1702 3845 1801 3921 affligi·

156 3947 280 3996 sursum,
297 3928 325 3984 id
340 3936 446 3985 estnon
460 3929 590 4001 carnalia,
607 3929 656 3985 sed
670 3931 801 4002 spiritalia
811 3940 951 4003 appetens,
1001 3949 1063 3988 mur
1078 3949 1095 3987 a
1109 3932 1272 3988 carnalibus.
1297 3933 1401 4005 ltaque,
1431 3933 1541 4004 iratres,
1556 3950 1606 4005 per
1619 3934 1802 4007 bocapparet

155 4018 215 4074 hac
237 4021 279 4074 est
296 4018 392 4083 libera,
409 4017 474 4090 quia
498 4033 554 4073 uon
573 4034 606 4074 ex
621 4017 729 4090 timore,
745 4020 793 4074 sed
809 4019 892 4076 servit
919 4037 952 4076 ex
1002 4020 1075 4092 quod
1090 4035 1144 4077 uon
1159 4036 1254 4075 sumus
1269 4019 1317 4075 filii
1331 4021 1457 4088 ancillae;
1473 4021 1574 4077 luimus
1589 4022 1700 4094 quidem
1729 4023 1802 4080 servi

154 4105 300 4163 dilectione
311 4124 318 4160 ε
329 4105 448 4162 223
460 4121 511 4161 uec
526 4105 803 4179 temporalisquaerit,
817 4109 952 4164 sodaeter-
1001 4107 1067 4163 olim
1082 4108 1133 4163 sub
1153 4107 1232 4181 lege,
1263 4107 1311 4164 sed
1323 4109 1380 4178 jam
1395 4125 1488 4164 sumus
1507 4108 1556 4165 filii
1583 4109 1689 4178 liberae,
1703 4109 1733 4167 id
1761 4119 1802 4167 est

155 4211 199 4250 na.
216 4195 281 4252 Hac
295 4203 336 4251 est
348 4193 470 4250 Ecclesia
484 4192 557 4262 fidei,
573 4211 634 4268 quoe
651 4195 775 4267 superior
784 4197 952 4253 Hierusalem
1001 4196 1110 4268 gratia.
1135 4196 1190 4252 Sed
1204 4196 1339 4253 interserit
1353 4197 1477 4269 quaedam
1498 4197 1593 4254 dicens
1609 4216 1615 4253 :
1632 4197 1685 4268 Qui
1700 4214 1800 4255 secun-

97 4338 100 4342 .
156 4282 552 4341 estmateraostra.lloclesia
567 4284 700 4340 enimnos
714 4285 808 4357 genuit
821 4286 851 4340 in
865 4286 952 4342 liber·
1002 4284 1066 4339 dum
1081 4299 1193 4340 carnem
1208 4292 1279 4351 suut,
1295 4294 1495 4357 persequuntur
1516 4300 1578 4354 nos,
1607 4285 1656 4343 sed
1681 4302 1736 4343 non
1761 4293 1802 4343 est

157 4370 322 4427 tatemiidei.
333 4373 404 4428 Vere
414 4372 500 4428 libera
511 4391 520 4441 ,·
531 4387 595 4426 nam
608 4373 724 4444 laetatur,
732 4373 847 4445 erumpit
857 4384 882 4429 et
893 4375 952 4431 cla·
966 4371 993 4432 D
1004 4372 1168 4439 curandum;
1180 4372 1232 4444 ipsi
1242 4372 1315 4428 enim
1323 4373 1472 4442 ejicientur,
1485 4381 1512 4430 et
1519 4373 1606 4430 nosin
1614 4374 1801 4432 heredtatem

156 4465 213 4514 mat
225 4474 231 4514 :
242 4459 313 4514 Vere
324 4467 430 4527 meter;
445 4475 510 4516 uam
520 4457 568 4515 filii
577 4460 636 4530 ejus
644 4461 731 4518 multi.
745 4455 824 4530 Quod
839 4461 879 4518 sic
891 4462 928 4517 ait
944 4478 950 4518 :
1001 4460 1181 4517 introibimus.

156 4546 401 4602 hiberaestmater
411 4548 592 4602 nostraNam
603 4549 686 4605 sicde
697 4549 864 4621 eascriptum
875 4551 954 4605 estin
1037 4549 1118 4619 Quod
1132 4548 1172 4605 sic
1192 4547 1228 4603 ait
1246 4565 1253 4604 :
1272 4550 1343 4619 Quid
1366 4550 1436 4606 dicit
1464 4550 1637 4625 Scriptura?
1656 4552 1687 4607 ln
1701 4552 1799 4610 eodem

63 4654 66 4661 ’
157 4635 226 4691 Ιεειε
243 4652 249 4690 :
265 4636 423 4692 ιιειενειε.
439 4635 507 4691 Sara
522 4637 639 4705 sterilis,
654 4653 715 4710 que
738 4636 820 4693 modo
833 4654 953 4711 aoupa·
1002 4637 1095 4709 Moyse
1117 4636 1253 4693 invenitur
1279 4638 1353 4709 quia,
1370 4653 1431 4695 cum
1455 4637 1522 4694 Sara
1547 4639 1661 4696 vidisset
1679 4642 1755 4714 Agar
1773 4648 1801 4697 et

155 4725 213 4791 ris,·
224 4739 339 4796 erumpe
350 4724 487 4790 ctcluma,
498 4740 558 4797 quse
572 4740 630 4781 aaa
644 4724 951 4797 ρανιενιε(1εε.εε,ι),
1002 4741 1116 4796 puerum
1138 4725 1197 4795 ejus
1215 4725 1404 4797 superbientes
1415 4734 1512 4782 contra
1526 4743 1555 4783 se
1570 4735 1598 4785 et
1612 4728 1700 4796 lsaac,
1717 4728 1801 4785 aitad

157 4810 185 4866 id
200 4819 374 4883 estquaenec
388 4811 872 4882 deperiendolaboras.ldeolaetare,
887 4815 953 4886 qaia
1002 4813 1140 4868 Abraham
1156 4826 1162 4866 ε
1177 4813 1252 4884 Ejice
1281 4814 1420 4869 ancillam
1444 4819 1472 4870 ει
1494 4815 1589 4884 filium
1632 4816 1694 4886 ejus
1716 4816 1800 4885 (Gau.

157 4901 247 4970 mapis
260 4900 348 4955 multi
354 4899 409 4968 fitis·
422 4901 466 4955 tat
480 4899 766 4972 descrtaeSaraequam
776 4900 828 4955 sint
838 4899 885 4957 frlii
894 4902 953 4971 ejus
1002 4915 1064 4971 xxi,
1082 4901 1137 4971 to).
1149 4900 1278 4956 Similiter
1291 4899 1339 4956 filii
1348 4902 1444 4973 gratiae
1455 4902 1547 4958 dicunt
1563 4918 1569 4957 :
1585 4903 1712 4971 Domine,
1729 4904 1799 4975 ejice

157 4988 244 5058 Agar,
254 5003 397 5058 quoenunc
412 4986 495 5044 babet
509 4990 612 5044 virum.
632 4988 755 5044 Habebat
775 4992 850 5062 Agar
862 4990 951 5045 libra-
1003 4987 1138 5057 ancillam,
1155 4988 1182 5043 id
1198 4996 1239 5044 est
1248 4989 1383 5063 ingemet
1392 4989 1477 5045 lilium
1490 4990 1593 5059 ejus,id
1603 4999 1645 5047 est
1654 4990 1799 5048 ludoicum

156 5074 221 5129 ham
231 5074 441 5143 cohabitatione,
457 5090 512 5130 nou
541 5083 632 5132 tamen
653 5075 807 5132 dilectione.
838 5077 953 5133 Gerebat
1002 5075 1211 5148 populnmNoa
1223 5078 1388 5147 calmillas
1400 5079 1524 5145 ancilla,
1534 5079 1562 5133 id
1570 5087 1612 5134 εει
1620 5079 1700 5151 legis,
1711 5079 1800 5137 ltoercs

159 5162 227 5218 Sara
238 5162 376 5217 Abraham
394 5163 602 5230 cohabitatione,
629 5179 710 5235 quem
725 5170 816 5220 tamen
837 5164 953 5220 habebat
1003 5165 1057 5220 crit
1071 5164 1099 5218 in
1113 5164 1247 5236 promissa
1260 5165 1424 5222 beatitudine
1439 5182 1504 5222 cum
1513 5167 1574 5237 filio
1596 5167 1699 5236 litere,
1716 5167 1801 5224 idest

156 5249 311 5318 dilectione,
328 5252 389 5324 quia
404 5252 511 5308 colebat
530 5259 556 5307 et
571 5251 703 5325 diligebat
723 5267 783 5308 eam
817 5259 846 5307 ut
861 5252 952 5323 legiti-
1002 5250 1075 5319 fidei,
1092 5252 1320 5324 quemadmodum
1349 5253 1421 5309 filius
1440 5257 1515 5326 Agar
1538 5254 1645 5311 ancillae
1668 5270 1724 5312 non
1752 5255 1803 5311 init

155 5354 230 5394 mam
253 5355 377 5396 uxorem.
393 5339 488 5406 lsaias,
501 5339 546 5412 qui
560 5347 622 5410 post
642 5339 724 5412 longa
739 5339 837 5396 saecula
854 5339 903 5394 luit
918 5341 953 5395 ab
1002 5340 1092 5396 hares
1102 5356 1163 5397 cum
1177 5340 1313 5398 filioSarae
1321 5342 1424 5398 liberae.
1432 5343 1538 5415 ltaque,
1547 5346 1664 5414 fratres,
1667 5345 1731 5416 jam
1742 5360 1801 5402 aaa

156 5427 307 5500 Abraham,
324 5427 422 5483 frustra
436 5427 475 5484 sic
489 5425 646 5502 loqueretur
678 5428 713 5485 de
736 5428 802 5487 Sara
826 5437 852 5485 ει
867 5431 950 5507 Agar.
1002 5445 1100 5486 sumus
1110 5430 1165 5499 filii
1179 5429 1293 5486 ancille
1303 5429 1385 5503 (sicut
1395 5430 1547 5504 expositum
1556 5431 1618 5503 est),
1631 5431 1679 5489 sed
1695 5432 1800 5501 liberte,
