3750 5984
112 202 179 256 ιιιι
551 261 560 278 ι
620 185 925 247 consrrrurronns
943 186 980 244 nv
999 183 1232 244 vrsrrsrronn.
1692 152 1761 251 ιιιι

113 325 187 382 unda
202 319 432 388 scandalizentur,
449 318 547 392 quibus
561 315 589 373 id
603 314 672 372 sorte
686 314 758 372 scire
767 313 948 385 aliquandoA
962 318 991 367 ut
1004 311 1043 367 ita
1054 310 1265 385 gesticularetur
1274 311 1303 367 in
1318 311 1444 383 locotali,
1459 312 1629 384 inquirerent
1642 313 1760 371 circum·

111 411 269 475 donabitur,
284 425 346 465 cum
358 408 461 481 iugiter
475 407 509 462 sit
527 402 720 475 conspicabilis
748 409 774 458 et
796 402 914 456 inexter-
965 407 1078 467 stantes,
1094 415 1275 456 manumcum
1290 399 1373 456 bursa
1387 399 1454 455 nihil
1467 400 1584 457 diceudo
1602 403 1714 458 tetendit
1733 403 1762 458 in

112 498 252 556 minabilis
264 496 371 568 species
390 496 448 565 ejus
465 490 647 549 invisibilibus
671 490 744 557 eoeli,
769 489 841 544 unde
858 504 913 544 non
963 485 1056 555 altum,
1073 488 1137 559 quid
1151 489 1263 558 egisset,
1275 487 1356 544 rebus
1371 489 1437 559 ipsis
1448 488 1636 556 manifestans,
1648 498 1684 557 et,
1696 491 1760 562 quid

114 588 201 644 solum
217 586 297 642 detur
306 584 382 657 pacis
396 582 559 648 formositas,
571 581 621 637 sed
630 587 657 636 et
670 577 816 635 debilitatis
824 577 913 648 sospi-
963 576 1054 631 statim
1068 576 1233 647 pertulisset,
1253 592 1318 633 voce
1338 577 1446 650 lugubri
1469 576 1651 633 subinferens.
1675 578 1761 650 lnspi·

112 683 155 732 tas
170 674 255 730 lluere
269 672 298 728 in
313 688 376 728 eum
389 686 444 727 non
458 669 580 726 desistat.
963 663 999 719 cit
1010 663 1168 738 etagnoscit
1186 664 1372 719 muliersuum
1391 664 1417 719 in
1433 681 1514 720 manu
1537 666 1667 739 sacrilegi
1689 665 1759 722 inci-

147 762 196 818 llis
210 778 242 818 ea
256 766 476 833 quaesequuntur
487 755 607 828 jucundo
630 755 694 810 satis
708 753 829 825 auspicio
844 751 911 806 asti·
962 751 1033 806 soris
1046 752 1166 809 loculum
1180 753 1240 809 :cui
1254 751 1297 808 sur
1311 752 1356 808 ille
1370 753 1487 809 restituit
1503 754 1575 826 quod
1591 753 1710 823 abstulit,
1733 762 1761 810 et

110 850 200 924 pulari
215 855 372 907 noscuntur.
387 847 460 901 Nam
487 842 623 917 regressis
650 840 730 898 nobis
757 841 791 896 ad
819 841 912 896 locam
961 854 1024 894 mox
1034 840 1125 895 lumen
1133 840 1236 911 recepit
1250 840 1324 912 quod
1338 841 1436 896 amisit.
1456 842 1569 912 Recepit
1585 849 1612 897 et
1635 841 1683 896 illa
1705 858 1757 913 pe·

111 937 253 995 memorati
268 949 427 1001 consessus,
442 933 553 990 veniunt
574 931 702 987 celeriter
715 929 750 984 ad
778 929 911 985 decanum
960 929 1068 986 cuniam
1085 944 1165 1001 quam
1178 928 1306 1001 perdidit,
1322 938 1349 986 ct
1363 930 1503 985 immensis
1510 930 1759 1002 attollitpraeconiis

110 1026 217 1098 plures,
233 1023 280 1096 qui
304 1023 427 1078 dicerent
454 1019 597 1075 mulierem
625 1016 779 1090 quamdam,
809 1016 911 1071 lumine
959 1017 1068 1088 patroni
1083 1017 1255 1073 clementiam
1273 1034 1355 1090 quem
1376 1019 1475 1075 devota
1489 1026 1580 1076 mente
1608 1019 1702 1075 adivit.
1717 1019 1758 1076 Da

111 1113 252 1171 oculorum
266 1109 358 1166 multis
373 1107 452 1164 annis
466 1107 610 1179 privatam,
626 1106 716 1178 primo
731 1104 818 1160 sancti
845 1120 910 1160 cor·
960 1105 1125 1176 precedenti
1143 1122 1251 1178 quoque
1265 1105 1390 1173 muliere,
1407 1106 1479 1178 quod
1500 1122 1598 1163 revera
1614 1106 1662 1169 diu
1685 1122 1759 1163 caeca

110 1200 185 1274 poris
199 1207 300 1256 attactu
312 1197 400 1255 visum
415 1195 563 1267 recepisse.
593 1195 751 1267 Suggerunt
778 1193 870 1260 etism,
882 1200 911 1247 ut
959 1192 1049 1261 fuerit,
1066 1202 1092 1249 et
1107 1194 1237 1249 amissum
1246 1194 1339 1251 lumen
1354 1193 1455 1251 ibidem
1465 1195 1608 1265 receperit,
1621 1194 1649 1250 in
1665 1194 1758 1252 brevi·

109 1288 256 1346 classicum
271 1286 472 1358 pulsari,atque
489 1285 619 1342 lebetem
636 1283 786 1338 laudemus
798 1280 910 1337 vocibus
958 1282 1092 1352 posthaec
1106 1281 1206 1337 certius
1221 1281 1346 1339 innotuit.

108 1375 231 1432 altisonis
245 1373 378 1431 Dominus
391 1373 514 1429 decanus
527 1371 665 1428 decantari
676 1370 778 1439 jubeat.
808 1370 909 1425 Verum
994 1369 1094 1425 Tantus
1118 1369 1223 1426 interea
1255 1368 1336 1425 siebat
1358 1385 1507 1426 concursus
1534 1372 1705 1444 populorum,
1728 1380 1758 1429 ut

108 1464 180 1521 istud
194 1479 245 1518 nos
259 1464 436 1518 vehementer
454 1459 642 1525 dissuasimus,
666 1458 728 1530 quia
743 1457 837 1529 ignota
861 1456 911 1513 luit
957 1456 1027 1512 inira
1043 1458 1183 1514 modicum
1199 1467 1306 1530 tempus
1316 1459 1497 1532 quadraginta
1511 1475 1666 1516 marcarum
1680 1476 1757 1515 surn-

110 1552 152 1607 eis
170 1551 229 1622 ipse
243 1550 351 1617 mulier,
376 1564 410 1604 ne
433 1547 500 1604 forte
523 1546 640 1604 conficta
666 1546 789 1602 cecitate
817 1545 908 1602 lumen
957 1561 1031 1601 mam
1046 1546 1201 1607 oblatorum
1216 1546 1351 1618 quantitas
1376 1548 1530 1603 excederet.
1551 1549 1691 1604 iacentem
1705 1565 1757 1603 au-

110 1639 272 1695 mentiretur
286 1653 316 1692 se
332 1637 367 1693 de
392 1651 463 1691 novo
484 1635 622 1706 recepisse
646 1649 700 1707 quc
718 1635 776 1703 jam
803 1648 945 1720 annosaB
959 1642 1014 1689 tem
1028 1635 1056 1688 in
1069 1635 1160 1690 medio
1180 1634 1264 1689 lilium
1284 1634 1354 1689 lucis
1382 1634 1426 1690 die
1455 1643 1482 1690 et
1504 1643 1584 1692 nocte
1602 1636 1759 1691 ambiebant

110 1726 320 1796 nullotempore
343 1723 487 1782 caruisset.
500 1724 577 1780 Unde
607 1723 640 1795 [s.
665 1722 750 1777 multo
775 1721 908 1794 tempore}
959 1722 1011 1777 viri
1026 1731 1053 1778 et
1068 1721 1185 1790 feminee,
1201 1731 1325 1780 tenentes
1339 1722 1367 1778 in
1391 1722 1515 1778 manibus
1534 1739 1630 1780 cereos
1659 1723 1757 1780 arden-

110 1814 249 1870 veritatem
276 1828 359 1883 super
372 1812 434 1878 boc,
452 1819 477 1867 et
491 1827 574 1882 snper
581 1810 642 1865 aliis
657 1826 717 1881 quae
726 1809 909 1881 proculdubio
959 1818 1010 1877 tes,
1028 1819 1054 1865 et
1069 1811 1095 1865 in
1110 1811 1222 1866 modum
1236 1810 1438 1883 coronaegloria
1448 1819 1474 1866 et
1484 1813 1588 1868 bonore
1600 1820 1755 1879 coronatum

109 1901 198 1957 audiri
219 1900 400 1972 contingeret,
417 1899 504 1970 signis
517 1897 727 1970 diligentissime
742 1913 850 1969 semper
865 1897 908 1951 in·
957 1915 973 1953 a
988 1888 1104 1954 Do'mino
1123 1899 1250 1956 continue
1264 1898 1415 1971 cingentes.
1428 1899 1503 1956 Tunc
1518 1899 1597 1956 etiarn
1626 1898 1757 1973 magister

110 1988 270 2061 quirendam
284 1987 418 2058 primitus,
434 1995 461 2042 ct
474 2001 530 2042 non
553 1986 607 2041 nisi
622 1985 772 2042 certissime
785 1986 906 2057 probata,
959 1986 1173 2058 Leycestrensis,
1188 1985 1230 2041 vir
1243 1986 1375 2041 litteratus
1385 1996 1411 2042 et
1424 1985 1584 2056 industrius,
1603 1987 1757 2056 hujusmodi

108 2076 230 2150 quolibet
244 2076 326 2132 modo
338 2075 511 2147 propalanda
528 2090 589 2131 esse
604 2082 649 2130 aut
677 2072 785 2145 publice
806 2073 908 2145 prmdi-
958 2074 1095 2130 distichon
1109 2073 1144 2129 ad
1159 2075 1244 2145 pedes
1260 2075 1317 2143 eius
1341 2075 1440 2145 posuit,
1458 2074 1486 2129 in
1509 2090 1564 2146 quo
1592 2074 1756 2145 multiplices

109 2164 197 2220 canda
207 2163 372 2220 monuimus.
958 2161 1088 2218 virtutum
1102 2163 1160 2232 ejus
1182 2162 1379 2236 praerogativas
1402 2163 1523 2219 breviter
1543 2163 1687 2235 expressit,
1711 2162 1756 2218 di-

146 2253 216 2310 Dum
232 2252 316 2324 igitur
331 2267 413 2322 super
435 2249 478 2305 bis
500 2249 633 2322 disceptio
648 2249 813 2322 aliquantula
839 2249 909 2305 inter
958 2266 1048 2307 cens:
1606 2325 1609 2332 Ι

108 2356 161 2396 nos
175 2348 202 2397 et
216 2340 333 2398 clericos
346 2340 503 2409 baberetur,
519 2346 663 2395 accurrunt
675 2346 702 2393 et
723 2337 778 2406 alii,
793 2337 829 2393 de
849 2354 909 2393 mu·
973 2338 1134 2397 Pontificum
1145 2338 1267 2404 baculus,
1279 2340 1588 2410 monachorumnorma,
1599 2339 1753 2397 scholamm

109 2429 178 2484 licre
188 2428 271 2484 altera
285 2427 465 2483 indubitatum
480 2426 628 2483 relerentes
646 2425 814 2482 miraculum.
836 2428 908 2481 Dnm
992 2428 1144 2494 Consultor,
1156 2443 1250 2498 regum
1264 2426 1389 2495 malleus,
1405 2428 1485 2500 Hugo
1507 2426 1566 2484 iuit.

108 2517 181 2573 enim
198 2523 326 2573 matrone
341 2517 465 2588 quaedam
480 2516 578 2572 devota
588 2514 724 2571 oblatione
739 2513 812 2571 lacta
830 2515 907 2584 juxto
958 2515 1007 2571 Die
1022 2524 1140 2586 postera,
1157 2516 1220 2570 dum
1235 2524 1391 2586 portaretur
1404 2516 1439 2571 ad
1453 2516 1595 2583 tumulum,
1617 2517 1755 2573 mutilatur

109 2604 354 2677 corpusinsisteret
363 2604 414 2676 piis
423 2604 561 2676 precibus,
578 2618 737 2659 crumenam
748 2603 801 2658 sibi
815 2619 907 2658 azone
957 2603 1019 2659 binc
1033 2603 1166 2660 scissione
1179 2603 1276 2659 crebra
1299 2619 1448 2674 sacrarum,
1465 2604 1564 2676 quibus
1591 2604 1754 2661 induebatur

110 2693 320 2764 dependentem,
337 2692 477 2748 etsolidos
492 2692 595 2764 aliquot
609 2700 754 2765 argenteos
769 2691 908 2748 contineri·
954 2691 1080 2747 vestium.
1097 2691 1206 2748 Sacrani
1227 2691 1300 2747 enirn
1315 2692 1358 2749 vel
1374 2690 1537 2748 sanctificari
1564 2692 1756 2749 admodumse

110 2788 174 2846 tem,
192 2779 232 2835 sur
251 2780 434 2836 clandestinus
444 2788 555 2852 repente
565 2780 670 2836 incidit.
687 2779 820 2848 Quimox,
832 2779 906 2835 nullo
956 2780 1092 2847 credebat,
1110 2779 1234 2851 quisquis
1249 2780 1422 2853 sacrilegium
1436 2779 1491 2836 tale
1507 2780 1677 2837 committere
1702 2796 1754 2837 va-

109 2869 198 2924 adbuc
213 2867 364 2923 mortalium
373 2875 475 2939 praeter
490 2868 588 2939 ipsum,
604 2868 676 2940 quod
692 2867 804 2935 iecerat,
820 2882 906 2938 agno·
954 2866 1061 2933 luisset,
1073 2874 1102 2922 ut
1116 2881 1132 2922 a
1147 2883 1227 2925 sacro
1242 2868 1312 2925 sacri
1329 2867 1431 2940 aliquid
1454 2868 1597 2939 rapuisset.
1626 2869 1755 2940 Sepultus

109 2964 203 3011 scente
217 2955 367 3025 percutitur
381 2955 470 3010 subita
484 2956 615 3012 caecitate.
645 2955 713 3010 ilinc
731 2971 850 3027 quoque,
876 2961 905 3008 ut
955 2963 1045 3011 autern
1062 2964 1113 3020 est,
1129 2955 1199 3010 sicut
1211 2957 1270 3026 ipse
1280 2956 1359 3011 nobis
1374 2964 1553 3027 praeceperat,
1569 2972 1648 3012 secus
1663 2957 1753 3028 parie-

107 3042 267 3114 reiert,'quo
283 3059 410 3116 gressum
420 3043 554 3112 tenderet,
565 3059 679 3114 prorsus
689 3043 839 3099 nesciebat.
851 3041 904 3110 Qui
954 3050 1019 3110 tem,
1035 3057 1090 3097 non
1105 3042 1244 3112 proculab
1268 3043 1347 3098 alteri
1369 3044 1461 3099 Sancti
1486 3043 1599 3099 loannis
1617 3042 1752 3114 Baptistae,

108 3130 193 3186 nimio
208 3130 316 3186 attritus
331 3131 439 3197 timore,
456 3147 517 3188 curn
533 3130 691 3203 aliquandiu
705 3132 757 3185 buc
777 3129 904 3202 illucque.
956 3137 993 3196 et,
1011 3130 1080 3185 sicut
1104 3130 1191 3185 visum
1208 3138 1259 3200 est,
1283 3138 1393 3202 propter
1423 3146 1565 3187 accessum
1593 3132 1753 3188 conlluentis

108 3226 236 3289 tanquam
252 3218 344 3273 ebrius
356 3226 381 3274 et
396 3218 549 3290 crapulatus
564 3234 579 3272 a
593 3219 666 3287 vino,
682 3218 804 3274 nutando
831 3217 906 3273 abire
939 3217 1048 3289 populi
1063 3217 1153 3290 magis
1170 3232 1334 3292 congruere,
1351 3235 1367 3274 a
1394 3219 1496 3274 boreali
1511 3219 1597 3290 ipsius
1623 3219 1691 3276 aedis
1706 3236 1752 3276 re-

110 3303 237 3374 tentaret,
255 3322 306 3362 nec
323 3314 423 3375 posset,
440 3322 502 3362 curn
515 3308 573 3378 jam
585 3306 677 3362 oculos
689 3306 716 3361 in
732 3322 761 3363 se
774 3305 905 3377 plurimo·
954 3304 1045 3378 gione
1061 3305 1094 3360 ad
1110 3305 1226 3378 gloriam
1237 3307 1297 3372 Dei,
1316 3306 1436 3378 quivivit
1460 3316 1487 3362 et
1513 3308 1648 3381 gloriatur
1670 3325 1753 3381 super

107 3410 168 3449 rum
182 3392 225 3449 bis
239 3395 363 3467 gestibus
371 3403 551 3462 converteret,
568 3403 604 3463 et,
618 3395 748 3468 quidnam
757 3394 808 3450 sibi
819 3400 904 3459 esset,
955 3393 1047 3448 omnia
1061 3394 1134 3450 Deus
1147 3395 1307 3451 benedictus
1321 3394 1349 3450 in
1364 3395 1473 3452 saecula.
1495 3398 1592 3453 Amen.

518 3562 647 3634 Explicit
664 3563 725 3618 Vite
740 3565 834 3619 sancti
848 3563 971 3634 deponis
987 3563 1110 3635 episcopi
1124 3563 1343 3620 lincolniensis.

107 3740 1752 3768 Μ

585 3900 848 4035 ΒΕΔΤΙ
901 3903 1287 4041 ΗϋΘΟΝΙὸ

706 4116 976 4175 LlNCOLNlENSlS
995 4120 1155 4177 EPISCOPI

257 4268 536 4419 lllllttb
581 4271 1092 4422 ttttttttttttlll
1138 4276 1194 4423 ll
1238 4277 1615 4426 llllttlttll

603 4504 787 4573 (domesticos
802 4504 928 4575 duplic„
946 4505 970 4571 Ι,
992 4509 1053 4573 llil,
1076 4508 1141 4563 edit.
1164 4511 1255 4580 tcta.)
1283 4505 1287 4514 '

146 4856 281 4912 Omnibus
297 4857 395 4914 Christi
411 4859 536 4915 lidelibus
551 4863 585 4918 ud
601 4879 669 4934 quos
683 4880 804 4935 praesens
819 4866 940 4937 scrip-1)
955 4883 1036 4940 quam
1053 4869 1188 4925 sustinere
1203 4871 1311 4926 valeant
1324 4871 1421 4927 domus
1436 4873 1507 4929 illius
1526 4872 1678 4942 facultates,
1699 4877 1751 4932 ba-

107 4952 163 4999 tum
182 4946 345 5016 pervenerit,
362 4947 452 5014 lluoo,
466 4949 515 5004 Dei
529 4950 615 5022 gratia
631 4952 778 5009 Lincolniae
793 4953 902 5023 cpisco-
954 4955 1048 5022 bitere,
1065 4957 1217 5028 statuimus,
1235 4973 1296 5014 curn
1312 4975 1448 5015 consensu
1459 4961 1591 5035 magistri,
1601 4962 1751 5032 priorissae,

107 5049 169 5102 pus,
187 5031 303 5088 salutern
320 5034 346 5088 in
366 5036 493 5091 Domino.
954 5052 979 5098 et
995 5054 1153 5111 conventus,
1173 5046 1246 5118 quod
1262 5048 1441 5122 congregatio
1467 5049 1636 5117 monialium,
1652 5051 1687 5107 de
1701 5068 1754 5108 cce·

143 5120 209 5175 Cum
236 5121 685 5197 udcongregationemancillarum
697 5129 795 5184 Christi
806 5130 841 5185 de
852 5130 904 5185 Co·
953 5139 1021 5198 tero,
1038 5133 1223 5207 trigintarium
1239 5152 1380 5190 numerum
1395 5152 1450 5191 non
1480 5137 1604 5202 excedat,
1630 5155 1755 5196 sororum

107 5215 164 5274 tun,
179 5223 260 5264 causa
291 5209 452 5267 visitationis
471 5231 504 5268 en
527 5214 607 5270 officii
636 5217 719 5271 nostri
742 5218 832 5273 debito
862 5217 903 5272 ia·
954 5236 1082 5277 numerus
1093 5223 1144 5277 sub
1159 5224 1271 5279 denario
1285 5224 1469 5290 concludatur,
1494 5225 1639 5284 duodecim
1654 5227 1755 5284 iratres
1831 5216 1837 5225 ’

106 5294 211 5350 ciendae
226 5297 426 5363 accederemus,
444 5301 479 5355 ed
494 5316 527 5356 ea
544 5319 605 5372 quae
632 5302 777 5360 didicimus
802 5306 903 5362 ibidem
953 5311 1079 5366 conversi
1095 5311 1129 5365 ad
1145 5311 1232 5367 officia
1252 5312 1353 5367 ruralia
1381 5312 1434 5367 sint
1461 5313 1562 5370 ibidem
1588 5316 1752 5371 exercenda.

103 5382 281 5455 corrigenda,
299 5385 449 5440 remedium
465 5388 616 5443 studuimus
631 5389 772 5448 adbibere.
797 5395 903 5451 Adver·
953 5398 1084 5473 Magister
1094 5399 1260 5471 capellanus,
1277 5416 1340 5457 curn
1354 5401 1459 5457 duobus
1473 5402 1622 5476 capellanis
1638 5410 1755 5473 tantum,

106 5478 194 5525 tentes
223 5471 305 5540 igitur
334 5473 531 5531 multitudinem
559 5477 716 5535 monialium
745 5481 903 5552 ampliorem
954 5486 987 5542 ad
1002 5487 1092 5543 diviua
1108 5490 1269 5559 deputentur
1282 5489 1464 5562 adimplenda.
1477 5491 1549 5549 Nulli
1561 5508 1627 5549 vero
1638 5491 1750 5566 religio·
