3742 5986
786 208 1090 266 CONSUETUDINES.

700 333 962 392 CAPITULUII
988 334 1169 392 XXVIII.

767 432 806 488 Dc
821 430 992 487 utensitibus
1005 433 1093 488 cette.

147 533 253 606 Accipit
266 533 441 605 itaquecellae
454 533 542 589 incola
555 532 590 587 ad
607 532 707 587 lectum
721 530 840 602 paleam,
860 527 973 594 filtrum,
1000 527 1136 599 pulvinar,
1154 535 1244 585 cotum
1259 528 1302 585 vel
1318 528 1520 600 coopertorium
1530 528 1565 583 de
1580 527 1762 600 grossissimis

112 631 204 687 ovinm
220 631 346 703 pelenus,
363 639 389 687 et
404 645 496 701 panno
511 630 613 686 rustico
629 636 798 699 coopertum.
814 626 856 682 nd
870 624 1106 696 vestitumautem,
1124 627 1177 683 duo
1188 627 1284 695 ιιιιιιι,
1302 627 1370 683 duas
1399 627 1513 694 tunicas,
1538 628 1607 682 duas
1628 626 1760 698 pellicIas,

112 744 195 785 unam
210 728 386 794 deteriorem,
404 727 517 782 alteram
532 726 682 792 naborem,
699 725 822 796 duasque
835 722 957 778 similiter
971 723 1103 790 cucullas,
1120 725 1170 778 tria
1179 725 1254 796 paria
1264 725 1424 798 caligarum,
1440 725 1516 796 paria
1530 724 1669 796 pedulium
1692 740 1762 796 qua-

112 833 183 894 tuor,
200 825 297 898 pelles,
313 839 437 897 cappam,
454 824 588 879 sotulares
603 830 752 878 nocturnes
766 828 793 876 et
806 820 927 887 diumcs‚
943 819 1068 892 sagimen
1082 837 1191 894 quoque
1205 822 1240 877 ad
1255 822 1422 895 ungendum,
1434 822 1568 877 lumbaria
1582 822 1647 892 duo,
1668 822 1763 894 cingu-

112 923 180 991 lum,
197 922 289 978 cmnia
305 921 435 977 canabina
454 930 479 976 ιι
493 935 600 994 grossa,
618 928 645 975 et
658 917 789 992 quidquid
798 932 911 988 prorsus
919 916 954 972 ad
964 915 1064 972 lectum
1073 920 1235 976 vestitumve
1243 919 1292 993 [cl.
1303 918 1537 991 vestimentumve]
1544 918 1669 990 pertinet,
1685 920 1763 987 cujus

110 1020 303 1092 grossitudinis
317 1019 453 1075 colorisve
467 1019 501 1074 sit
515 1034 569 1074 non
585 1017 698 1074 curabit.
711 1016 778 1071 Cum
793 1014 866 1070 enlm
880 1014 916 1069 ad
941 1029 1037 1070 ornnes
1065 1017 1220 1084 monachos,
1237 1025 1293 1072 tum
1317 1016 1434 1073 maxime
1453 1017 1488 1072 ad
1498 1033 1558 1085 nos,
1585 1015 1764 1072 humilitatem

109 1119 332 1191 attritionemque
340 1133 502 1190 pannorum,
527 1124 554 1173 et
576 1115 768 1172 universorum
792 1113 889 1185 quibus
904 1112 1011 1179 utimur,
1039 1113 1179 1181 vilitatem,
1194 1123 1381 1187 paupertatem
1405 1123 1432 1172 et
1459 1115 1638 1184 abjectionem
1662 1123 1766 1171 certum

112 1225 154 1273 est
168 1217 315 1289 pertinere.
328 1216 414 1271 Habet
428 1214 509 1272 etiam
522 1228 588 1270 acus
600 1212 679 1279 duas,
691 1211 777 1280 Illum,
795 1209 917 1279 Iorllces,
936 1209 1083 1282 pectinem,
1100 1210 1261 1267 novaculam
1276 1212 1312 1267 ad
1326 1220 1414 1285 caput,
1443 1220 1531 1268 cotem
1547 1211 1590 1268 rel
1618 1211 1762 1279 calculum,

111 1324 139 1371 et
153 1314 301 1388 corrigiam
311 1315 346 1369 ad
360 1313 522 1370 acuendum.

147 1415 174 1469 2.
187 1411 228 1467 dd
237 1410 411 1466 scribendum
422 1425 499 1477 vero,
516 1407 696 1479 scriptorium,
707 1422 823 1478 pennas,
840 1412 954 1471 cretam,
970 1404 1093 1475 pumices
1120 1405 1198 1476 duos,
1229 1420 1332 1462 cernua
1360 1406 1424 1474 duc,
1453 1404 1610 1476 scalpellum
1631 1421 1716 1460 unum
1729 1406 1765 1462 ad

112 1501 232 1557 radenda
246 1515 410 1572 pergamena
424 1499 571 1555 novaculas
581 1497 639 1554 sive
659 1497 765 1553 rasoria
778 1498 842 1564 duo,
866 1499 1036 1571 punctorium
1058 1516 1151 1566 unum,
1172 1499 1298 1555 subulam
1319 1515 1411 1568 unam,
1440 1499 1599 1570 plumbum,
1629 1500 1762 1572 regulam,

110 1605 218 1670 postem
232 1597 267 1652 ad
281 1597 469 1668 regulandum,
486 1594 601 1661 tabulas,
618 1594 770 1667 graphium.
788 1593 867 1663 Quod
883 1595 906 1650 si
920 1594 1005 1651 lrater
1023 1595 1131 1651 alterius
1146 1595 1212 1650 artis
1234 1595 1316 1652 luerit
1330 1595 1415 1667 (quod
1441 1596 1512 1666 apud
1531 1611 1582 1651 nos
1607 1611 1668 1650 raro
1684 1595 1764 1652 valde

110 1695 252 1767 contingit,
270 1709 365 1750 omnes
380 1692 452 1749 enim
466 1708 537 1764 pene
548 1708 615 1765 ques
630 1692 802 1764 suscipImus,
819 1692 842 1748 si
858 1692 916 1748 fieri
930 1699 1030 1765 potest,
1055 1693 1176 1749 scribere
1191 1692 1342 1763 docemus),
1371 1692 1483 1748 habebit
1497 1692 1564 1748 artis
1593 1708 1648 1747 sure
1661 1692 1765 1748 instru-

111 1799 201 1848 menta
215 1791 415 1848 convenientia.
734 1791 735 1794 ’

145 1894 172 1944 3.
184 1889 281 1946 Adhuc
295 1889 377 1945 etiam
392 1888 477 1946 libros
491 1889 526 1944 ad
540 1888 688 1960 legendum
697 1888 732 1944 de
750 1889 870 1945 armario
883 1887 981 1961 accipit
995 1891 1074 1954 duos,
1101 1885 1199 1957 quibus
1214 1900 1322 1940 omnem
1345 1885 1515 1956 diligendam
1529 1901 1678 1957 curamque
1692 1901 1766 1957 prae·

110 1985 178 2041 bere
188 1986 306 2056 jubetur,
324 2002 358 2041 ne
373 1985 456 2054 furno,
472 2002 507 2041 ne
520 1985 643 2057 pulvere,
660 1984 704 2040 vel
717 1985 771 2041 alia
781 1984 902 2058 qualibet
917 1986 999 2042 sorde
1013 1984 1192 2040 maculentur.
1218 1983 1314 2038 Libros
1340 1985 1440 2055 qutppe
1467 1990 1595 2055 tanquam
1619 1983 1767 2055 sempiter-

109 2096 173 2135 num
187 2080 337 2136 animarum
366 2088 519 2136 nostrarum
543 2080 635 2136 cibum
661 2079 819 2136 cautissime
836 2080 977 2150 custodIri,
994 2091 1020 2138 et
1044 2081 1243 2139 studiosissime
1272 2083 1397 2139 volumus
1411 2081 1480 2153 fieri,
1497 2090 1535 2153 nt,
1563 2081 1626 2156 qnia
1640 2098 1688 2138 ore
1710 2097 1766 2138 non

108 2192 263 2250 possumus,
280 2177 330 2234 Dei
344 2178 459 2234 verbnm
474 2176 600 2233 manibus
615 2177 805 2249 predicemus.

777 2291 1065 2351 COMMENTARIUS.

108 2401 162 2464 qno
173 2391 230 2461 jam
243 2389 354 2446 exclusa
368 2397 410 2446 est
420 2391 505 2460 janua
528 2389 682 2461 expellendi
701 2397 727 2447 et
737 2391 879 2459 rejiciendi
895 2407 911 2447 ι
925 2397 988 2455 Aet
1002 2391 1270 2461 subtiliusjndicare,
1287 2399 1314 2448 et
1330 2391 1437 2448 Iacilius
1447 2405 1561 2462 carpere
1576 2390 1714 2460 visisunt,
1731 2410 1766 2450 ne

109 2479 188 2536 nobis
214 2477 342 2544 discolos,
366 2494 427 2550 quae
441 2493 496 2534 non
520 2486 625 2533 tanturn
640 2479 807 2549 temporibus
830 2479 865 2534 R.
881 2480 911 2534 P.
962 2480 1026 2535 inde
1041 2480 1300 2536 scandaIIzarentur.
1317 2479 1416 2536 Ouium
1427 2479 1543 2550 pellibus
1558 2479 1593 2534 ad
1606 2479 1706 2537 lectum
1721 2498 1767 2538 ea-

111 2566 244 2639 Guigonis
257 2567 375 2637 patebat,
391 2575 472 2638 prout
482 2581 517 2621 ex
530 2582 590 2636 cap.
601 2569 646 2633 ιι,
668 2567 781 2625 istarum
795 2566 914 2623 Consue-
960 2568 1025 2623 dem
1041 2568 1145 2624 ratione
1158 2567 1274 2639 amplIus
1289 2584 1344 2624 non
1365 2567 1475 2624 utImur.

108 2656 234 2711 tudinum
247 2655 402 2721 innotescit,
420 2655 468 2710 sed
483 2654 605 2726 pluribus
619 2655 709 2711 adhuc
722 2655 830 2712 seculis
839 2663 913 2726 post·
998 2656 1070 2711 lbid.
1082 2658 1167 2727 Cujus
1175 2656 1375 2729 grossitudinis
1381 2659 1514 2714 colorisve
1527 2660 1565 2715 sit
1572 2674 1631 2714 non
1641 2659 1763 2716 curabit.

109 2760 141 2799 ea
156 2743 184 2797 ln
199 2743 294 2798 ordine
308 2750 402 2814 aperta
425 2741 484 2810 fuit,
500 2750 528 2798 ιιι
541 2759 574 2798 ex
596 2741 667 2797 infra
696 2743 819 2800 dicendis
834 2743 913 2799 vide·
961 2745 1024 2801 Non
1037 2744 1100 2800 inde
1115 2745 1280 2800 credendum
1291 2752 1333 2800 est
1347 2747 1418 2817 quod
1433 2746 1468 2801 de
1485 2747 1642 2802 diversitate
1666 2747 1766 2804 coloris

109 2832 209 2887 bimus.
234 2833 290 2887 Hac
313 2846 381 2905 ergo
405 2831 576 2897 necessitate,
601 2847 661 2902 quae
681 2831 833 2887 introducta
860 2840 912 2897 est,
962 2833 1007 2889 hic
1021 2841 1127 2907 agatur,
1143 2841 1171 2887 ut
1185 2833 1231 2889 alii
1246 2832 1306 2888 rufa
1326 2834 1419 2901 vestis,
1446 2834 1491 2890 alii
1517 2835 1607 2908 nlgra,
1623 2835 1669 2891 alii
1696 2851 1764 2892 can·

107 2921 259 2992 supposita,
271 2921 357 2976 bonos
373 2926 400 2976 et
418 2919 505 2975 malos
524 2919 551 2974 in
571 2919 712 2975 ordinibus
740 2920 912 2991 regularibus
963 2920 1026 2976 dida
1040 2921 1187 2976 ministrari
1201 2928 1305 2992 posset.
1322 2922 1473 2977 ItidIculum
1500 2923 1572 2978 enim
1595 2939 1656 2979 esse
1677 2923 1765 2980 simile

106 3007 244 3073 servandi,
272 3007 446 3079 pronuntiare
474 3022 528 3064 non
555 3006 649 3063 dubito
672 3008 757 3063 satius
785 3024 846 3063 esse
863 3024 912 3078 pro
962 3009 1028 3082 quid
1038 3008 1082 3065 vel
1097 3010 1225 3081 cogitare,
1241 3009 1290 3065 sed
1301 3010 1337 3065 de
1351 3009 1511 3082 eoloreplus
1526 3019 1572 3065 aut
1586 3011 1676 3066 micus
1690 3012 1763 3081 albo,

107 3096 181 3153 bono
209 3096 290 3152 totius
315 3095 419 3151 ordinis
446 3095 657 3162 CarthusIensis,
684 3096 730 3151 uni
745 3111 778 3151 ex
807 3095 912 3152 cellulis
963 3097 1031 3152 intra
1047 3098 1170 3152 eamdem
1185 3106 1276 3153 tamen
1291 3098 1411 3168 speciem
1431 3097 1458 3152 id
1473 3099 1553 3154 debet
1567 3097 1692 3171 intelligi

107 3180 290 3238 claustrorum
305 3187 461 3236 nostrorum
475 3180 568 3253 ignem
582 3179 741 3246 admovere,
754 3186 782 3233 ιιι
792 3179 909 3235 ilamrnis
998 3184 1070 3240 thid.
1082 3187 1532 3258 Humilitntcmnttritionemquc‚
1545 3187 1765 3256 etc.,etanivcr-

106 3268 261 3334 devoretur,
291 3283 372 3340 quam
401 3268 429 3322 in
451 3267 495 3323 illa
508 3267 652 3324 admittere
672 3267 846 3334 monachum,
862 3268 913 3340 qui
962 3288 1059 3329 sorum
1085 3274 1184 3346 pathos
1209 3275 1331 3330 altmar.
1359 3273 1408 3330 llic
1425 3274 1560 3342 judicium
1582 3276 1765 3347 conscriptum
1825 3323 1831 3331 .

109 3357 282 3413 occationem
296 3356 397 3412 bonam
412 3363 438 3412 et
453 3356 523 3412 bene
538 3355 693 3427 probatam,
711 3363 842 3428 quantum
852 3354 912 3410 lleri
962 3360 1095 3416 hahemus
1109 3369 1201 3417 contra
1210 3376 1271 3427 nos,
1288 3361 1363 3416 sires
1378 3361 1501 3417 curiosas
1511 3370 1538 3417 et
1547 3363 1681 3434 preti0sas
1695 3363 1766 3420 ultra

108 3450 210 3517 petest,
226 3459 281 3501 non
294 3444 404 3512 habeat,
424 3452 451 3500 ιι
478 3444 606 3518 congruis
619 3444 720 3500 mentis
732 3451 760 3499 et
787 3443 912 3515 corporis
962 3450 1104 3505 honestam
1118 3449 1274 3505 decentiam
1288 3449 1323 3504 ad
1332 3465 1411 3503 usum
1421 3457 1544 3505 nostrum
1558 3451 1745 3509 adhibeamus.

108 3533 228 3600 dotibus,
244 3548 276 3589 ac
290 3533 390 3589 devota
408 3532 545 3589 voluntate
561 3533 629 3602 Deo,
663 3540 693 3587 ut
707 3549 757 3604 par
771 3539 822 3598 est,
851 3547 912 3587 ser·
996 3538 1077 3593 Num.
1094 3541 1121 3594 ³.
1136 3537 1232 3593 Libros
1249 3541 1384 3610 wnqocm
1398 3539 1613 3611 sempiternam,
1630 3546 1682 3594 etc.
1708 3540 1766 3598 IIcc
1829 3533 1832 3536 ’

106 3620 200 3679 mendi
214 3621 243 3676 ln
256 3621 352 3678 ordine
366 3620 510 3677 destitutus
526 3620 571 3677 sit.
586 3622 657 3678 Dum
675 3621 703 3676 id
717 3628 808 3677 mente
832 3619 911 3693 cogi·
961 3626 1046 3682 verbo
1056 3625 1114 3682 vult
1128 3624 1281 3696 exprimere
1294 3625 1378 3680 libros
1388 3641 1450 3682 asse
1464 3626 1583 3697 speciem
1592 3626 1646 3682 cibi
1661 3626 1706 3699 qui
1714 3644 1766 3698 per

107 3718 147 3776 ιο,
171 3709 254 3766 veluti
271 3709 378 3765 iervore
400 3709 517 3781 repleor,
534 3725 590 3766 non
618 3709 747 3766 dubitans
774 3707 911 3764 affirmare
961 3729 1040 3768 usum
1054 3729 1110 3768 non
1124 3712 1293 3769 consumitur
1307 3733 1317 3781 ,·
1333 3719 1360 3769 et
1376 3730 1409 3770 ex
1416 3715 1470 3770 hcc
1477 3713 1538 3770 ioco
1551 3722 1625 3785 patet
1634 3724 1764 3787 quantum

105 3798 213 3868 maiora
253 3798 379 3854 ordinum
408 3797 574 3869 regularium
605 3797 703 3853 damna
731 3797 795 3853 inde
821 3804 912 3853 crtum
925 3760 1043 3872 Bprimi
1054 3801 1148 3857 I'atres
1163 3801 1264 3858 vellent
1277 3808 1386 3858 nostros
1405 3801 1479 3859 circa
1492 3802 1624 3859 librorum
1638 3802 1765 3875 scriptio·

107 3886 249 3958 accepisse
265 3892 292 3941 et
315 3884 452 3957 accipere.
477 3885 531 3942 Sed
554 3885 690 3943 calamum
711 3884 755 3941 hic
775 3884 911 3958 reprima—
961 3905 1023 3946 nem
1038 3889 1166 3962 occupari
1181 3907 1261 3962 ;quae
1275 3889 1338 3947 ideo
1352 3889 1461 3947 illorum
1477 3899 1540 3948 tnnc
1566 3900 1625 3948 erat
1639 3906 1765 3949 commu·

104 3990 177 4043 mus,
195 3973 311 4046 nequid
327 3973 454 4030 diffusius
465 3973 560 4030 dehac
575 3973 785 4031 rescribamus.
962 3978 1023 4034 nior
1038 3979 1190 4050 occupatio,
1206 3986 1236 4033 ut
1250 3995 1283 4035 ex
1293 3979 1346 4035 hoc
1358 3979 1624 4051 capituloevidenter
1637 3990 1761 4053 apparet.

141 4062 210 4119 Car.
230 4062 392 4119 xxvnl.-
405 4064 491 4119 Num.
505 4066 531 4117 I.
542 4062 584 4119 Ad
594 4063 845 4134 ketumspctccm,
856 4068 910 4118 ιιι.
998 4067 1047 4123 Ibi.
1066 4069 1110 4134 ut,
1125 4068 1190 4140 quta
1205 4082 1252 4124 ore
1266 4083 1325 4123 non
1333 4083 1492 4140 possumus,
1508 4069 1559 4125 Dei
1570 4069 1685 4126 verbum
1698 4086 1764 4128 me-

104 4151 180 4207 lnter
193 4150 389 4224 supellectilem
404 4149 477 4206 illam
491 4166 552 4223 quae
567 4150 603 4206 ad
624 4150 727 4207 lectum
741 4166 911 4222 compcncn-
961 4156 1044 4212 ηιιιιι
1058 4156 1252 4229 predicemus.
1271 4157 1341 4225 Quot
1367 4157 1445 4212 enlm
1459 4157 1552 4223 libros,
1576 4164 1629 4213 etc.
1647 4158 1764 4216 Publicos

105 4238 170 4295 dum
184 4247 212 4296 et
224 4239 260 4295 ad
283 4239 472 4295 indumentum
494 4237 610 4296 concedi
633 4239 713 4296 sohte
740 4247 910 4308 recensetur,
962 4260 1029 4315 ergo
1044 4243 1152 4299 utilitati
1166 4243 1250 4299 etiam
1271 4244 1402 4299 vacabant
1415 4244 1509 4299 Patres
1532 4245 1628 4315 nostri,
1644 4245 1763 4304 mariale

104 4335 216 4384 nostros
237 4342 378 4399 nunqnam
400 4328 572 4383 renuntiasse
600 4327 711 4399 pellium
728 4327 798 4392 usui,
828 4334 855 4382 ιι
876 4326 910 4382 ab
962 4339 1099 4388 eumtunc
1114 4331 1244 4402 temporis
1260 4331 1381 4386 nondum
1407 4331 1518 4387 inventa
1532 4340 1606 4388 esset
1623 4348 1670 4390 ars
1685 4342 1764 4407 typo-

106 4415 184 4472 initio
199 4431 247 4472 ιιι
260 4415 312 4470 sibi
327 4415 484 4471 adhibuisse
508 4414 680 4472 manifestum
696 4423 747 4472 est.
774 4417 833 4470 Imo
848 4423 911 4471 tunc
961 4420 1101 4491 graphica,
1111 4427 1137 4474 et
1145 4418 1220 4474 nulla
1234 4426 1342 4490 pateret
1355 4418 1466 4476 lectioni
1481 4425 1508 4475 et
1532 4421 1627 4476 studiis
1641 4422 1696 4491 via,
1710 4423 1764 4480 nisi

103 4504 166 4561 dure
179 4503 293 4576 palliola
301 4505 328 4560 in
336 4505 388 4561 hac
396 4504 493 4574 hlajori
504 4504 649 4559 Carthasia
661 4503 777 4577 singulis
786 4503 910 4577 assigna·
961 4507 1137 4579 manuscripti
1154 4507 1265 4563 codices
1288 4507 1465 4564 haberentur.
1480 4508 1508 4563 Si
1532 4509 1572 4565 sic
1586 4510 1765 4581 opinarentur

104 4592 211 4660 bantur,
227 4607 342 4666 quarum
356 4592 444 4648 altera
459 4592 579 4664 quotidie
592 4592 783 4660 induebantur,
795 4602 910 4663 eratque
961 4595 1064 4668 antiqui
1084 4596 1180 4651 Patres
1196 4603 1222 4651 ιι
1244 4595 1345 4651 vellent
1358 4612 1409 4651 nos
1423 4605 1517 4653 nostro
1532 4597 1613 4654 mcdo
1628 4599 1764 4669 praedica-

102 4679 159 4736 illis
173 4696 222 4752 pro
237 4681 328 4738 tunica
341 4680 422 4736 talari
436 4692 463 4736 ιι
478 4680 622 4753 superiori,
636 4681 719 4735 altera
734 4696 799 4736 vero
813 4680 909 4736 diebus
960 4683 1027 4740 ticni
1042 4699 1153 4754 vacare,
1183 4684 1393 4740 transcribendo
1412 4684 1496 4740 libros
1510 4686 1546 4740 ab
1573 4686 1633 4741 aliis
1647 4702 1762 4757 compo·

104 4767 275 4825 solemnibus
289 4769 434 4824 utebantur
448 4787 457 4836 3
472 4768 566 4841 sicque
582 4777 677 4825 contra
700 4767 785 4840 lrigus
808 4768 910 4824 inistis
960 4772 1036 4841 sitos,
1053 4788 1107 4827 non
1117 4772 1277 4828 recusabant
1291 4788 1339 4828 eos
1353 4773 1400 4845 qui
1418 4788 1434 4827 ι
1448 4774 1548 4829 nostris
1563 4788 1763 4845 componeren-

104 4856 213 4930 lrigidis
227 4857 296 4914 locis
311 4865 389 4914 erant
412 4857 483 4912 hene
496 4856 603 4912 muniti.
631 4857 711 4914 Nunc
724 4872 789 4914 vero
817 4864 909 4913 vestes
960 4868 1013 4926 tur,
1029 4860 1111 4915 etiam
1125 4875 1208 4931 posse
1222 4861 1380 4917 transcribi.
1399 4861 1476 4918 Unde
1495 4862 1591 4917 durIus
1601 4877 1682 4933 quam
1693 4877 1761 4920 con·

103 4953 205 5002 nostrae
217 4946 252 5000 ah
266 4944 320 5000 illis
336 4943 474 5014 differunt,
499 4959 563 5000 narn
591 4943 705 5016 pellicea
720 4943 809 5001 tunica
823 4961 908 5016 supe·
960 4948 1033 5004 venit
1047 4964 1096 5004 eos
1109 4948 1184 5020 loqui
1204 4949 1372 5005 censendum
1386 4957 1437 5017 est,
1461 4949 1507 5021 qui
1521 4965 1538 5004 ι
1565 4952 1763 5021 componendis

102 5032 171 5091 riori
184 5033 275 5090 hieme
289 5041 317 5091 ιι
330 5040 410 5090 nocte
426 5040 528 5089 ιιιιιιιιι
551 5033 660 5101 utimur,
677 5041 704 5089 et
720 5032 838 5089 interdiu
853 5033 908 5089 alia
958 5035 1036 5091 libris
1051 5035 1152 5092 vellent
1166 5037 1397 5093 noslrcscmnIno
1411 5037 1555 5109 repellere,
1581 5045 1608 5094 et
1622 5039 1673 5094 sub
1688 5056 1763 5112 prra-
1844 5108 1849 5116 Ι

103 5139 137 5179 ex
151 5137 250 5194 grosso
265 5137 355 5194 panno
369 5121 466 5194 patriae
483 5121 643 5193 composita.
659 5121 713 5191 Qui
734 5130 825 5178 tamen
840 5117 942 5178 ususG
957 5131 1028 5180 textu
1037 5123 1098 5180 ritae
1112 5123 1226 5181 occultae
1243 5133 1269 5180 et
1283 5125 1428 5193 solitaria,
1444 5125 1506 5181 illos
1521 5134 1624 5182 lantum
1639 5128 1697 5185 Deo
1712 5144 1763 5201 pro

102 5209 272 5283 pelliciarum
299 5210 382 5266 etiarn
405 5210 521 5265 interdiu
535 5210 739 5284 gestandorum,
769 5211 842 5266 haud
868 5210 907 5266 ita
957 5213 1122 5280 homiuibus,
1138 5228 1193 5268 ncn
1207 5229 1271 5270 vero
1296 5214 1331 5270 de
1352 5214 1410 5269 Deo
1425 5213 1590 5280 hominibus,
1616 5232 1668 5272 nec
1682 5217 1762 5272 etlam

105 5299 214 5370 pridem
227 5299 317 5355 adbuc
330 5298 478 5372 vigebatIn
493 5300 544 5355 hnc
557 5299 650 5366 domo,
670 5307 752 5371 prout
766 5296 907 5354 atestibus
956 5316 1007 5373 per
1034 5300 1177 5369 calamum,
1196 5301 1272 5373 loqui
1298 5301 1400 5358 debere
1428 5302 1623 5359 exisdmnrent.
1648 5304 1700 5374 Qui
1723 5306 1764 5362 sic

102 5386 217 5444 oculatis
238 5387 399 5456 audivimus,
421 5395 448 5443 et
466 5387 555 5444 adbuc
573 5387 689 5460 legimus
712 5387 740 5442 in
761 5385 839 5442 libris
865 5402 908 5443 ra·
958 5389 1133 5460 opinarentur
1146 5392 1163 5447 d
1178 5406 1261 5446 sensu
1276 5390 1311 5447 ιι.
1337 5390 1426 5446 Ριιιιι
1440 5391 1575 5466 Guigcnis
1597 5408 1648 5464 per
1662 5408 1762 5449 exces-

104 5476 209 5532 ti0num
223 5475 322 5533 domus
345 5475 503 5533 carthusia.
526 5475 607 5546 Quod
621 5483 711 5532 tamen
734 5491 786 5548 pro
800 5475 908 5548 tempo·
959 5495 1018 5533 sum
1033 5477 1200 5546 aberrarent,
1211 5484 1237 5535 et
1253 5480 1335 5537 tacite
1344 5480 1557 5538 condemnarent
1567 5488 1605 5535 ιιι
1620 5481 1762 5554 egregios,

107 5579 169 5624 rum
182 5563 287 5624 ratione
300 5571 430 5623 mutatum
451 5572 503 5632 est,
530 5579 595 5623 cum
614 5564 740 5622 homiues
767 5563 910 5623 delicatius
960 5573 988 5623 et
1001 5565 1063 5639 pios
1076 5566 1237 5642 scrIptcres,
1248 5568 1296 5642 qui
1309 5569 1337 5626 ln
1354 5568 1451 5625 ordIne
1465 5575 1656 5628 numerantur.
1675 5571 1710 5627 At
1720 5569 1765 5630 ia-
