3742 5986
114 218 168 272 605

783 208 1055 272 MEDITATIONES.
1128 252 1135 271 .

1712 213 1765 269 606

118 340 173 397 nisi
186 338 325 395 humiliter
338 335 481 393 consessus
501 334 607 402 suisset,
623 337 696 408 quod
715 336 741 394 ei
763 337 953 399 PharisaeusA
967 338 1137 395 vestimenta.
1153 335 1281 392 Vestibus
1295 334 1404 408 indiges
1428 341 1524 390 contra
1538 332 1636 408 lngus,
1647 350 1702 391 non
1716 350 1766 392 cc-

119 429 238 499 superbe
266 427 472 496 improperaret.

153 518 210 572 lloc
226 514 285 570 solo
297 515 387 582 justus
402 529 442 578 es,
459 511 482 566 si
495 511 531 566 ob
546 518 658 582 peccata
677 519 762 570 tuate
780 515 915 570 damnan-

115 607 181 660 dum
197 618 333 675 agnoscas
347 609 374 656 et
402 601 488 656 dicas.
504 598 533 655 si
544 600 648 669 justum
666 612 692 657 te
703 601 782 670 dicis,
798 603 916 659 mendax

116 711 158 760 es,
174 701 201 748 et
214 708 232 747 a
247 690 363 747 Domino
374 689 485 745 veritate
500 687 648 755 damnaris,
666 697 694 745 ut
708 692 863 748 contrarius
878 693 913 748 ei.

117 782 168 838 llic
183 788 209 836 te
225 787 403 851 peccatorem,
420 785 448 832 ut
461 791 547 833 verax
568 777 684 834 Domino
698 779 915 838 veritateconve·

117 870 178 924 nias
193 868 365 945 liberandus.

152 958 311 1029 llagnorum
323 963 364 1010 est
373 969 424 1025 pro
435 952 624 1010 confitentibus
638 954 819 1023 intercedere,
836 966 864 1014 ut
875 959 915 1014 eis

116 1046 275 1117 ignoscatur
299 1062 306 1099 :
323 1044 457 1112 maj0rum
472 1049 574 1107 autern,
590 1057 640 1113 pro
656 1044 697 1098 his
712 1045 794 1100 etiam
808 1047 914 1118 suppli-

115 1149 181 1190 care
196 1134 314 1203 benigne
335 1132 381 1204 qui
395 1130 515 1186 nondum
531 1146 610 1184 suurn
635 1142 834 1203 recognoscunt
850 1151 913 1191 rea-

116 1230 182 1287 tum,
200 1229 230 1276 ut
257 1227 435 1293 cognoscant,
455 1227 482 1274 et
502 1233 551 1290 pro
567 1219 609 1273 liis
629 1220 688 1291 qui,
705 1229 751 1275 aut
774 1223 838 1294 quie
853 1239 914 1279 eru-

116 1310 241 1376 bescunt,
259 1315 304 1362 aut
323 1308 386 1379 qnia
407 1315 497 1361 amant
525 1313 629 1360 reatum
644 1323 733 1375 suum,
748 1325 803 1365 non
826 1311 913 1367 confr·

965 426 1022 482 lore
1036 426 1083 482 illo
1096 425 1140 481 vel
1154 424 1211 492 illo,
1228 425 1268 479 sic
1282 424 1343 480 cibo
1365 430 1461 479 contra
1472 421 1581 494 tamem,
1597 439 1652 479 non
1667 439 1764 496 sapore

964 514 1011 570 illo
1026 523 1070 570 aut
1084 514 1141 570 illo.

1000 603 1129 673 Voluptas
1147 600 1278 667 bestialis,
1296 616 1329 656 ex
1352 599 1479 655 sensibus
1506 599 1614 667 carnis;
1630 599 1764 657 diabolica

965 707 1042 757 vero,
1059 690 1146 745 omnis
1168 690 1256 745 fastus
1271 697 1296 745 et
1312 688 1421 744 invidiae
1435 696 1463 743 et
1483 686 1617 755 fallaciae3
1640 688 1765 760 philoso-

965 780 1046 851 phica
1068 794 1144 845 vero,
1165 794 1247 834 nosse
1271 785 1442 845 creaturam
1466 776 1603 850 angelica,
1628 792 1710 834 nosse
1738 784 1765 833 et

965 883 1059 924 amare
1074 869 1172 923 Deum.
1719 937 1721 940 .

1002 955 1069 1025 Quae
1081 957 1109 1011 in
1121 955 1284 1011 transitoriis
1295 954 1357 1026 plus
1371 954 1515 1024 delectant,
1528 955 1586 1011 bac
1594 953 1684 1027 magis
1693 969 1766 1010 mor·

965 1044 1046 1100 tilera
1059 1052 1130 1099 sunt.

1000 1134 1106 1188 Eadem
1133 1140 1180 1188 aut
1208 1131 1283 1203 pejor
1301 1139 1343 1186 est
1366 1131 1487 1197 stultitia,
1512 1129 1697 1202 genuflectere
1720 1131 1764 1186 bis

965 1237 1026 1294 quae
1041 1228 1070 1276 tu
1097 1220 1244 1286 seceris,et
1271 1219 1389 1275 animum
1414 1219 1545 1276 inclinare
1568 1220 1611 1274 his
1635 1235 1697 1292 quae
1711 1220 1763 1278 de·

965 1311 1058 1378 struis,
1072 1309 1100 1365 id
1115 1318 1156 1364 est
1171 1308 1317 1380 saporibus
1332 1308 1375 1363 vel
1396 1306 1457 1362 aliis
1472 1307 1656 1364 sensibilibus.

115 1406 216 1463 tentur,
232 1406 261 1452 ut
289 1395 477 1454 confiteantur.
1000 1397 1040 1454 De
1055 1398 1213 1471 regionibus
1228 1397 1408 1470 congregavit
1422 1413 1479 1462 eos,
1496 1413 1513 1453 a
1528 1397 1672 1468 saporibus
1686 1396 1763 1452 scili·

152 1485 249 1542 Omnis
263 1486 353 1540 anima
375 1486 515 1542 rationalis
530 1491 626 1546 volens
644 1489 738 1546 ulcisci
754 1506 793 1555 se,
810 1490 863 1546 hoc
877 1491 913 1546 ir·
964 1495 1047 1543 cetat
1065 1488 1204 1554 odoribus,
1216 1495 1244 1543 et
1259 1486 1366 1543 carneis
1389 1486 1505 1543 tactibus
1530 1502 1629 1543 eruens
1658 1485 1763 1542 animos

113 1583 196 1644 rogat
219 1573 299 1629 alteri
322 1573 395 1644 quod
423 1574 475 1628 sibi
490 1576 542 1648 ipsi
566 1579 671 1649 metuit,
687 1587 714 1635 et
728 1579 858 1635 abhorret
886 1586 913 1634 et
963 1585 1082 1643 sanctos,
1100 1576 1127 1632 in
1141 1592 1171 1632 se
1186 1576 1299 1649 colligit.
1508 1581 1510 1583 ’

114 1662 218 1718 malum
233 1663 318 1719 ducit.
335 1661 408 1718 Nihil
420 1672 511 1719 autern
525 1666 654 1722 libentius
674 1667 709 1722 ad
723 1667 948 1753 ulciscendumB
999 1665 1037 1719 Ita
1052 1673 1184 1720 conantur
1210 1665 1336 1721 homines
1365 1663 1456 1720 lacere
1484 1680 1576 1721 veram
1596 1663 1765 1738 voluptatem
1799 1680 1808 1688 ·

114 1767 146 1806 se
163 1767 245 1823 quam
259 1751 401 1809 veritatem
417 1754 527 1824 arripit,
543 1771 595 1812 nec
609 1756 695 1811 ullum
709 1755 811 1811 malum
826 1772 911 1811 vene·
963 1753 1022 1809 sive
1048 1753 1257 1823 beatitudinem,
1287 1752 1364 1825 quasi
1393 1761 1439 1809 aut
1467 1752 1540 1807 nulla
1567 1753 1618 1818 sit,
1634 1760 1681 1807 aut
1703 1749 1765 1807 sieri

113 1839 218 1895 notiore
230 1849 320 1895 mente
333 1841 440 1913 infligit.
456 1843 531 1915 Ergo
546 1843 584 1898 nil
599 1844 651 1899 sibi
674 1845 763 1915 magis
784 1845 913 1900 abhorret
961 1841 1057 1913 possit,
1075 1858 1136 1896 cum
1151 1842 1209 1913 ipsa
1225 1841 1284 1896 sola
1299 1842 1343 1906 sit,
1359 1840 1417 1896 fieri
1432 1857 1497 1897 vero
1511 1840 1586 1896 nullo
1600 1840 1681 1896 modo
1694 1855 1763 1911 pos·

111 1926 172 1983 fieri
187 1945 269 2001 qnam
283 1929 425 1986 veritatem
440 1931 506 1987 dici.
532 1932 590 1988 iloc
614 1932 714 2004 quippe
739 1933 912 1988 adversarius
963 1929 1007 1986 sit.
1028 1931 1058 1986 ld
1072 1938 1161 1985 autem
1177 1937 1217 1985 est
1233 1928 1326 1986 facere
1340 1929 1392 1985 sibi
1412 1929 1606 2002 beatitudinem
1616 1936 1642 1985 et
1657 1929 1762 1998 Deum;

112 2017 148 2071 de
163 2016 217 2072 alio
231 2016 392 2088 dicitquod,
409 2018 432 2073 si
445 2018 469 2073 is
493 2018 537 2074 cui
551 2019 649 2075 dicitur
678 2021 817 2076 humiliter
831 2037 912 2077 recu·
962 2027 989 2074 et
1004 2027 1098 2089 putare
1113 2033 1167 2073 non
1183 2034 1246 2074 esse
1256 2018 1460 2085 beatitudiuem,
1476 2025 1502 2074 et
1516 2033 1571 2073 non
1586 2033 1647 2073 esse
1662 2017 1760 2074 Deum.

112 2105 232 2177 gnoscit,
249 2105 363 2160 salutem
378 2115 513 2161 mereatur
530 2116 669 2164 aetemam.
686 2109 738 2178 Qui
752 2109 824 2164 enim
835 2110 913 2165 adul·
999 2108 1066 2162 Vide
1081 2107 1104 2162 si
1124 2122 1221 2162 omnes
1248 2107 1383 2173 homines,
1404 2105 1524 2161 dimissis
1552 2105 1679 2162 omnibus
1702 2104 1763 2161 aliia

112 2200 213 2261 terum,
228 2194 380 2249 adulterum
395 2204 483 2263 vocat,
499 2197 551 2253 hoc
565 2197 591 2252 ei
605 2198 670 2254 dicit
686 2213 734 2268 pro
750 2198 822 2253 malo
838 2199 910 2270 quod
962 2197 1045 2252 rebus
1073 2196 1172 2269 quibus
1196 2195 1347 2265 intendunt,
1364 2194 1411 2250 uni
1425 2201 1528 2251 tantum
1552 2193 1639 2250 coluri
1654 2201 1700 2250 aut
1714 2209 1761 2249 sa·

112 2281 174 2353 ipse
189 2298 239 2353 pro
262 2283 347 2338 salute
367 2298 416 2339 sua
444 2282 523 2341 lateri
545 2285 627 2341 debet
654 2286 752 2358 gratis.
782 2287 910 2344 Libenter
962 2285 1020 2356 pori
1035 2300 1068 2340 ex
1084 2292 1138 2340 toto
1153 2283 1303 2351 intendant,
1320 2298 1402 2356 quarn
1412 2282 1504 2338 miseri
1513 2281 1661 2338 ioedistulti
1671 2290 1759 2338 erunt.

112 2386 181 2441 ergo
196 2371 247 2426 hoc
268 2371 388 2442 recipiat,
405 2388 456 2430 nec
478 2389 533 2445 qua
547 2374 705 2444 intentione,
718 2374 764 2430 sed
782 2377 847 2447 quid
858 2376 910 2432 sibi
962 2372 1008 2428 Sic
1022 2380 1084 2426 sunt
1099 2380 1124 2427 et
1139 2371 1231 2438 modo,
1245 2388 1307 2429 cum
1321 2381 1377 2426 tam
1390 2371 1482 2427 multis
1495 2387 1527 2427 ac
1540 2371 1657 2428 diversis
1668 2386 1761 2426 rerum

110 2459 217 2515 dicatur
236 2461 365 2515 attendat.
962 2460 1134 2532 qualitatibus
1149 2461 1301 2517 intendunt.
1317 2461 1380 2516 Non
1403 2460 1476 2517 enim
1490 2461 1579 2534 magis
1606 2459 1700 2531 plures
1714 2464 1761 2515 aut

151 2546 203 2615 Qui
217 2563 271 2603 non
291 2548 387 2614 videri,
402 2549 451 2604 sed
466 2566 527 2606 esse
547 2566 629 2607 verax
653 2553 789 2609 veraciter
803 2553 909 2627 diligit;
961 2548 1097 2605 universae
1124 2555 1267 2615 creaturae,
1284 2549 1358 2605 Deus
1377 2556 1472 2605 noster
1496 2557 1542 2605 aut
1562 2555 1656 2605 nostra
1684 2547 1759 2603 salus

110 2652 164 2691 nec
178 2635 274 2700 videri,
292 2637 340 2691 sed
355 2653 416 2692 esse
430 2639 547 2693 mendax
562 2640 697 2696 veraciter
705 2642 808 2708 metuit,
822 2642 912 2697 statim
961 2645 1023 2694 sunt
1038 2654 1119 2709 qnam
1147 2653 1200 2692 una
1227 2636 1353 2709 quaelibet
1380 2653 1485 2693 earum.

110 2731 140 2779 ut
151 2740 181 2778 se
196 2725 335 2779 mentitum
350 2724 474 2791 advertit,
492 2727 543 2782 sibi
559 2729 727 2796 contradicit,
743 2746 795 2787 nec
809 2731 843 2785 ab
858 2731 911 2787 hoc
997 2726 1064 2781 Cum
1079 2726 1230 2800 gaudemus
1245 2726 1317 2783 unde
1332 2733 1359 2782 et
1373 2725 1461 2793 bruta,
1477 2726 1505 2781 id
1520 2734 1560 2782 est
1584 2726 1618 2783 de
1641 2726 1756 2796 luxuria,

109 2812 166 2868 nlla
181 2829 242 2867 eum
257 2812 299 2868 vel
326 2813 493 2884 improperia
507 2815 551 2871 vel
568 2817 667 2872 damna
683 2826 823 2875 revocant.
844 2819 912 2874 'lla-
960 2821 990 2869 ut
1008 2830 1111 2878 caues;
1131 2815 1166 2870 de
1184 2814 1341 2882 νθΐᾶῦἰῑθῑθ,
1358 2821 1387 2870 ul
1401 2814 1488 2887 1³0er
1504 2822 1530 2870 0¹
1544 2823 1654 2883 callem,
1670 2816 1758 2872 anima

111 2900 170 2956 vult
185 2900 257 2955 enirn
270 2917 352 2957 verax
375 2904 452 2969 mori,
478 2919 561 2975 quam
576 2906 693 2961 mendax
717 2907 818 2977 vivere,
835 2907 858 2963 si
873 2915 913 2962 ta-
960 2910 1054 2958 nostra
1068 2902 1097 2957 frt
1112 2902 1208 2958 similis
1231 2902 1374 2958 animabus
1401 2902 1520 2972 illorum,
1537 2912 1563 2959 et
1578 2919 1633 2959 non
1659 2905 1758 2962 borre-

111 3005 176 3044 ιιι-ει]
192 2989 257 3044 vivit
270 2990 397 3057 mendax,
408 3008 471 3047 cum
487 2993 619 3065 scripturn
634 2995 667 3049 sit
682 3010 688 3048 :
703 2996 737 3052 Os
747 2996 818 3068 quod
833 3013 911 3053 mera·
960 3007 1031 3046 mus.
1042 2991 1104 3065 Ego
1120 2998 1210 3047 autem
1232 2992 1344 3047 mallem
1359 3007 1458 3063 corpus
1473 2991 1575 3047 babere
1586 2992 1661 3048 cenis
1676 3008 1757 3064 quam

113 3080 187 3133 titur
201 3078 303 3135 occidit
318 3081 456 3135 unimam.
472 3080 549 3154 (Sap.
567 3098 585 3148 t,
604 3084 659 3153 ll).
961 3080 1090 3135 animam.
1116 3082 1151 3136 Et
1174 3089 1266 3136 tamen
1290 3079 1314 3134 si
1328 3095 1428 3150 corpus
1450 3087 1571 3135 nostrum
1600 3080 1627 3134 in
1655 3086 1758 3136 tantam

148 3167 205 3221 lloc
220 3166 348 3237 quodvis
363 3168 543 3235 abscondere,
559 3170 587 3226 id
603 3179 643 3227 est
668 3181 809 3243 peccatum
824 3180 910 3240 tuum,
960 3168 1053 3225 canini
1068 3168 1194 3240 corporis
1211 3168 1342 3224 transiret
1364 3167 1576 3235 similitudinem,
1592 3168 1620 3223 in
1631 3176 1761 3241 quautam

111 3253 236 3325 improba
248 3263 274 3309 et
284 3255 341 3323 jam
361 3271 416 3312 non
444 3257 494 3313 erit
510 3260 583 3330 quod
612 3260 783 3316 abscondere
799 3260 910 3317 debeas.
961 3257 1059 3312 animae
1093 3257 1198 3313 caninae
1231 3255 1436 3312 similitudinem
1467 3256 1559 3312 anima
1584 3265 1680 3314 nostra
1706 3274 1758 3330 per

110 3341 209 3397 Delere
233 3342 305 3397 enim
331 3342 396 3398 illud
419 3353 508 3416 potes,
532 3347 705 3403 abscondere
729 3363 784 3404 non
822 3358 909 3420 potes.
960 3344 1094 3401 luxuriam
1122 3345 1228 3414 transit,
1259 3344 1399 3416 quianon
1422 3342 1757 3417 ferratiquisnonhor·
1857 3357 1858 3360 ’

108 3429 183 3484 Nihil
197 3431 268 3486 enim
283 3440 406 3502 opertum
421 3434 494 3504 quod
509 3450 562 3490 non
585 3435 728 3504 reveletur,
745 3452 797 3493 nec
815 3438 911 3494 occul-
960 3435 1057 3489 reret?
1070 3433 1167 3488 Melius
1194 3440 1284 3489 autem
1312 3446 1346 3489 ac
1373 3431 1543 3488 tolerabilius
1559 3442 1642 3500 esset,
1657 3449 1757 3510 corpus
1837 3476 1841 3490 .

109 3526 167 3573 turn
182 3520 255 3590 quod
278 3535 332 3574 non
355 3522 455 3576 sciatur
478 3522 567 3592 Quare
587 3540 655 3597 ergo
678 3526 805 3581 morbum
825 3527 911 3582 mavis
960 3529 1082 3576 nostrum
1096 3521 1125 3576 in
1140 3522 1253 3576 bestiam
1268 3520 1440 3586 commutari,
1456 3519 1585 3576 animuin
1601 3521 1757 3593 suadigni·

111 3606 202 3662 celare
215 3623 297 3678 quam
311 3609 429 3664 sanare?
452 3609 598 3679 Quomodo
613 3613 725 3669 morbos
740 3614 777 3668 tui
787 3614 911 3686 corporis
960 3617 1024 3677 tate,
1040 3609 1067 3665 id
1080 3616 1121 3665 est
1133 3610 1183 3666 Dei
1194 3609 1322 3684 imagine,
1334 3616 1521 3680 permanente,
1538 3625 1631 3681 quarn,
1641 3625 1757 3681 corpore

110 3695 229 3751 libenter
241 3695 310 3762 aliis,
328 3704 357 3750 ut
368 3698 578 3769 compatiantur,
593 3701 724 3768 ostendis,
741 3710 768 3757 et
782 3702 805 3757 si
816 3703 911 3758 nolunt
959 3707 1087 3754 manente
1110 3699 1239 3766 bumana,
1256 3698 1376 3754 animam
1402 3695 1462 3752 fieri
1486 3697 1636 3754 bestialem.
1651 3698 1686 3755 Et
1697 3699 1757 3756 haec
1835 3724 1841 3731 „

108 3782 236 3849 credere,
252 3783 382 3840 miserum
397 3793 423 3841 te
448 3787 541 3853 habes,
563 3796 732 3862 augeturque
755 3791 844 3861 dolor,
860 3791 910 3847 sed
961 3787 1073 3843 mutatio
1095 3794 1170 3842 tanto
1198 3794 1240 3842 est
1267 3786 1421 3842 horribilior
1448 3786 1591 3858 magisque
1617 3786 1755 3855 delleuda,

108 3877 138 3926 et
153 3871 288 3942 irasceris,
300 3880 326 3929 et
340 3873 376 3928 ita
390 3875 425 3929 de
444 3876 542 3932 animae
556 3877 761 3951 egritudinibus
785 3879 853 3951 ipsis
868 3878 909 3936 la·
959 3884 1061 3948 quanto
1074 3875 1164 3931 anima
1178 3875 1336 3947 praeminet
1352 3874 1470 3946 corpori.
1486 3874 1565 3931 Unde
1579 3874 1665 3932 David
1680 3877 1756 3935 :llo-
1842 3913 1851 3924 .

109 3958 175 4015 cito.
960 3965 1010 4021 tite
1025 3965 1090 4035 fieri
1104 3966 1182 4021 sicut
1195 3981 1283 4037 equus
1300 3967 1328 4020 et
1341 3964 1448 4033 mulus,
1464 3963 1564 4037 quibua
1576 3981 1634 4022 non
1649 3968 1692 4021 est
1706 3965 1756 4022 in·

959 4053 1089 4109 tcttectus
1115 4052 1204 4123 (Psoi.
1232 4067 1315 4109 xxxv.
1341 4052 1378 4124 9).
1395 4051 1457 4107 Non
1481 4051 1552 4109 enirn
1572 4052 1606 4108 de
1630 4052 1755 4125 corporis

957 4140 1010 4197 hoc
1038 4140 1223 4207 similitudine,
1239 4156 1273 4197 ne
1288 4140 1323 4196 sit
1351 4140 1507 4208 ridiculum,
1523 4139 1576 4196 dici
1602 4141 1753 4211 putandum

957 4237 1008 4286 est.

992 4318 1128 4389 Coeptare
1143 4315 1254 4390 aliquid,
1271 4315 1341 4373 sicut
1355 4315 1446 4373 cibum
1458 4324 1503 4372 aut
1517 4324 1620 4389 potum,
1636 4316 1754 4374 tantum·

913 4406 940 4466 D
955 4406 1037 4463 modo
1050 4413 1079 4461 ut
1094 4405 1155 4478 plus
1170 4403 1296 4472 delectet,
1313 4405 1422 4461 diabolo
1432 4404 1575 4477 cooperari
1589 4414 1631 4461 est
1644 4406 1672 4461 in
1688 4422 1752 4478 per-

145 4500 212 4556 Vide
226 4501 293 4557 duas
315 4503 500 4574 experientias
519 4504 680 4578 ingestionis
694 4514 722 4561 et
743 4506 903 4578 egestionis,
954 4494 1053 4551 niciem
1069 4503 1202 4564 nostram,
1220 4501 1246 4550 θῑ
1259 4509 1359 4550 θῢΰθῑθ
1375 4493 1507 4567 gladium,
1519 4492 1593 4566 quod
1610 4493 1716 4552 facilius
1726 4502 1754 4550 et

103 4589 171 4660 quid
186 4598 211 4644 tc
225 4590 314 4662 magis
328 4590 463 4648 beatificet
478 4594 550 4665 quod
561 4609 610 4665 per
626 4594 706 4660 hauc,
720 4609 755 4649 sn
767 4595 840 4667 quod
854 4609 904 4665 per
955 4583 1035 4640 altius
1049 4590 1145 4639 nostra
1160 4581 1246 4654 possit
1261 4582 1366 4639 viscera
1389 4590 1543 4654 penetrare.
1558 4582 1665 4651 Quanto
1679 4583 1753 4639 enim

103 4676 181 4731 illam
196 4679 338 4749 experiris.
362 4679 410 4734 lita
433 4689 530 4736 onerat
559 4681 708 4749 inutilibus,
723 4683 782 4740 hae
803 4698 904 4740 emne-
953 4671 996 4726 his
1011 4671 1127 4743 amptius
1141 4672 1317 4739 delectamur,
1336 4679 1409 4728 unio
1425 4671 1538 4745 gravius
1548 4686 1581 4729 ac
1591 4671 1752 4745 profundius

103 4773 158 4821 rat.
175 4765 245 4835 Quid
259 4767 345 4837 prosit
359 4775 514 4840 utrumque,
531 4770 720 4841 circumspice.
738 4772 796 4827 lloc
806 4779 848 4828 est
859 4778 903 4828 to·
953 4760 1136 4817 vulneramur·

103 4862 162 4910 turn
177 4854 325 4910 devorasse
340 4865 479 4927 expertum
500 4873 572 4914 esse.
587 4858 633 4914 Nil
647 4859 717 4914 ultra
735 4859 795 4931 spei
809 4875 903 4916 rema-

103 4949 161 4997 net.
177 4941 222 4997 Sic
244 4942 271 4997 in
299 4945 424 4999 omnibus
449 4946 630 5001 sensualibus
653 4947 722 5004 Vide
747 4964 815 5021 ergo
838 4949 903 5020 quid

102 5029 280 5085 beatitudinis
299 5033 390 5088 omnia
414 5034 578 5103 hujusmodi,
603 5035 660 5090 sive
683 5035 710 5090 in
725 5052 784 5107 spe,
802 5037 903 5093 sivein
952 5029 990 5084 De
1005 5027 1086 5084 vadit
1102 5026 1259 5093 timoribus,
1275 5026 1424 5092 doloribm·
1441 5030 1470 5083 02
1484 5025 1660 5083 Cificiam&
1673 5026 1750 5096 fitio-

102 5135 143 5184 ro,
160 5119 187 5172 in
203 5128 229 5175 te
244 5119 393 5192 effecerint,
409 5123 490 5178 etaic
505 5123 642 5194 cogitndo
670 5123 777 5180 futuris.
794 5126 899 5199 Cogita,
988 5113 1053 5154 mm
1068 5097 1153 5170 husu*
1168 5098 1275 5163 '‘²⁰¹⁸‘ss
1298 5114 1365 5169 qm
1387 5097 1562 5155 mmmm
1578 5113 1616 5154 ω
1637 5100 1751 5172 ''mh‘'

102 5207 224 5278 inquam,
252 5224 383 5280 pt08pera
411 5211 557 5283 praeterita,
574 5220 599 5266 et
614 5212 654 5267 sic
681 5212 772 5269 futura
796 5214 899 5282 judica.
988 5185 1086 5225 mrum
1104 5168 1263 5242 cupam
1279 5174 1307 5225 θ’
1321 5184 1427 5226 mre·

357 4120 555 4179 CAPITULUbl
570 4124 616 4179 lll.

105 4259 146 4314 De
160 4260 352 4332 voluptatibus
367 4279 400 4319 ac
417 4264 517 4320 vitibus
535 4265 769 4326 delectationibus
783 4269 906 4341 quinque

427 4351 571 4391 sensuum.

1237 4884 1434 4942 adstruatur
1448 4885 1493 4941 lV.

101 5294 171 5363 Qum
185 5312 290 5367 speras,
311 5299 432 5367 peritura
460 5308 522 5354 sunt
544 5301 644 5356 omnia.
661 5301 696 5354 Et
716 5308 744 5355 tu
760 5301 825 5372 quid
839 5310 901 5374 post
987 5303 1089 5375 Sponte
1102 5319 1132 5359 se
1143 5303 1265 5374 implicat
1279 5303 1361 5358 bomo
1389 5316 1536 5373 corporum
1565 5316 1597 5358 ac
1625 5300 1750 5358 vanitatis
1812 5290 1847 5300 ”

99 5383 185 5439 hac?
200 5385 310 5457 Aliquid
329 5401 392 5441 ama
407 5395 433 5442 et
448 5404 528 5459 spera
550 5389 623 5460 quod
643 5403 697 5444 non
715 5397 844 5446 transeat.
951 5392 1048 5458 amori,
1065 5392 1115 5448 sed
1130 5391 1205 5459 velit,
1225 5390 1305 5458 nolit,
1334 5390 1472 5447 cruciatur
1494 5390 1591 5447 timore
1603 5405 1636 5446 ac
1654 5388 1749 5445 dolore

140 5471 218 5545 l’iugi
232 5474 275 5528 vis
284 5472 361 5547 ligna
374 5474 521 5542 coloribus,
537 5476 601 5547 igne
616 5477 811 5545 consumenda,
837 5493 899 5535 curn
950 5494 1001 5552 pro
1014 5496 1110 5537 eorum
1125 5479 1242 5547 interitu,
1269 5479 1327 5535 sive
1350 5494 1413 5535 curn
1438 5476 1597 5534 auferuntur
1609 5477 1671 5550 ipsa
1683 5490 1749 5533 cor-

102 5573 136 5618 ea
151 5575 213 5636 quaa
234 5561 383 5632 consumis,
399 5562 441 5620 vis
454 5579 515 5620 esse
544 5564 655 5635 decom,
672 5581 721 5623 seu
739 5566 835 5635 cibos,
848 5583 899 5649 peu
950 5583 1027 5641 pona,
1043 5567 1102 5627 aive
1116 5582 1179 5627 cum
1193 5567 1252 5640 ipse
1265 5564 1444 5640 vituperatur.
1461 5567 1547 5625 amor
1557 5565 1632 5626 enim
1644 5564 1748 5654 peritus
