3750 5984
105 137 160 191 385
424 131 614 191 nxvosmo
633 133 670 189 IN
688 129 877 189 EPISTOLAS
895 128 1011 187 Phbu.
1035 161 1070 172 -·-
1089 131 1127 188 IN
1144 130 1254 188 EPIST.
1274 132 1322 187 ab
1342 130 1419 189 col.
1705 129 1759 186 386

104 256 217 329 respicit
230 273 312 315 nemo
328 274 373 314 aas
388 258 520 330 decipiat.
536 256 662 329 Decipiat
671 256 733 313 dico
747 273 798 330 per
811 257 941 330 philo-A
954 254 1023 312 cutis
1037 257 1143 311 cornis.
1155 255 1228 312 Nihil
1238 255 1311 311 anim
1321 254 1396 311 ahud
1406 253 1489 319 fitibi,
1500 253 1553 309 nisi
1564 253 1636 326 quod
1647 252 1754 310 abscin-

105 347 242 419 sophiom,
260 346 330 402 sicut
344 345 382 401 illi
397 352 539 417 reputant,
555 351 585 401 et
598 361 678 418 quam
688 360 741 418 ego
760 345 821 400 dico
837 345 904 399 ina·
955 342 1026 398 ditur
1039 342 1157 400 cuticula
1171 343 1270 407 caruis,
1286 345 1335 399 scd
1345 342 1409 398 estis
1425 341 1579 399 circumcisi
1586 344 1617 397 in
1633 344 1758 398 circum-

104 451 171 490 nem
177 435 335 506 fallaciam.
346 434 473 503 Fallacia,
485 435 548 507 quia
558 434 632 489 nulla
642 433 743 489 veritas
751 432 903 500 ibi‚inauis,
954 433 1060 488 cisione
1077 431 1259 504 Christi'qua
1273 447 1323 487 vos
1338 431 1463 487 Christus
1476 429 1639 502 purificavit.
1656 429 1707 485 Vel
1721 429 1760 485 ita

105 521 133 576 id
149 521 260 577 estsine
275 523 398 577 utilitate.
416 523 483 578 Sunt
507 522 580 577 enim
603 523 685 576 multa
708 521 860 590 mendacia,
876 528 906 575 ιιι
955 528 1173 575 construamus:
1193 521 1359 576 circumcisi
1374 522 1444 576 estis
1467 521 1683 575 circumcisione
1703 533 1761 574 non

105 617 245 680 poetarum
260 627 319 682 quae
334 610 516 665 suntinutilia.
529 610 738 681 Philosophiam
749 614 776 665 ct
788 611 905 664 inanem
954 611 1135 680 manufacta.
1154 607 1378 664 circumcisione
1395 608 1455 665 dico
1470 611 1550 680 sacto
1569 608 1601 662 in
1616 606 1762 679 exspolia-

104 698 254 769 faitociam
268 698 347 765 dico,
364 699 525 753 existentem
541 699 697 754 secarzdam
722 698 906 753 traditionem
957 699 1033 752 tione
1047 698 1173 769 corporis
1182 717 1191 763 ,·
1201 697 1275 768 quod
1286 712 1387 767 carpus
1400 704 1459 751 erat
1473 698 1580 762 carnis,
1592 695 1620 750 id
1631 702 1762 766 estsupe-

106 786 263 854 hominum,
280 787 308 842 id
318 794 359 842 εει
374 786 528 842 humaniter
542 785 718 857 sapientium,
736 785 840 841 scilicet
859 801 905 841 se·
956 785 1280 841 rabaturasensualitate.
1292 785 1411 840 Exuistis
1421 785 1492 840 enim
1504 783 1762 856 carpussecundum

105 874 225 929 cundum
240 874 347 946 legem;
364 891 425 947 quar
440 874 556 929 laxante
575 874 713 929 Christum
729 873 838 944 quidem
857 872 907 928 luit
957 873 1153 940 carnalitatem,
1170 880 1198 928 ut
1210 873 1267 942 jam
1293 873 1402 929 obediat
1412 873 1528 944 spiritui,
1545 872 1761 930 circumcisione

108 962 215 1017 traditio
230 963 290 1019 Dei.
308 964 363 1019 Sed
378 963 424 1018 ubi
435 963 539 1018 Veritas
549 963 632 1029 venit,
649 970 675 1018 et
690 962 763 1017 Deus
774 977 906 1018 eamces-
956 979 1014 1018 non
1029 964 1209 1033 manufacto,
1231 961 1322 1016 sedin
1339 961 1547 1018 circumcisione
1569 960 1685 1028 Christi,
1707 973 1763 1031 qua

105 1066 168 1106 sare
182 1049 267 1106 voluit
280 1053 335 1120 jam
351 1067 406 1106 non
420 1052 480 1118 Dei,
505 1052 555 1106 sed
578 1050 687 1106 traditio
707 1049 847 1105 hominurn
862 1051 906 1105 lex
957 1049 1083 1104 Christus
1101 1049 1193 1105 omnia
1204 1049 1352 1121 superflua,
1369 1057 1397 1104 et
1411 1049 1594 1120 dependentia
1607 1048 1699 1104 vitica
1714 1062 1763 1104 vo·

104 1137 164 1193 luit.
181 1138 337 1195 Secundum
359 1140 532 1195 traditionem
555 1139 695 1195 bominum
711 1143 741 1194 et
754 1140 907 1209 fallaciam
957 1138 999 1192 bis
1011 1138 1181 1210 amputavit3
1201 1138 1229 1192 in
1243 1138 1297 1195 bac
1312 1139 1477 1194 circumcisi
1491 1147 1518 1193 et
1533 1135 1668 1209 purificati
1682 1138 1761 1193 estis.

105 1227 176 1292 dico,
193 1227 369 1284 exercitatam
383 1229 539 1285 secundam
557 1230 708 1284 clementa.
720 1226 906 1283 Eamdemlc-
957 1227 1151 1297 Exapoliamur
1177 1242 1293 1297 corpore
1320 1225 1410 1282 carnis
1434 1227 1462 1280 in
1482 1226 1633 1297 baptisma,
1660 1226 1688 1280 in
1708 1238 1763 1297 qna
1804 1292 1808 1299 Ι

105 1331 169 1387 gem
185 1315 321 1371 elementa
335 1325 423 1386 vocat,
439 1318 512 1389 quia,
531 1317 598 1372 sicut
614 1316 690 1388 pueri
706 1331 757 1386 per
773 1315 908 1371 elementa
957 1323 1073 1386 peccata
1096 1316 1278 1387 deponuntur,
1298 1322 1324 1370 et
1341 1315 1456 1370 liberum
1478 1314 1618 1369 arbitrium
1642 1311 1761 1369 hominis

104 1402 183 1473 prius
207 1404 359 1472 addiscunt,
381 1413 411 1459 ut
432 1405 472 1461 sic
492 1413 632 1460 transeant
659 1404 694 1459 ad
710 1401 907 1473 perfectionem
958 1412 1071 1475 accepta
1090 1403 1193 1473 justitia
1217 1402 1395 1469 confortatur,
1418 1412 1445 1458 ut
1457 1404 1523 1472 jam,
1544 1403 1567 1457 si
1591 1403 1664 1469 velit,
1688 1402 1760 1458 bene

104 1491 265 1559 litterarum,
281 1493 320 1548 sic
336 1493 381 1547 illa
395 1493 497 1564 legalia
512 1492 649 1549 elementa
664 1492 736 1550 dicta
758 1502 830 1559 sunt,
845 1493 908 1567 quia
958 1507 1041 1565 agere
1053 1493 1147 1564 possit.
1165 1493 1227 1548 Nan
1240 1492 1328 1548 salum
1350 1509 1444 1547 sumus
1470 1491 1624 1549 circumcisi
1648 1489 1760 1562 deposi-

103 1580 221 1650 papulus
235 1581 353 1636 carnalis
369 1581 504 1652 impotens
526 1597 624 1653 capere
640 1582 769 1653 spiritalia
789 1585 944 1668 instrue-B
959 1581 1031 1636 tione
1045 1590 1228 1652 pcccatorum,
1250 1581 1298 1636 sed
1314 1581 1396 1636 etiam
1418 1581 1577 1654 consepulti
1603 1580 1712 1636 Christo
1727 1580 1760 1635 in

104 1668 186 1723 batur
199 1685 249 1739 per
263 1669 394 1734 carnalia,
412 1677 441 1724 nt
460 1670 487 1724 in
511 1670 553 1725 bis
575 1679 700 1726 assuctus
726 1672 753 1726 in
767 1673 840 1727 cultu
855 1672 905 1728 Dei
959 1672 1105 1742 baptismo,
1122 1670 1169 1724 ubi
1184 1668 1395 1725 confortandum
1409 1678 1451 1725 est
1467 1669 1608 1724 arbitrium
1626 1676 1758 1724 nostrum.

104 1757 249 1824 transiret,
265 1758 439 1828 postmodum
462 1759 497 1813 ad
522 1759 693 1814 serviendum
709 1760 735 1814 in
756 1759 905 1832 spirituali·
957 1759 1121 1831 Consepulti
1135 1758 1236 1830 itaque,
1250 1758 1312 1830 quia
1338 1757 1459 1813 Christus
1481 1756 1604 1828 sepultus
1627 1757 1662 1811 ad
1680 1764 1758 1812 actua

104 1844 165 1900 bus.
178 1845 320 1901 Elementa
330 1847 391 1902 dico
403 1847 512 1912 mundi,
526 1847 588 1919 qaia
599 1856 625 1903 et
639 1857 776 1919 praecepta
787 1848 906 1905 carnalia
956 1848 1054 1904 veteris
1069 1848 1187 1902 hominis
1205 1848 1275 1902 ultra
1289 1863 1343 1903 non
1358 1846 1439 1901 rediit
1451 1866 1458 1913 ·,
1474 1847 1513 1902 sic
1528 1862 1588 1913 nas,
1605 1846 1628 1900 si
1643 1845 1759 1902 velimus

104 1941 191 1999 eraut,
207 1941 233 1988 ει
248 1934 371 1990 carnales
387 1935 433 2006 qui
457 1934 637 2006 accipiebant.
655 1937 719 1992 Haec
733 1936 906 2009 philosophia
955 1936 994 1991 uti
1007 1936 1120 2004 ratione,
1147 1936 1291 1992 confortati
1314 1936 1341 1990 in
1363 1935 1499 2007 baptismo
1518 1951 1573 1990 non
1588 1941 1760 1991 revertemur

105 2029 148 2078 est
163 2022 312 2079 secundum
338 2022 474 2079 elementa
492 2024 596 2092 mundi,
624 2029 652 2080 ct
675 2042 733 2081 non
750 2025 906 2082 secandam
956 2026 1026 2079 ultra
1055 2024 1090 2079 ad
1117 2032 1206 2080 actum
1231 2023 1372 2080 vetustatis
1398 2024 1513 2094 peccati.
1543 2024 1576 2078 ln
1597 2039 1649 2096 pao
1668 2023 1758 2078 etiam

107 2111 263 2180 Christum,
276 2127 357 2183 quem
373 2114 523 2184 accepistis
538 2116 568 2167 et
589 2113 744 2170 didicistis.
770 2115 842 2169 Vere
861 2112 907 2185 qui
957 2112 1065 2168 Christo
1088 2115 1301 2182 resurrexistis,
1333 2121 1460 2184 quantum
1483 2112 1517 2167 ad
1538 2110 1758 2181 justificationem

105 2198 196 2271 legem
212 2198 328 2265 tradunt,
354 2216 409 2255 non
425 2208 486 2254 sunt
509 2200 660 2256 secundum
676 2201 823 2267 Christum,
841 2202 907 2274 qaia
956 2201 1063 2256 animae.
1075 2202 1281 2258 Resurrecistis
1292 2200 1353 2256 dica
1362 2217 1413 2272 pcr
1422 2200 1506 2271 fidem
1516 2201 1688 2272 operationis
1697 2200 1757 2268 ou,

104 2288 136 2341 in
147 2287 206 2359 ipso
221 2287 328 2342 Christo
346 2296 387 2343 est
400 2290 493 2344 omnis
506 2289 675 2362 plenitudo;
696 2291 769 2362 quod
793 2290 831 2344 illi
852 2305 907 2345 nou
956 2289 984 2344 id
999 2297 1040 2345 cst
1050 2306 1132 2361 quam
1147 2288 1229 2344 tidem
1243 2291 1317 2345 Deus
1331 2297 1459 2360 operatur
1474 2288 1606 2352 innubis.
1625 2289 1760 2344 Resurre-

104 2375 220 2430 credunt
235 2376 280 2448 qui
295 2384 373 2431 extra
386 2376 533 2442 Christum,
555 2377 658 2433 scilicet
672 2378 700 2432 in
715 2377 777 2451 lege
787 2378 906 2451 aliquam
957 2379 1010 2435 ctio
1041 2378 1141 2434 Christi
1168 2379 1304 2449 duplicem
1323 2377 1553 2433 resurrectionem
1576 2384 1704 2447 operatur
1729 2376 1758 2432 in

101 2463 234 2532 justitiam
261 2472 394 2535 quaerunt.
424 2465 526 2536 lnipso
549 2465 658 2522 Christo
683 2466 794 2522 habitat
817 2466 907 2522 amnis
957 2466 1183 2538 nobiszprimam
1201 2483 1281 2539 quam
1293 2467 1351 2535 Jam
1365 2465 1456 2536 adepti
1476 2481 1579 2533 ειιιιιιιε,
1605 2465 1757 2521 secuudum

104 2550 246 2621 plenitudo
260 2553 432 2609 diuinitatis.
449 2554 562 2609 Habitat
577 2554 646 2609 bene
660 2553 706 2609 ait.
731 2554 801 2623 Quia
809 2555 849 2611 sic
865 2561 907 2610 est
958 2556 1094 2623 animam;
1111 2555 1224 2610 alteram
1241 2571 1324 2628 quaxn
1338 2562 1528 2626 exspectamus
1544 2554 1572 2608 in
1593 2552 1758 2609 immortali-

104 2639 231 2695 divinitas
250 2640 278 2695 in
303 2641 410 2696 Christo
433 2649 462 2696 ut
484 2641 511 2696 in
538 2651 671 2697 aeternum
695 2642 906 2713 permanentia
958 2652 1011 2699 tate
1026 2644 1149 2715 corporis
1173 2653 1308 2715 reparata.
1325 2645 1359 2699 Et
1373 2644 1446 2716 quod
1471 2642 1587 2698 suturam
1612 2657 1758 2713 corporum

101 2727 160 2784 illo.
177 2730 327 2785 Plenitudo
338 2730 509 2797 diuinitatis,
522 2730 598 2785 idest
612 2730 734 2801 plenaria
749 2740 775 2786 et
785 2731 907 2803 perfecta
957 2729 1188 2784 resurrectionem
1201 2728 1318 2783 habituri
1334 2727 1433 2795 simus,
1457 2727 1555 2797 probat
1568 2743 1620 2797 ρει
1633 2741 1757 2782 resurre-

103 2815 240 2882 divinitas,
258 2834 319 2889 quae
334 2818 489 2874 nullatenus
509 2826 550 2874 est
571 2818 737 2889 imperfecta.
757 2819 854 2875 Omnis
873 2819 902 2874 in
958 2816 1075 2872 ctionem
1089 2816 1198 2884 Christi,
1215 2832 1276 2888 quae
1298 2823 1325 2872 et
1339 2831 1420 2872 causa
1442 2823 1483 2871 est
1503 2822 1531 2871 et
1551 2813 1638 2886 ligura
1655 2823 1757 2870 nostrae

104 2904 220 2969 Christo,
238 2905 301 2975 quia
314 2921 410 2961 omnes
426 2906 519 2976 gratiae
544 2922 711 2978 quacunque
733 2907 761 2961 in
780 2907 907 2963 omnibus
957 2905 1176 2974 resurrectionis,
1208 2905 1303 2961 dicens
1327 2921 1334 2959 :
1361 2904 1435 2960 Sicut
1458 2903 1647 2959 resurrexistis
1669 2903 1759 2975 prima

103 2989 223 3057 luerunt,
239 2993 267 3047 in
282 2993 387 3050 Christo
403 3002 475 3064 sunt,
492 3002 518 3049 et
533 2994 715 3050 abundantior
735 2996 823 3051 adbuc
838 3011 906 3067 gra·
956 2994 1157 3050 resurrectione
1171 2992 1277 3060 animm,
1294 2991 1334 3048 sic
1350 2992 1489 3048 etiamvas
1504 2991 1705 3047 convivificabit
1727 2989 1757 3046 in

104 3079 151 3145 tia,
168 3080 233 3152 quia
246 3080 273 3134 in
286 3097 319 3137 ea
330 3082 428 3138 dicitnr
443 3084 590 3138 humanata
603 3083 742 3150 divinitas,
760 3084 833 3156 quia,
849 3083 906 3140 sic·
956 3082 1157 3138 immortalitate
1184 3097 1340 3154 corporum.
1364 3081 1418 3136 Sed
1443 3080 1523 3150 hujus
1548 3079 1589 3135 rei
1615 3078 1757 3151 probatio-

104 3173 133 3222 ιιι
147 3168 236 3223 anima
250 3168 339 3224 unitur
353 3170 471 3241 corpori,
487 3170 528 3227 sic
550 3170 607 3243 ipsa
623 3170 748 3226 divinitas
773 3187 906 3243 persona·
956 3186 1019 3225 nam
1038 3170 1184 3241 praemittit,
1205 3170 1300 3226 diceus
1321 3167 1398 3238 :Qui
1419 3170 1492 3225 Deus
1513 3167 1582 3224 sicut
1605 3168 1757 3224 suscitavit

103 3254 166 3311 liter
180 3257 255 3312 unita
270 3266 311 3313 εει
326 3258 429 3313 homiui
451 3259 502 3315 itti.
519 3259 650 3314 Divinitas
676 3259 793 3315 diversis
817 3261 906 3316 modis
956 3258 1119 3314 Christuma
1134 3261 1264 3324 mortuis,
1282 3257 1318 3312 ita
1329 3262 1357 3314 ct
1372 3274 1426 3324 uos,
1444 3275 1519 3324 cum,
1530 3257 1608 3313 idest
1619 3254 1754 3328 quamvis,

104 3351 147 3398 est
161 3345 272 3417 ubique.
290 3347 339 3400 Est
354 3346 428 3401 enim
444 3346 565 3403 280
581 3346 697 3402 inomni
716 3356 906 3417 creaturase
956 3347 1055 3402 essetis
1069 3348 1187 3412 mortui,
1210 3346 1246 3400 ita
1266 3353 1296 3399 ut
1320 3345 1424 3400 viribus
1445 3348 1545 3401 vestris
1569 3346 1604 3400 ad
1624 3343 1755 3414 justitiam

103 3432 222 3487 cundum
237 3435 310 3506 quad
323 3434 382 3506 inec
406 3451 468 3490 csse
491 3436 573 3491 habet
593 3434 652 3490 siue
680 3435 834 3503 divinitate,
853 3453 906 3494 nec
955 3434 1029 3489 nullo
1044 3435 1127 3489 modo
1142 3432 1278 3504 respirare
1293 3434 1421 3504 possetis.
1440 3434 1540 3490 ltortai
1557 3433 1619 3490 dico
1634 3433 1666 3488 in
1681 3433 1754 3489 dcli·

105 3536 276 3591 permanere.
292 3524 350 3580 Hoc
364 3532 390 3579 ει
414 3523 467 3579 alio
482 3524 563 3579 moda
579 3531 620 3578 εει
638 3523 666 3577 ιιι
691 3523 803 3590 εειειιε,
829 3524 903 3597 quia,
955 3525 1020 3591 ctis,
1037 3522 1064 3576 id
1079 3522 1118 3577 esi
1135 3522 1163 3577 in
1178 3521 1402 3593 prevaricatione
1426 3521 1557 3576 naturalis
1577 3521 1657 3592 legis.
1677 3520 1755 3576 Deli-

104 3625 154 3679 per
168 3608 299 3680 gratiam;
316 3619 341 3666 et
356 3613 408 3668 hoc
422 3619 536 3684 utraque
560 3612 642 3667 modo
666 3611 716 3666 suit
740 3611 768 3666 in
784 3612 903 3682 Christo,
956 3619 1028 3668 ctum
1043 3610 1115 3667 enim
1131 3610 1237 3678 dicitur,
1255 3610 1364 3682 quando
1374 3609 1580 3682 quaddebetur,
1597 3607 1754 3681 negligitur.

104 3705 131 3752 et
153 3693 243 3754 adhuc
261 3699 451 3767 abundantius,
477 3700 540 3772 quia
564 3700 645 3770 (sicut
670 3699 771 3756 dicaam
796 3701 848 3771 εει)
869 3700 904 3756 ad
955 3700 1051 3755 blortui
1066 3699 1148 3755 etiam
1163 3700 1195 3754 in
1208 3699 1349 3772 praepulio
1363 3698 1460 3754 carnis
1481 3702 1591 3768 uestrae,
1616 3696 1644 3751 id
1663 3703 1706 3752 est
1725 3697 1754 3752 in

104 3801 185 3856 quem
206 3787 316 3842 modum
331 3789 420 3842 anima
444 3789 471 3843 in
491 3804 571 3844 carne
593 3788 711 3843 hominis
730 3790 903 3859 humanatur,
955 3788 1083 3861 originali
1099 3795 1221 3859 peccato,
1238 3788 1311 3858 quod
1325 3802 1447 3859 congrue
1462 3803 1512 3857 per
1533 3784 1694 3857 preputium
1718 3784 1756 3841 sl-

104 3874 144 3930 sic
159 3873 283 3931 divinitas
298 3877 445 3932 humanata
460 3884 500 3932 est
514 3877 542 3931 in
562 3877 678 3933 Christo.
702 3876 844 3932 Plenitudo
859 3877 904 3933 di·
955 3875 1075 3948 gnificat,
1091 3876 1119 3931 in
1133 3892 1187 3949 quo
1211 3876 1292 3932 sedes
1307 3882 1348 3931 est
1368 3873 1564 3948 generationis.
1580 3875 1639 3930 Hoc
1661 3880 1753 3929 autem

104 3961 224 4018 vinitatis
240 3964 381 4019 habitatin
397 3965 504 4021 Christo
519 3967 715 4038 corporaliter,
739 3965 767 4021 id
788 3973 830 4020 est
850 3965 903 4020 im·
955 3965 1089 4038 originale
1105 3964 1297 4032 contrahimus,
1314 3964 1376 4036 quia
1385 3963 1413 4019 id
1423 3963 1642 4035 concupiscentia
1655 3976 1755 4033 paren·

103 4049 214 4121 pletive,
232 4069 286 4109 non
297 4054 369 4125 qnod
382 4054 508 4110 diviuitas
524 4053 595 4109 sacta
606 4053 640 4108 sit
654 4069 762 4124 corpus,
780 4053 830 4108 scd
840 4053 904 4126 quia
954 4060 1011 4108 tum
1026 4053 1111 4125 geniti
1126 4070 1229 4109 sumus.

103 4139 209 4196 umbrae
223 4151 429 4213 precesserant,
446 4149 473 4197 ει
492 4143 520 4197 in
535 4142 644 4197 Christo
664 4142 766 4198 veritas
788 4144 903 4198 umbra-
990 4142 1063 4198 Licet
1073 4142 1109 4197 ita
1119 4142 1216 4198 essetis
1224 4141 1332 4208 mortui,
1344 4149 1436 4197 tamen
1445 4140 1662 4210 convivificavit.
1675 4138 1756 4209 Quod

103 4243 164 4282 mm
180 4228 238 4296 luit,
259 4231 333 4302 quia,
357 4230 478 4302 impletio
492 4229 614 4286 amnium
627 4246 688 4302 quaa
710 4229 841 4300 praedicta
859 4229 903 4287 vel
954 4229 1071 4285 laturum
1086 4239 1136 4297 est,
1151 4247 1202 4301 per
1216 4230 1379 4301 preteritum
1394 4229 1468 4296 dicit,
1483 4228 1631 4285 ostendens
1645 4244 1675 4283 se
1686 4228 1756 4283 adea

104 4314 280 4389 praetigurata
295 4328 386 4375 erant.
917 4312 1060 4376 Dcertum
1069 4319 1104 4374 de
1118 4319 1171 4375 boc
1180 4318 1272 4374 lutura
1282 4319 1352 4374 sicut
1366 4318 1401 4373 de
1411 4318 1560 4388 praeterito.
1573 4317 1756 4387 Convivipica-

139 4404 256 4462 Probant
270 4408 366 4464 iterum
380 4408 467 4463 idem.
495 4409 565 4464 Vera
579 4406 718 4462 tradentes
740 4406 830 4480 legam
844 4422 903 4462 nan
957 4410 996 4464 oit
1008 4407 1222 4480 ponendoscam
1232 4407 1283 4465 illc
1294 4407 1322 4461 in
1333 4407 1430 4462 eadem
1440 4406 1572 4480 dignitate
1582 4405 1650 4473 loci;
1661 4411 1755 4477 posset

103 4500 167 4546 aunt
189 4496 346 4552 secundum
371 4497 525 4553 Christum.
556 4496 624 4550 Nam
650 4509 699 4550 vos
717 4497 784 4550 estis
802 4495 905 4568 repleti
955 4497 1028 4552 enim
1055 4495 1160 4552 reddita
1189 4494 1393 4551 immortalitate
1415 4493 1614 4562 convivificare,
1638 4502 1665 4551 et
1689 4491 1756 4550 alibi

102 4581 229 4638 omuibus
243 4584 321 4641 bonis
330 4586 361 4640 in
372 4587 433 4654 illo,
450 4585 533 4640 idest
548 4600 598 4655 per
612 4582 760 4650 Christum,
771 4583 844 4655 quad
858 4582 903 4637 di·
955 4601 1036 4657 quam
1047 4600 1108 4641 cum
1123 4583 1231 4641 Christo
1247 4600 1360 4656 ponere.
1389 4583 1609 4652 Conoioiicauit,
1629 4583 1753 4655 inquam,

102 4676 167 4723 cunt
179 4686 235 4725 uon
249 4688 330 4743 posse
344 4671 404 4728 fieri
419 4673 478 4728 sine
492 4672 564 4745 lege.
582 4671 634 4739 Qui
649 4670 773 4727 Christus
798 4674 841 4727 est
857 4686 904 4727 ca·
955 4674 1065 4732 donans
1079 4675 1153 4730 vobis
1169 4673 1297 4746 gentibus
1312 4674 1408 4731 amnia
1433 4672 1547 4738 delicta,
1572 4679 1599 4727 el
1611 4670 1753 4742 originalia

100 4760 164 4828 put,
180 4757 208 4812 id
223 4768 264 4815 est
276 4761 439 4833 principiam
449 4768 475 4816 et
490 4760 614 4833 regimen
622 4760 714 4816 omnis
723 4760 903 4832 principatus
954 4770 981 4818 et
994 4762 1120 4818 actualia.
1132 4763 1166 4817 Et
1177 4762 1215 4818 sic
1223 4777 1272 4818 vos
1282 4762 1317 4818 ab
1327 4759 1454 4834 originali
1464 4775 1513 4830 ρει
1521 4759 1603 4815 tidem
1613 4758 1752 4828 liberavit3

103 4850 305 4923 etpotcstotis.
325 4850 376 4905 Per
389 4851 439 4905 hos
453 4846 903 4920 duasreliquosordiuesacpipia-
954 4851 1023 4907 sicut
1038 4851 1120 4907 ctiam
1143 4866 1194 4906 uas
1212 4850 1331 4917 ludaeos,
1357 4848 1404 4921 qui
1425 4847 1493 4903 salso
1517 4847 1679 4919 putabamur
1702 4863 1754 4919 per

102 4955 175 4994 mas.
191 4940 222 4993 ln
241 4938 283 4993 his
299 4937 388 4994 verbis
412 4938 531 4994 ostendit
553 4952 635 5008 posse
656 4935 793 4990 Christum
812 4935 904 4991 omnia
954 4939 1187 4996 circumcisionem
1203 4939 1266 4994 inde
1281 4937 1399 4994 liberari.
1425 4935 1504 5006 Quod
1525 4936 1562 4990 ita
1578 4936 1633 4993 ait:
1649 4937 1754 4993 Dolens

103 5027 220 5098 replere,
232 5027 303 5099 quia,
313 5026 337 5082 ει
347 5027 472 5099 angelos,
488 5026 561 5080 haud
576 5025 611 5080 de
626 5023 780 5079 hominibus
791 5023 903 5079 dubium
954 5022 1079 5079 similiter
1092 5023 1309 5096 chirographum
1323 5022 1441 5086 decreti,
1457 5021 1485 5075 id
1499 5028 1541 5076 est
1555 5020 1635 5094 legis,
1651 5020 1679 5075 in
1697 5036 1751 5093 qua

104 5124 156 5171 est.
181 5115 244 5171 Vult
267 5115 406 5172 veritatem
429 5115 549 5170 omnium
573 5129 634 5185 quae
660 5113 702 5167 lex
724 5112 847 5183 praecipit
875 5111 904 5167 in
954 5114 1028 5168 Deus
1041 5113 1107 5185 quid
1122 5111 1203 5168 vellet
1217 5108 1277 5166 lieri
1296 5110 1412 5167 281
1428 5111 1597 5165 decreverat.
1610 5109 1685 5177 Quod
1695 5109 1754 5166 cbi-

105 5203 212 5259 Christo
227 5204 379 5270 ostendere,
401 5203 495 5260 dicens
511 5220 518 5257 ι
533 5203 565 5257 ln
579 5218 632 5275 pao
654 5199 762 5257 Christo
783 5216 838 5256 nan
862 5215 904 5256 so
954 5202 1123 5276 ragraphum
1137 5204 1199 5258 crat
1218 5199 1367 5256 adversum
1389 5215 1441 5255 nos
1460 5198 1579 5254 ludaeos.
1601 5197 1752 5271 Chirogra-

104 5293 164 5348 lum
178 5291 281 5363 repleti,
298 5293 447 5348 sedetiam
467 5291 630 5348 circumcisi
653 5289 732 5358 estis,
757 5284 904 5345 circumci-
952 5291 1035 5361 phum
1055 5289 1153 5346 dicitur
1169 5288 1375 5360 manuscriptio,
1389 5287 1463 5360 quad
1477 5287 1505 5342 in
1521 5286 1574 5342 duo
1588 5285 1706 5356 partitur
1719 5292 1750 5342 ut

104 5381 251 5438 mnenon
261 5384 446 5453 manufacta,
457 5380 526 5438 sicut
536 5379 644 5451 inlege,
654 5378 686 5434 in
696 5379 903 5450 exspoliatione
952 5378 1079 5452 utrinque
1092 5377 1222 5436 memoria
1237 5376 1315 5435 iactae
1338 5375 1378 5432 rei
1399 5383 1533 5433 teneatur.
1548 5373 1644 5447 *Hujus
1658 5380 1750 5430 autem
