3750 5984
105 204 173 257 soar
778 200 871 256 viri.
891 225 925 239 -
944 195 1009 252 ua.
1034 197 1069 252 v.
1189 263 1193 270 ,
1682 198 1751 255 rosa

105 324 253 396 indignans
267 324 416 396 impuritati
426 323 611 392 demoniacae,
623 345 634 375 ι
646 324 715 389 lam,
725 322 832 395 iniquit,
843 322 904 388 ista,
918 322 969 383 A«
986 335 1060 389 men,
1072 317 1145 390 quod
1160 318 1320 391 imprudens
1342 318 1392 374 tibi
1405 317 1567 389 applicuisti.
1581 338 1593 370 r
1610 318 1661 375 llla
1673 319 1755 376 dissi·

107 412 150 479 si,
175 412 359 487 masseritia,
386 420 480 468 contra
494 419 633 484 peccatum
649 427 728 467 suum
742 410 905 467 enutritione
955 407 1075 465 malente
1090 407 1198 463 monitis
1208 408 1400 479 obtemperare
1407 406 1528 478 maligni,
1538 406 1619 479 coepit
1628 407 1675 464 ille
1684 424 1757 464 nunc

106 501 205 565 cordis,
222 500 393 556 confessione
405 500 459 557 oris
483 507 509 556 et
532 499 656 572 corporis
680 499 827 556 afflictione
850 498 905 555 eri·
956 495 1053 562 minis,
1083 512 1154 552 nunc
1171 495 1308 551 blanditiis
1325 495 1470 551 instantius
1485 510 1584 566 agere,
1599 502 1629 550 ut
1641 496 1756 553 herbam

106 588 196 661 gitur,
223 588 260 643 nil
282 588 356 645 aliud
377 588 485 644 demum
501 604 646 660 superesse
668 587 766 658 video,
797 586 850 642 nisi
878 593 906 642 nt
956 585 1067 654 ejiceret
1094 599 1174 656 quam
1203 600 1232 638 se
1260 582 1438 640 exhorruisse
1466 583 1583 638 dicebat.
1601 581 1665 650 Qui,
1681 593 1754 642 utse

104 685 197 732 oretur
222 691 273 748 pro
301 692 334 733 ea
360 677 502 732 instantius
517 678 590 748 apud
604 676 775 734 clementiam
791 675 906 748 piissimi
956 671 1092 728 contemni
1107 671 1173 728 vidit
1186 672 1220 726 ab
1235 687 1283 740 ee,
1307 678 1370 742 post
1391 671 1511 727 morulas
1525 670 1628 744 aliquot
1643 674 1756 729 recessit

105 764 307 837 Redemptoris.
322 787 333 814 a
351 765 502 837 Episcopus
517 773 606 821 autern
617 763 850 822 Oxoniensishaec
863 779 904 831 ae,
957 759 1118 817 furibundus
1134 767 1161 816 et
1174 760 1276 816 minax.

107 870 254 926 secumque
278 853 347 909 alios
370 853 529 910 innumeros
549 854 606 924 jam
630 852 745 920 fecisse,
772 852 821 909 sed
839 852 906 908 nihil
993 873 1005 899 ι
1022 849 1080 905 Nec
1103 848 1185 921 paulo
1200 848 1305 904 tardius
1319 847 1404 905 adfuit
1418 848 1496 916 alter,
1512 863 1545 906 ac
1560 849 1638 921 qnasi
1652 865 1754 925 aggra-

103 941 255 1014 proiecisse
270 957 505 1010 commemorans,
521 942 610 1014 ipsum
625 957 733 1015 quoque
742 983 749 1012 ,
766 950 795 997 ut
809 955 858 1013 pro
873 957 906 997 ea
956 937 1045 994 tulans
1059 937 1217 994 auerterit
1234 951 1240 991 :
1259 959 1270 986 a
1287 938 1396 993 Verane
1410 952 1473 993 esse
1487 937 1616 1007 didicisti,
1631 955 1693 1011 qum
1706 939 1755 996 tibi

106 1030 265 1103 dignaretur
288 1046 377 1096 omre,
403 1030 560 1103 suppliciter
582 1030 732 1102 flagitabat.
765 1030 814 1085 Cui
835 1029 904 1086 ille:
958 1025 1186 1082 ‹locutussumi
1199 1025 1444 1098 Nuncergo,dum
1452 1041 1505 1098 ego
1520 1033 1610 1083 tecum
1619 1028 1754 1086 secretius

108 1139 120 1169 ι
139 1119 196 1175 Ηοι
210 1134 263 1190 ego
277 1134 331 1175 non
347 1126 466 1188 tantum,
483 1118 532 1174 sed
547 1118 663 1191 quisque
678 1117 799 1175 fidelium
819 1119 905 1175 dero·
958 1136 969 1166 ι
987 1113 1099 1187 loquar,
1124 1114 1263 1171 amovebis
1290 1129 1438 1185 parumper
1464 1114 1578 1170 herbam
1593 1116 1754 1173 nostratium

105 1206 211 1263 tissime
226 1206 316 1262 faeere
331 1207 451 1262 debebit.
466 1230 477 1255 a
882 1239 886 1247 -
958 1224 969 1254 ι
986 1203 1156 1260 universitati
1169 1202 1292 1259 odiosam
1306 1219 1321 1257 a
1335 1211 1372 1258 te.
1389 1202 1453 1257 Post
1467 1218 1559 1258 meum
1571 1218 1638 1260 vero
1653 1204 1755 1262 disces·

139 1296 203 1349 Post
231 1294 300 1362 baec,
329 1294 463 1367 digressis
478 1295 512 1349 nb
528 1294 643 1351 invicem
668 1294 804 1367 episcopis
818 1295 903 1366 (225),
958 1315 969 1342 ι
987 1308 1048 1347 sum
1062 1307 1184 1348 resumes
1199 1299 1362 1347 armaturam
1380 1290 1510 1364 grammis
1524 1291 1572 1357 tui,
1596 1307 1649 1364 qua
1667 1292 1755 1350 illesa

106 1397 168 1439 cum
196 1383 293 1439 iterum
323 1383 507 1439 occurrissent
534 1383 586 1439 sibi
613 1383 752 1456 aliquanto
785 1391 905 1455 tempore
958 1380 1198 1438 “conservaberis
1219 1379 1254 1435 ab
1277 1379 1383 1434 insidiis
1409 1379 1495 1435 hostis
1518 1379 1611 1436 virosi.
1638 1381 1753 1454 Nequa-

106 1471 200 1543 elapso
211 1473 295 1542 (226),
308 1471 447 1543 inquisivit
457 1471 589 1528 sollicitus
609 1471 660 1527 iste
673 1472 827 1527 animarum
837 1470 905 1527 libe·
958 1493 969 1518 ι
988 1485 1069 1541 quam
1084 1469 1156 1525 enim
1171 1467 1282 1524 furcifer
1295 1467 1340 1523 ille
1354 1467 1389 1523 ad
1412 1476 1438 1523 te
1453 1475 1599 1540 praesumet
1619 1469 1754 1527 ullatenus

107 1569 181 1615 rator
196 1560 271 1615 illurn
287 1559 445 1632 episcopum
455 1560 580 1630 superius
595 1566 775 1616 memoratum
791 1559 906 1632 qualiter
957 1581 971 1610 u
985 1557 1126 1624 accedere,
1142 1557 1207 1612 dum
1217 1557 1315 1613 sentiet
1324 1572 1367 1612 me
1376 1564 1465 1612 tecum
1476 1564 1639 1628 praesentem
1654 1575 1751 1615 esse.»

79 1649 80 1652 ’
106 1664 152 1705 res
182 1664 211 1704 se
238 1647 352 1704 baberet
375 1648 448 1704 circa
470 1647 542 1702 illam
571 1647 703 1704 oviculam
730 1647 824 1721 gregis
852 1648 942 1735 sui,B
959 1646 1001 1702 sd
1015 1647 1074 1703 haec
1088 1646 1135 1701 ills
1151 1661 1157 1700 :
1176 1667 1187 1697 ι
1205 1645 1314 1712 Venias,
1330 1645 1425 1717 inquit,
1442 1644 1466 1699 si
1480 1644 1559 1715 selis,
1574 1654 1601 1701 et
1615 1646 1638 1701 si
1652 1647 1752 1718 possis,

107 1751 189 1808 quam
199 1735 310 1808 pestifer
320 1735 364 1792 ille
375 1737 455 1808 lupus
463 1744 516 1791 tam
527 1735 847 1792 immaniterlaniaverat.
857 1736 908 1792 Cui
960 1758 971 1782 ι’
989 1735 1023 1790 ad
1036 1751 1100 1801 me3
1127 1749 1178 1790 uec
1200 1733 1271 1790 enim
1297 1732 1471 1805 promissioni
1497 1750 1566 1790 mete
1579 1734 1667 1791 debeo
1685 1750 1755 1793 con·

107 1824 228 1896 pontifex
243 1840 298 1881 non
313 1824 401 1881 solum
416 1825 474 1894 ejus
488 1824 668 1896 ereptionem,
695 1825 744 1881 sed
758 1824 906 1897 ereptionis
959 1847 969 1874 ι
988 1823 1082 1878 traire.
1105 1823 1238 1880 Caeterum
1253 1823 1368 1878 berham
1382 1821 1473 1886 istam,
1488 1821 1543 1877 vita
1557 1823 1666 1894 comite,
1681 1840 1754 1879 nun-

108 1929 217 1984 quoque
241 1913 365 1969 ordinem
390 1912 542 1969 mirabilem
557 1913 681 1985 exposuit
704 1913 732 1969 in
758 1914 831 1970 hunc
845 1927 906 1968 mo·
962 1929 972 1962 ι
987 1927 1069 1982 quam
1084 1910 1206 1979 rejiciam
1230 1926 1315 1976 ame,
1330 1926 1392 1983 quae
1406 1909 1464 1965 sola
1478 1909 1543 1965 mihi
1558 1911 1645 1982 potuit
1657 1919 1754 1968 contre

108 2001 173 2056 dum
189 2019 196 2056 ε
213 2001 325 2071 ndjma,
351 2001 455 2074 inquit,
485 2000 652 2057 orationibus
679 2001 777 2059 vestris
804 2001 906 2057 dudum
959 1998 1170 2071 ‹impurissimu
1180 2013 1399 2072 moppressorem
1407 1997 1579 2056 securitatem
1591 2010 1752 2072 prestare.»

106 2088 152 2144 illa
167 2088 406 2161 evasitprobrosae
421 2089 677 2162 servitutisjugum.
694 2089 762 2147 Cum
776 2090 848 2146 enim
862 2089 907 2145 die
958 2086 1028 2156 Quid
1055 2087 1158 2160 plural
1184 2089 1218 2143 Et
1245 2088 1308 2157 iste,
1339 2087 1409 2145 sicut
1428 2087 1517 2158 prior,
1538 2087 1754 2158 postdiutnrnes

108 2177 224 2248 quadarn
247 2178 368 2234 incestus
391 2176 437 2234 ille
460 2177 567 2235 daemon
589 2176 741 2234 incredibili
768 2194 828 2233 eam
841 2177 906 2233 libi·
957 2191 1072 2248 preces,
1097 2184 1159 2247 post
1172 2174 1262 2231 minas
1276 2183 1302 2232 et
1317 2175 1462 2231 blanditias
1476 2174 1575 2231 frustm
1589 2183 1753 2248 protractas,

108 2264 180 2321 dinis
204 2265 294 2322 furore
308 2266 443 2333 delusam,
469 2267 623 2323 exanimem
635 2283 706 2339 pene
729 2266 905 2335 reddidisset,
957 2265 1171 2321 circumuentum
1203 2281 1234 2320 se
1266 2279 1283 2319 a
1315 2263 1473 2320 muliercula
1504 2263 1552 2319 diu
1584 2265 1755 2339 moltumque

106 2352 152 2410 ille
168 2354 319 2410 abscedens
335 2356 453 2421 evanuit,
470 2363 496 2411 et
509 2355 555 2410 illa
568 2354 596 2410 in
610 2371 661 2411 suo
675 2354 799 2413 conclavi
822 2354 906 2411 nimio
957 2352 1119 2424 deplorans,
1144 2352 1173 2407 in
1185 2367 1264 2407 auras
1277 2352 1373 2408 inanes
1387 2351 1498 2408 demum
1519 2352 1640 2408 evanuit.
1658 2352 1756 2411 Mulier

107 2441 196 2497 dolori
222 2450 248 2498 et
269 2443 381 2499 moerori
410 2443 518 2498 addicta
539 2445 680 2499 remansit.
708 2444 776 2499 Cum
799 2459 864 2499 ecce
878 2443 906 2499 in
957 2441 1091 2510 verojnm
1106 2439 1160 2496 fida
1175 2439 1374 2507 etdevotione,
1400 2456 1432 2497 ac
1453 2440 1523 2496 bona
1537 2441 1753 2512 couversatione,

107 2531 218 2586 alterius
233 2532 325 2602 specie
337 2532 445 2601 juvenis
459 2531 541 2600 alius,
559 2541 587 2587 ut
603 2532 628 2588 ei
642 2531 786 2589 videbatur
796 2531 907 2603 spiritus
957 2529 1054 2585 melius
1075 2545 1157 2600 quam
1180 2529 1265 2584 herba
1288 2529 1334 2584 illa
1349 2536 1460 2595 armata,
1477 2528 1560 2585 vitam
1575 2529 1649 2586 ducit
1662 2530 1690 2585 in
1704 2531 1756 2589 Dei

107 2618 266 2692 ingrediens
294 2620 329 2675 ad
358 2635 437 2686 eam,
468 2621 539 2676 unde
553 2629 665 2677 moestos
680 2628 788 2692 gereret
801 2620 907 2677 animos
957 2618 1252 2675 timorehonestamet
1274 2617 1403 2690 quietam.
1426 2617 1756 2687 suessonensium

108 2707 241 2764 sciscitari
266 2708 357 2780 coepit.
384 2708 445 2777 Qua
469 2708 535 2764 uilril
560 2709 762 2780 respondente,
785 2709 821 2765 ait
835 2709 880 2764 ille
898 2723 904 2763 :
957 2706 1068 2762 anobis
1079 2714 1233 2775 narrantur,
1245 2722 1298 2779 ego
1313 2706 1348 2761 ab
1359 2706 1430 2761 illius
1441 2721 1487 2762 ore
1502 2706 1512 2775 (
1521 2722 1583 2762 cum
1598 2706 1634 2762 sd
1647 2723 1691 2764 me
1698 2709 1755 2778 jam

112 2819 123 2844 a
141 2795 213 2863 Seio,
224 2812 344 2868 roreque
355 2797 418 2853 novi
432 2797 493 2869 quia
505 2812 624 2869 nequam
638 2796 685 2852 illo
700 2805 726 2853 te
740 2796 841 2852 afflixit.
852 2796 906 2852 Sed
957 2802 1069 2861 curata,
1086 2794 1195 2850 demum
1207 2794 1374 2865 poenitentiae
1383 2792 1524 2849 modulum
1537 2802 1564 2849 et
1577 2794 1757 2853 absolutionis

109 2900 194 2940 «non
222 2883 339 2951 mirum;
369 2893 410 2940 est
437 2885 510 2941 enim
537 2901 684 2957 perversus
712 2893 739 2942 et
760 2884 907 2941 admodum
957 2882 1116 2939 beneficium
1145 2891 1304 2954 susceptura
1331 2882 1462 2953 venisset)
1483 2881 1616 2939 audiui.»
1641 2884 1677 2941 Et
1697 2885 1757 2943 haec

111 2995 122 3020 a
140 2973 290 3044 malignus.
309 2974 428 3040 Verum,
453 2973 477 3028 si
499 2973 641 3029 desideriis
658 2973 727 3030 meis
741 2981 822 3046 atque
836 2988 906 3030 con·
957 2971 1066 3044 quidem
1074 2970 1240 3028 Oxoniensis
1254 2971 1400 3043 episcopus
1408 2970 1500 3027 retulit
1513 2970 1643 3044 episcopo
1652 2980 1757 3043 nostro,

111 3084 123 3110 ι
142 3061 208 3116 siliis
222 3068 349 3132 praestare
360 3061 428 3117 velis
442 3077 595 3129 assensum,
606 3077 746 3132 nunquam
760 3062 795 3118 de
809 3031 943 3119 crateroO
958 3077 1020 3134 que
1033 3068 1060 3115 et
1074 3059 1133 3132 ipse
1146 3059 1303 3132 frequenter
1326 3059 1405 3116 nobis
1428 3059 1608 3130 presentibus
1624 3060 1758 3118 referebat

113 3173 124 3197 a
143 3150 166 3204 is
181 3150 216 3204 ad
227 3157 252 3205 te
267 3165 408 3206 accessum
419 3150 540 3205 habebit.
555 3174 566 3199 a
582 3150 624 3205 sd
634 3150 693 3206 haec
705 3150 754 3205 illa
762 3148 909 3222 plurimum
958 3147 1093 3222 plurimis.
1623 3147 1626 3153 '

115 3260 126 3290 ι
144 3237 296 3294 extrilarata
310 3237 454 3295 confestim
469 3238 607 3310 respondit
618 3256 625 3293 :
637 3261 648 3287 u
660 3237 735 3295 Nihil
748 3245 800 3305 est,
811 3238 907 3311 inquit,
994 3236 1091 3292 Mulier
1105 3251 1171 3293 vero
1186 3235 1309 3309 praefata,
1325 3236 1390 3292 dum
1405 3237 1559 3294 orationum
1573 3237 1663 3311 gratis
1675 3239 1758 3295 multa

113 3345 124 3371 a
142 3321 194 3378 sub
208 3321 277 3378 coelo
292 3320 409 3378 facultati
424 3338 494 3379 mee
508 3321 648 3393 possibile,
663 3321 736 3395 quod
751 3338 807 3379 non
821 3322 910 3379 libens
959 3333 1119 3398 peragraret
1133 3333 1289 3382 sanctorum
1299 3324 1371 3395 loca,
1387 3325 1631 3398 pervenitdemum
1641 3327 1759 3384 Cantus

113 3432 124 3462 ι
143 3409 261 3466 facerem
273 3426 322 3465 seu
332 3408 494 3481 perferrem,
505 3410 653 3467 dummodo
662 3410 697 3466 ab
707 3409 785 3466 istius
796 3426 910 3468 accessu
960 3414 1040 3471 riam.
1055 3413 1117 3484 Ubi,
1134 3413 1199 3468 dum
1213 3429 1228 3468 a
1242 3413 1310 3469 viris
1325 3413 1461 3486 religiosis
1475 3415 1628 3471 orationum
1648 3415 1761 3488 inquirit

114 3497 257 3570 «perinde
282 3498 382 3554 salvari
406 3499 727 3570 potuissem-blesum
751 3515 834 3573 ergo,
864 3498 910 3555 ille
960 3499 1106 3576 suffragia,
1131 3501 1238 3559 cuidam
1262 3503 1397 3559 monacho
1422 3502 1513 3560 Sancti
1535 3503 1678 3576 Augustini
1693 3504 1760 3560 ber·
1837 3574 1841 3581 ι

114 3610 125 3634 a
143 3587 195 3655 ait,
219 3587 321 3643 amoris
345 3586 435 3643 foedus
449 3602 503 3643 non
519 3587 625 3644 dubites
639 3588 719 3644 inire.
743 3588 805 3661 Ego
823 3587 910 3660 siqui-
961 3591 1024 3647 bam
1038 3591 1113 3646 illam
1128 3607 1143 3647 e
1167 3591 1228 3646 sinu
1242 3606 1292 3646 suo
1307 3590 1440 3663 prolatam
1454 3591 1581 3647 ostendit.
1597 3591 1686 3660 Quam
1713 3593 1759 3650 illc

112 3699 123 3723 u
143 3676 222 3740 dem,
247 3692 415 3749 quaecunque
430 3676 605 3748 poposceris,
631 3682 676 3733 aut
691 3676 846 3749 optaveris,
863 3675 911 3732 tibi
962 3680 1041 3736 nobis
1056 3680 1131 3752 (227)
1143 3687 1174 3735 et
1200 3695 1252 3736 nos
1275 3679 1364 3751 ipsam
1379 3679 1507 3752 episcopo
1522 3681 1696 3750 postmodum
1710 3681 1760 3738 de·

117 3764 295 3836 rpraestabo,
325 3773 351 3820 et
377 3764 443 3820 nibil
470 3780 485 3820 a
514 3772 540 3820 te
568 3765 621 3822 tuis
648 3765 718 3822 votis
744 3765 912 3823 contrarium
961 3768 1193 3835 monstravimus,
1218 3784 1283 3824 narn
1298 3776 1409 3824 eatenus
1424 3783 1486 3823 eam
1509 3768 1621 3825 minime
1635 3784 1759 3843 agnoue-

115 3853 265 3926 «exigam,
282 3861 308 3910 ct
323 3852 389 3908 nihil
417 3869 471 3910 non
487 3853 645 3910 delectabile
658 3854 716 3911 sive
729 3854 845 3911 amabile
864 3854 912 3910 tibi
962 3865 1013 3913 rat.
1040 3857 1130 3929 Ipsam
1153 3871 1219 3913 vero
1241 3856 1354 3912 herbam
1380 3855 1468 3913 Graeoi
1497 3857 1656 3929 hypericon,
1673 3858 1761 3915 Latini

115 3941 305 3997 «inferam»
333 3942 454 4013 Spondet
481 3942 526 3997 illa
554 3942 612 3999 haec
640 3950 667 3999 et
694 3942 745 3998 alia
773 3942 913 4016 pollicenti
962 3946 1074 4002 herbam
1101 3944 1287 4018 perforatam,
1316 3945 1374 4001 sive
1402 3944 1513 4000 herbam
1543 3945 1635 4002 Sancti
1648 3946 1762 4003 loannis

113 4046 272 4096 assensum,
296 4030 443 4087 dummodo
467 4029 619 4102 experiatur
645 4030 788 4103 promisse
808 4031 912 4088 libera·
963 4032 1103 4107 appellare
1117 4033 1206 4090 solent
1220 4034 1305 4104 (228).
1321 4033 1426 4090 Hoecirr
1435 4049 1540 4106 meque
1552 4034 1763 4092 Vitoimcrifur

112 4118 194 4174 donis
209 4117 344 4175 effectum.
361 4121 435 4176 Tunc
449 4119 494 4176 ille
508 4119 621 4175 adduxit
635 4134 695 4175 eam
710 4119 744 4176 ad
757 4119 913 4192 proximum
964 4124 1093 4180 historic.
1116 4123 1146 4178 Si
1168 4122 1216 4178 coi
1237 4123 1297 4178 isto
1316 4125 1390 4192 sorte
1408 4122 1505 4178 minos
1516 4122 1687 4180 uidebamur
1697 4139 1762 4180 erc·

112 4207 205 4263 domui
226 4224 283 4263 sum
297 4208 406 4273 locum,
435 4215 462 4264 et
484 4207 598 4265 herbam
612 4208 718 4264 eminus
733 4224 913 4266 succrescen·
964 4211 1066 4278 deado,
1086 4211 1160 4281 lcqat
1177 4209 1321 4266 Bedamic
1336 4210 1763 4284 Ecptcnctioaclrtcoecvouqc-

112 4302 168 4351 tem
184 4295 223 4351 illi
236 4296 427 4352 demonstrans
443 4313 450 4350 :
470 4320 481 4343 a
495 4297 586 4366 istam,
597 4295 694 4367 inquit,
710 4295 824 4352 herbam
838 4296 912 4365 tolle,
966 4297 1762 4371 lictor,etbiaaimitic,quaesuistemporibuacccidcruat,

117 4406 128 4436 ι
145 4392 171 4440 ιι
183 4384 210 4439 in
222 4385 283 4440 sinu
298 4392 343 4440 tuo
358 4384 488 4453 reconde,
502 4399 534 4441 ac
549 4383 724 4442 circumcirca
739 4384 767 4439 in
777 4384 859 4441 domo
869 4393 917 4441 tua
930 4383 985 4445 Da
1000 4391 1081 4444 tento
1095 4385 1209 4443 doctore
1224 4385 1326 4442 ibidem
1339 4387 1448 4460 scripte
1469 4388 1602 4460 reperiet.

116 4496 126 4520 a
145 4489 244 4546 sparge
263 4489 268 4528 :
285 4481 311 4529 et
326 4473 512 4545 experimento
536 4473 636 4539 disces,
662 4489 725 4530 oum
739 4473 791 4530 hoc
805 4472 914 4545 feceris,

119 4577 191 4617 «me
213 4562 240 4616 in
262 4562 405 4634 promissis
420 4561 572 4618 veridicum
587 4561 734 4618 exstitisse.
754 4580 764 4614 ι
782 4560 856 4618 Fecit
870 4561 917 4617 illa
1267 4572 1381 4630 cppup
1403 4572 1477 4629 xm,

115 4650 188 4721 quod
202 4648 288 4705 fuerat
302 4650 408 4707 edocta.
421 4650 555 4723 venitque
568 4651 693 4721 posthoc
706 4649 733 4705 in
748 4656 812 4706 nota
826 4648 917 4723 effigie

115 4738 223 4795 daemon
232 4738 399 4811 versipellis,
411 4748 493 4812 atque
508 4746 675 4811 astatpmpe
690 4737 847 4808 fenestram,
862 4753 918 4811 qua

967 4711 1004 4767 lte
1014 4713 1090 4795 suria
1099 4712 1253 4794 ereptione,
1265 4711 1313 4783 qur·
1322 4710 1359 4766 od
1368 4710 1552 4798 suspendium
1561 4711 1723 4779 ducebatur,
1735 4717 1764 4769 et

1020 4782 1128 4836 ootrtcr
1138 4780 1290 4838 baronibus
1300 4797 1421 4838 aeacum
1431 4786 1474 4837 cst
1485 4782 1690 4840 locotus—lit
1700 4798 1764 4840 corr·

115 4826 214 4882 intrare
242 4835 269 4883 et
298 4829 371 4884 exire
398 4828 503 4884 solebat
520 4845 527 4882 :
543 4835 569 4884 et
584 4826 776 4899 introspiciens
803 4826 870 4883 dixit
882 4827 918 4883 ad
1003 4798 1114 4908 imm
1124 4850 1174 4908 poc
1188 4852 1276 4924 capp,
1287 4852 1339 4908 „p
1352 4853 1439 4925 capp·
1451 4868 1524 4911 mm,
1537 4853 1568 4908 ιη
1578 4868 1682 4925 mam
1693 4853 1763 4910 pua·

117 4915 259 4972 mulierem
276 4934 283 4970 :
301 4940 312 4964 ι
331 4914 467 4985 Quidnam
483 4924 524 4973 est
538 4915 611 4972 istud
625 4916 776 4972 horridum«
787 4923 814 4972 et
827 4915 916 4988 putri-

119 5005 224 5074 ‹dum,
242 5005 316 5077 quod
332 5005 359 5060 in
372 5005 425 5061 hac
439 5005 498 5063 aede
513 5005 663 5078 sparsisti?
679 5003 783 5074 ProJice
799 5012 917 5077 quanto-
1003 4999 1058 5056 Sed
1093 4998 1263 5056 redeundum
1301 5006 1344 5055 est
1370 5000 1404 5055 ad
1432 5007 1552 5072 coeptum
1567 4999 1616 5058 iter
1629 4999 1766 5073 pontificis

119 5092 207 5148 «eius
228 5093 310 5167 longe
326 5109 342 5149 a
357 5100 384 5150 te
399 5101 456 5149 eta
477 5094 559 5151 domo
575 5102 619 5150 tua
633 5093 751 5149 invisum
766 5092 838 5149 istud
852 5109 917 5165 gra-
967 5089 1055 5147 nostri
1074 5105 1169 5146 versus
1196 5104 1293 5162 regem
1308 5089 1398 5158 (229),
1428 5096 1455 5143 et
1484 5088 1554 5160 stylo
1567 5088 1624 5157 jam
1637 5098 1766 5148 currente

152 5268 226 5336 (aas)
246 5273 282 5323 sd
295 5276 402 5322 mentem
424 5271 497 5335 igitur
515 5271 625 5324 auctoris
637 5272 706 5335 flego
721 5270 774 5334 iam
797 5273 851 5322 erat
867 5270 919 5334 ept-
1003 5263 1071 5328 (228)
1085 5264 1205 5317 Subducta
1220 5264 1334 5316 videntur
1346 5265 1411 5314 esset
1423 5260 1610 5316 abbreviatoris.

116 5351 214 5401 munus,
227 5339 284 5389 dum
304 5339 344 5390 bic
356 5343 456 5389 narrata
468 5339 631 5403 sustinerunt·
1004 5348 1076 5415 (229)
1090 5349 1126 5400 sd
1145 5362 1173 5400 ea
1186 5360 1275 5413 nempe
1295 5359 1349 5410 que
1369 5349 1503 5398 creuerunt
1524 5347 1549 5399 ln
1567 5347 1665 5410 itinere,
1684 5346 1715 5399 ad
1726 5347 1771 5400 ut·

152 5422 223 5486 (aab)
237 5424 289 5474 Uuo
303 5426 344 5473 sut
355 5424 433 5474 attero
446 5435 528 5474 mense
547 5426 603 5488 post
614 5423 719 5488 primum
731 5430 857 5474 occursum
871 5432 917 5485 pu.
969 5416 1088 5468 cbardum
1107 5428 1191 5480 regem
1211 5416 1276 5468 circa
1289 5413 1364 5466 baem
1377 5413 1434 5466 anni
1447 5412 1514 5465 stau
1531 5417 1572 5467 ant
1584 5413 1709 5479 sequentis
1720 5413 1770 5466 inf·

118 5489 383 5541 teruanenserumtus.
969 5483 1164 5547 ttumsuscepto.

153 5569 222 5640 (227)
239 5573 325 5637 Nobis,
337 5573 361 5626 id
373 5577 411 5626 ast
420 5573 514 5627 caetui
525 5572 596 5626 vite.
