3742 5986
165 93 218 149 eto
444 93 473 150 S.
493 89 670 150 BRUNONlS
689 87 1016 150 cmmustsuonuu
1033 86 1280 150 mammonas
1309 91 1388 151 ot’t’.
1407 82 1496 153 elus
1514 95 1549 152 11.
1779 100 1834 156 tto

165 232 240 288 saepe
248 215 320 273 utsit
328 217 507 291 opportunior
520 217 648 290 utrinque
672 225 889 289 contemperata.
910 215 1004 277 lle-A
1017 229 1101 286 opere
1126 231 1186 272 suo.
1215 216 1391 274 Ministrastis
1418 219 1486 276 olim
1511 228 1539 276 et
1565 219 1654 277 adhuc
1682 220 1710 277 in
1725 221 1828 278 eodem

164 304 286 362 nientem
313 323 452 379 superse,
477 306 540 379 quia
554 314 581 362 et
596 323 611 361 a
633 307 692 362 Deo
708 313 734 362 et
748 323 764 361 a
779 305 908 377 praelatis,
926 305 972 377 qui
1022 302 1105 358 estis:
1117 306 1248 377 cupimus
1268 311 1366 363 nutem
1376 307 1409 363 de
1432 307 1524 365 futuro
1532 325 1763 384 unumquemque
1779 326 1828 367 ve-

166 395 323 465 superiores
337 404 400 450 suut
415 395 442 450 in
456 395 591 462 Ecclesia,
606 395 749 451 descendit
758 394 892 451 doctrina.
904 395 972 449 Ter·
1021 396 1124 458 stram
1142 397 1176 449 ut
1189 409 1242 450 nec
1257 411 1332 451 unus
1347 396 1421 452 desit
1436 397 1470 453 ab
1498 398 1550 454 boc
1572 414 1654 470 opere
1668 403 1826 466 ostentare,

164 498 203 553 ra,
220 483 341 556 inquam,
358 483 399 540 sic
414 484 510 539 bibens
524 484 641 540 imbrem
652 488 680 540 et
691 500 832 555 nesterone
843 482 969 552 beriam,
1020 478 1048 534 id
1063 487 1105 536 est
1119 480 1276 553 frequenter
1285 485 1432 540 ostendere
1446 486 1573 542 eamdem
1601 487 1828 544 sollicitudinem

164 569 193 625 id
213 579 255 626 est
269 571 387 629 fructum
408 572 473 628 boni
497 573 599 643 operis.
617 572 738 627 llerbsm
754 572 818 629 dico
832 576 970 644 apporta·
1021 568 1231 626 administraudi
1241 572 1436 645 sanctisusque
1447 575 1479 629 in
1488 574 1829 643 finemveslrum.0steu·

164 676 235 716 nam
247 661 308 716 illis
318 678 337 716 a
350 661 450 733 quibus
465 662 580 727 colitur,
593 661 672 716 idest
686 660 971 732 praedicatoribusqui
1020 662 1079 712 tare
1094 657 1156 714 dico
1171 659 1206 714 ad
1222 660 1405 730 expletionem
1421 662 1489 733 spei,
1506 662 1533 717 id
1548 662 1631 718 estin
1645 662 1738 719 lutura
1757 663 1827 720 bes·

165 764 226 804 eam
241 749 381 806 excolunt.
402 749 589 820 Opportunum
606 749 670 804 ideo
686 749 750 820 quia
769 748 834 805 facit
848 765 904 804 non
917 749 969 805 de·
1019 745 1134 801 titudine
1162 747 1332 819 compleatur
1354 750 1382 804 in
1403 750 1481 807 vobis
1504 751 1577 823 quod
1592 752 1675 807 modo
1690 753 1822 824 speratis.

164 853 305 908 generem,
323 839 371 894 scd
396 837 513 893 fructum
536 837 694 906 divinitatis,
716 838 745 892 id
762 845 803 893 est
817 838 969 894 secundum
1020 833 1060 888 lta
1074 835 1199 906 cupimus
1215 844 1363 906 ostentare,
1379 843 1412 894 nt
1425 856 1480 896 non
1494 840 1659 910 efficiamini
1679 857 1780 912 sepnes
1797 841 1825 897 in

165 926 239 997 quod
253 926 386 983 docentur
400 927 518 998 operari,
535 935 562 981 et
575 926 669 983 vident
683 926 710 980 in
725 926 884 983 doctoribus
894 925 963 982 suis.
1018 920 1073 978 hac
1092 922 1286 990 sollicitudine,
1302 925 1350 981 sed
1360 925 1419 980 sitis
1434 927 1596 983 imitatores
1608 943 1716 998 mrum,
1741 928 1770 984 id
1785 936 1826 984 est

163 1014 238 1082 Haec,
254 1015 375 1086 iuquam,
392 1023 464 1070 term
479 1014 518 1071 sic
534 1015 785 1086 generansaccipit
795 1014 969 1071 benedictio·
1019 1019 1176 1066 sanctorum
1184 1014 1445 1084 quiboereditnbunt
1451 1016 1660 1087 promissiones,
1672 1016 1700 1071 id
1711 1024 1754 1072 est
1763 1033 1827 1088 pro·

162 1119 239 1173 nem,
256 1103 284 1158 id
299 1111 340 1159 est
354 1103 606 1174 multiplicationem
633 1104 767 1159 bonorum
782 1120 799 1159 a
814 1105 877 1160 Deo.
893 1104 969 1158 Bona
1018 1098 1119 1154 missas
1134 1099 1334 1157 beatitudines:
1351 1118 1406 1157 uon
1421 1111 1534 1174 propter
1548 1120 1646 1176 genus,
1663 1105 1713 1160 sed
1728 1105 1826 1174 fideet

162 1197 235 1247 terra
248 1191 348 1263 accipit
361 1191 590 1248 benedictionem.
610 1194 694 1249 Terra
714 1195 810 1248 autem
821 1194 969 1264 proferens
1015 1190 1171 1261 patientta,
1193 1189 1221 1244 id
1245 1198 1285 1245 est
1308 1188 1463 1261 perfidem,
1479 1191 1585 1263 etquis
1600 1193 1824 1250 diusustinendo

161 1281 258 1351 spinas
272 1297 306 1336 ac
321 1282 448 1346 tribulos,
460 1282 578 1352 reproba
590 1284 642 1337 est.
656 1280 706 1335 Vel
717 1280 740 1334 si
750 1279 864 1336 habetur
878 1281 966 1348 enim,
1016 1290 1072 1332 uon
1087 1276 1197 1333 luerunt
1207 1277 1319 1351 fatigati.

159 1366 336 1440 itajungatur
350 1384 405 1424 non
432 1375 535 1423 mutata
550 1368 694 1425 sententia.
717 1370 789 1424 Vere
808 1377 892 1434 terra,
908 1384 961 1441 qe·
1055 1364 1125 1434 Quia
1152 1365 1258 1422 sciebat
1286 1365 1389 1423 Paulus
1405 1367 1519 1424 multum
1533 1367 1644 1439 placere
1656 1368 1711 1425 illis
1726 1369 1752 1425 si
1767 1385 1820 1441 ps·

159 1472 260 1512 nereus
274 1456 389 1513 herbam
408 1464 590 1528 opportunam
613 1456 712 1528 accipit
727 1456 958 1512 benedictionem.
1015 1452 1102 1508 tribus
1130 1469 1226 1509 eorum
1240 1453 1343 1511 diceret
1367 1456 1564 1526 repromissam
1577 1456 1705 1524 salutem,
1721 1457 1770 1525 ait,
1787 1473 1820 1515 ac

158 1544 229 1600 Nam
244 1553 316 1601 terra
328 1544 473 1616 proferens
488 1546 581 1616 spinas
594 1560 627 1601 ac
641 1544 755 1600 tribulos
770 1545 889 1616 reproba
903 1552 958 1600 est.
972 1575 999 1635 B
1016 1539 1039 1596 si
1053 1541 1166 1613 quilibet
1180 1541 1363 1616 interrogaret
1375 1559 1381 1598 :
1393 1545 1497 1600 Suntne
1507 1545 1821 1617 lactaepromissionesi

162 1631 450 1700 379Proierens
467 1642 542 1689 notat
553 1640 609 1689 tarn
621 1633 693 1689 male
702 1649 827 1705 peccare,
836 1641 865 1688 ut
875 1648 963 1705 pravo
1017 1630 1085 1686 Sunt
1100 1630 1212 1702 utique3
1228 1648 1293 1687 nam
1319 1633 1446 1689 Abrabae.
1475 1635 1509 1690 lit
1523 1635 1575 1689 tria
1590 1634 1819 1708 subjungitquod

158 1721 284 1792 exemplo
299 1730 456 1793 cormmpat
477 1721 557 1777 alios.
573 1722 626 1778 Per
645 1721 748 1793 spinas,
765 1729 877 1793 peccata
888 1722 964 1778 acci-
1016 1725 1042 1773 et
1055 1719 1253 1789 promissiones
1269 1719 1345 1777 laetae
1360 1721 1422 1789 sint,
1440 1730 1467 1777 et
1480 1738 1531 1793 per
1541 1722 1734 1792 Jusjurandum
1752 1739 1819 1780 con-

158 1808 198 1880 pit
212 1810 302 1865 minus
318 1810 488 1884 pungentis3
504 1820 553 1881 per
565 1810 680 1866 tribulos
691 1810 749 1883 (qui
764 1810 886 1882 asperius
895 1827 964 1882 puu-
1015 1804 1140 1874 firmatae,
1158 1808 1226 1862 etin
1240 1808 1378 1863 Abraham
1403 1809 1460 1879 js'm
1475 1810 1593 1882 impletae
1612 1812 1728 1868 dicens:
1745 1815 1820 1870 Deus

159 1901 237 1970 gunt)
267 1899 409 1971 graviora.
440 1900 535 1969 l'erra,
551 1899 672 1971 inquam,
698 1899 793 1970 spinas
806 1899 963 1956 actribulos
1011 1897 1186 1969 promittens
1200 1897 1441 1969 Abraboejuraoit
1451 1901 1705 1972 persemetipsum,
1715 1908 1744 1957 et
1754 1901 1818 1958 ideo

158 1986 304 2057 proferens
328 1988 448 2060 reproba
477 1995 528 2054 est,
545 1987 573 2042 id
591 1996 632 2043 est
646 1987 756 2043 inimica
769 1988 838 2055 Deo,
853 1991 881 2043 et
893 2004 958 2060 pro·
1012 1985 1258 2056 persemetipsum,
1269 1987 1399 2059 quoniam
1410 1989 1554 2044 neminem
1572 1988 1818 2061 babuitmnjorem

157 2077 240 2132 xima
254 2077 416 2143 maledicto,
433 2076 460 2130 id
475 2084 517 2131 est
530 2076 686 2147 perditioni.
708 2075 760 2132 Ubi
774 2075 812 2131 ait
826 2075 960 2147 proxima,
1010 2087 1063 2143 per
1090 2089 1172 2144 quem
1194 2075 1327 2145 juraret;
1346 2082 1373 2130 et
1395 2075 1502 2147 queret
1521 2075 1587 2132 ldeo
1606 2076 1670 2148 quis
1683 2077 1817 2148 majoram

157 2162 293 2235 siguificat
306 2180 416 2235 poenam
432 2164 542 2235 quidem
556 2180 641 2235 prope
657 2180 727 2229 esse,
745 2165 793 2219 sed
812 2165 902 2220 adhuc
912 2180 961 2235 per
1011 2174 1066 2214 non
1079 2160 1184 2230 habuit,
1200 2177 1295 2232 perse
1314 2163 1423 2233 juravit,
1442 2162 1549 2232 subdet,
1565 2164 1614 2220 sed
1630 2165 1714 2221 verba
1727 2166 1816 2236 juris·

158 2251 345 2323 poenitentiam
368 2268 450 2323 posse
472 2252 600 2309 evadere.
633 2253 852 2319 Costsnmmatio,
868 2252 896 2307 id
918 2260 960 2307 est
1007 2246 1118 2317 jurandi
1141 2249 1299 2321 praemittit:
1320 2250 1816 2323 juravit,inquam,dtcens:OAbra-

157 2337 220 2395 linis
234 2343 317 2413 cajus
335 2340 460 2412 reproba
474 2348 556 2397 terrae
571 2341 622 2396 erit
634 2341 666 2396 in
687 2340 919 2407 combustionem,
931 2340 958 2396 id
1009 2335 1072 2390 ham
1088 2337 1146 2391 nisi
1167 2337 1329 2394 benedicam
1344 2343 1381 2408 te,
1406 2338 1434 2394 id
1444 2347 1486 2395 est
1501 2340 1671 2398 incremento
1686 2341 1814 2398 vimutum

154 2435 196 2484 est
210 2428 412 2500 inperpetuum
426 2427 520 2502 ignem
533 2429 586 2483 nisi
608 2427 746 2500 poeniteat.
771 2429 847 2484 Idem
861 2444 959 2484 versus
1008 2423 1133 2480 ditavero
1148 2432 1174 2480 te
1188 2425 1216 2479 in
1231 2426 1281 2481 hac
1295 2426 1359 2482 vita.
1376 2427 1537 2484 Benedicam
1549 2428 1620 2495 dico.
1633 2429 1813 2498 benedicent·

154 2517 287 2588 proximae
301 2517 397 2573 lilteroe
410 2518 595 2589 conjungitur,
611 2532 666 2574 non
681 2524 772 2573 tamen
787 2517 827 2572 sic
841 2517 952 2573 idonee,
1007 2510 1035 2565 id
1050 2519 1091 2567 esi
1105 2511 1143 2567 ita
1157 2519 1185 2567 ul
1200 2512 1229 2567 in
1243 2512 1332 2569 officio
1348 2515 1528 2571 benedicendi
1543 2533 1652 2589 semper
1673 2533 1812 2588 maneum,

154 2606 226 2663 Vere
241 2605 269 2660 iu
284 2606 338 2661 alia
350 2606 406 2663 vita
428 2621 509 2662 nemo
524 2614 615 2678 potest
632 2605 758 2662 renovari
773 2606 807 2661 sd
818 2606 956 2676 poeniten·
1007 2604 1035 2656 et
1048 2600 1101 2655 nisi
1128 2602 1324 2673 multiplicabo
1338 2611 1364 2659 te
1379 2603 1407 2658 in
1420 2602 1512 2660 futura
1534 2605 1702 2664 beatitudine
1718 2622 1813 2662 remu·

154 2693 242 2760 tism;
268 2708 331 2748 nam
361 2701 443 2760 terra,
470 2693 497 2748 id
522 2701 563 2749 est
577 2695 660 2749 homo
675 2693 702 2748 in
717 2694 769 2750 buc
783 2694 837 2750 vita
851 2700 956 2749 tantum
1005 2689 1129 2745 necando
1144 2687 1224 2745 fidem
1251 2698 1333 2746 tuam.
1350 2691 1541 2762 llultiplicabo,
1566 2693 1689 2765 inquam,
1704 2696 1812 2751 multi·

154 2780 222 2848 bibit
236 2781 390 2837 venientem
406 2782 532 2848 imbrem,
550 2781 578 2837 id
593 2790 634 2837 est
647 2789 737 2853 potest
750 2781 800 2837 niti
812 2783 846 2838 ad
857 2798 954 2838 emen·
1004 2778 1126 2848 plicans,
1143 2777 1170 2832 id
1185 2785 1226 2833 est
1250 2794 1306 2834 non
1320 2780 1400 2849 hujus
1415 2780 1648 2852 multiplicationis
1664 2780 1750 2838 linem
1762 2782 1807 2839 itt·

154 2869 303 2926 dationem.
333 2869 384 2926 Hic
407 2870 479 2926 enim
495 2869 571 2926 locus
585 2870 718 2939 merendi,
736 2870 773 2924 ibi
787 2870 948 2941 recipiendi.
1004 2864 1081 2920 titus
1095 2865 1149 2920 nisi
1167 2867 1219 2940 1190
1248 2865 1348 2933 felem,
1366 2867 1495 2939 (desectio
1509 2869 1665 2941 locabimus)
1679 2879 1810 2943 sequatur

152 2956 203 3015 Vel
230 2958 382 3014 secuudum
408 2958 492 3013 ubam
517 2958 689 3025 sententiam,
721 2958 891 3029 impossibile
912 2967 954 3014 est
970 2929 1186 3026 Oquodcunque
1200 2954 1406 3012 inconveniens.
1426 2957 1462 3013 at
1475 2957 1666 3014 siclbraham
1675 2957 1810 3017 certifice-

153 3046 290 3114 renovari,
306 3046 335 3102 id
350 3054 392 3103 est
404 3046 575 3118 rebaptizari.
605 3047 673 3101 Nam
696 3054 770 3102 terra
785 3046 870 3103 semel
885 3047 953 3102 bibit
1003 3049 1057 3108 tus,
1074 3042 1213 3099 Abraham
1237 3046 1333 3115 serens
1359 3046 1570 3117 lonqanims'ter,
1592 3047 1655 3119 quis
1680 3054 1707 3103 et
1720 3047 1769 3103 diu
1783 3054 1811 3104 et

151 3134 278 3202 imbrem,
307 3135 336 3191 id
364 3143 406 3190 est
424 3136 506 3191 homo
522 3134 608 3191 semel
622 3134 734 3207 suscipit
747 3149 849 3206 aquam
862 3135 952 3207 bapti·
1002 3130 1086 3186 rauba
1096 3131 1211 3187 adversa
1226 3133 1362 3196 sustinuit,
1382 3134 1504 3206 adeptus
1526 3139 1569 3191 est
1585 3135 1694 3192 tandem
1708 3152 1808 3210 repra·

152 3224 257 3279 amatis.
1002 3221 1177 3290 missionem,
1206 3221 1233 3275 id
1262 3229 1303 3277 est
1317 3237 1391 3293 saepe
1405 3222 1568 3293 promissam
1592 3223 1803 3281 beatitudinem.

187 3310 257 3380 Quia
271 3310 337 3367 satis
351 3311 455 3367 duriter
464 3327 513 3368 eos
522 3311 683 3383 increpavit,
698 3311 795 3368 dicens
813 3312 950 3383 superius,
1002 3307 1067 3363 Ideo
1093 3308 1194 3377 juravit
1213 3308 1277 3380 quia
1305 3311 1387 3367 homo
1408 3311 1489 3380 iurat.
1520 3309 1584 3367 ldeo
1612 3328 1661 3383 per
1684 3329 1726 3379 se,
1744 3313 1807 3386 quis

150 3416 214 3458 cum
241 3400 378 3456 deberetis
406 3417 468 3457 esse
489 3401 631 3474 magistri3
654 3416 764 3455 rursum
779 3400 906 3473 indigetis
922 3409 953 3456 ut
1003 3396 1091 3465 maior
1103 3411 1137 3451 eo
1150 3405 1257 3453 nonest
1269 3416 1277 3465 ;
1290 3397 1807 3475 tentassentmasojuransper

149 3487 313 3556 doceamini,
330 3497 383 3547 etc.
399 3489 453 3544 Per
467 3490 520 3546 hoc
535 3489 633 3545 iterum
648 3488 720 3560 quod
735 3504 822 3560 prope
837 3488 905 3543 dixit
915 3489 950 3545 de
1001 3486 1139 3548 maiorem
1149 3487 1215 3552 sui,·
1229 3485 1292 3541 ideo
1306 3486 1379 3542 Deus
1394 3495 1457 3559 post
1477 3488 1689 3558 promissionem
1700 3491 1808 3560 juravit

148 3576 339 3634 benedictione
354 3578 433 3634 bonas
448 3585 538 3645 terrae,
562 3577 647 3633 suasit
661 3576 701 3632 cis
716 3576 831 3633 fructum
845 3592 950 3649 oppor-
1001 3573 1225 3630 condescendens
1235 3575 1426 3631 consuetudini
1442 3575 1593 3642 homiuum,
1606 3593 1725 3650 quorum
1739 3594 1806 3635 usus

147 3673 243 3722 tunam
272 3665 372 3733 lucere,
404 3673 430 3722 et
444 3682 495 3738 per
522 3665 689 3723 contrarium
715 3664 856 3734 deterruit,
877 3681 951 3723 nunc
1000 3669 1043 3718 est
1070 3669 1160 3718 certos
1173 3660 1233 3717 fieri
1248 3678 1298 3734 per
1308 3663 1510 3733 jusjurandum,
1527 3665 1596 3722 sicut
1609 3667 1690 3723 lesus
1703 3666 1803 3724 diebus

148 3755 284 3810 blanditur
306 3755 356 3820 eis,
386 3763 416 3809 ut
439 3754 509 3810 sicut
531 3754 612 3809 minis
636 3754 783 3822 concussit,
814 3754 851 3809 ita
866 3754 949 3810 modo
1000 3749 1058 3805 suis
1086 3751 1237 3807 secundum
1261 3767 1365 3807 morem
1379 3751 1450 3808 illius
1472 3753 1604 3827 regionis,
1617 3754 1646 3809 in
1665 3757 1805 3827 parabolis

147 3842 240 3899 foveat
252 3842 454 3912 blandimentis,
469 3841 581 3899 dicens:
602 3842 724 3898 Tametsi
737 3843 781 3898 ita
796 3843 949 3915 loquimur,
999 3846 1026 3894 et
1041 3838 1262 3896 similitudinibus
1286 3840 1448 3912 loquebatur
1463 3841 1526 3911 illis,
1537 3858 1599 3898 cum
1608 3850 1700 3900 tamen
1707 3844 1804 3914 jurare

152 3930 322 4001 increpando
335 3946 385 3987 vos
401 3930 537 4002 superius,
553 3938 654 3996 tamen,
671 3945 688 3986 o
707 3929 888 3986 dilectissimi
898 3946 949 3987 nos
999 3925 1050 3981 Dei
1064 3926 1131 3981 nihil
1143 3927 1216 3983 aliud
1231 3928 1276 3996 sit,
1292 3944 1374 4000 quam
1384 3928 1590 3987 immutabiliter
1603 3931 1737 3988 stabilire.
1750 3934 1806 3990 llo·

146 4018 315 4089 confidimus
330 4019 364 4076 de
378 4020 451 4075 vobis
467 4019 597 4084 meliora,
613 4032 696 4090 quam
719 4017 946 4087 combustionem,
998 4013 1087 4070 mines
1099 4015 1194 4083 iurant
1207 4032 1258 4087 per
1270 4017 1401 4086 majorem
1416 4017 1468 4086 sui,
1494 4023 1523 4075 et
1534 4019 1719 4089 juramentum
1735 4021 1803 4092 finis

146 4112 175 4164 et
188 4108 327 4165 viciniora
341 4107 433 4164 saluti
447 4114 554 4173 vestras,
572 4121 654 4178 quum
679 4105 734 4160 sint
756 4105 842 4177 spinae
856 4114 883 4165 et
897 4107 948 4162 tri-
1000 4107 1045 4159 est
1056 4106 1148 4160 omnis
1163 4107 1374 4174 controversia,
1389 4106 1417 4161 id
1441 4114 1483 4162 est
1496 4107 1680 4165 altercationis
1694 4125 1802 4177 eorum,

145 4194 211 4253 buli.
229 4196 280 4253 Ubi
294 4196 331 4251 ait
344 4196 474 4264 deuotis,
490 4193 625 4269 significat
640 4194 721 4249 talem
746 4203 871 4250 araturam
885 4212 947 4252 esso
999 4189 1094 4246 salem
1123 4190 1156 4246 ad
1185 4191 1419 4250 confirmationem
1448 4195 1559 4251 alterius
1572 4197 1670 4268 partis,
1690 4200 1724 4255 in
1739 4215 1802 4272 qao,

143 4284 173 4340 in
188 4285 238 4352 eis,
254 4285 360 4358 quasit
372 4284 470 4341 idonea
486 4283 661 4341 correctioni.
676 4282 789 4339 Meliora
800 4284 985 4344 etnicini0.1)
999 4279 1104 4337 scilicet
1118 4295 1169 4350 per
1180 4281 1375 4352 juramentum,
1396 4284 1470 4340 Deus
1483 4286 1578 4342 colem
1602 4286 1801 4344 abundantias

143 4385 173 4425 ra
187 4370 247 4424 baec
270 4370 438 4441 comparatio
459 4384 515 4425 non
529 4366 559 4424 lit
579 4367 650 4423 inter
663 4368 860 4439 participantis.
876 4369 947 4424 Pro·
998 4372 1153 4424 ostendere.
1170 4369 1350 4426 Abundauter
1365 4370 1438 4427 onim
1453 4387 1504 4444 per
1517 4373 1740 4444 promissionem,
1752 4374 1802 4432 sed

144 4465 240 4531 pterea
268 4457 302 4513 de
324 4457 403 4514 robis
430 4456 593 4513 confidimus
615 4456 680 4529 quia
698 4456 783 4512 multa
797 4456 946 4513 bonaolim
996 4455 1178 4512 abundantius
1192 4458 1311 4515 ostendit
1325 4475 1375 4530 per
1385 4459 1581 4527 jurameutum.
1593 4462 1694 4519 Volens
1708 4471 1803 4520 osten·

143 4545 248 4620 operati
262 4545 348 4613 estis;
365 4561 426 4618 quse
441 4545 463 4601 si
479 4544 637 4619 (postquam
666 4544 855 4617 poenitueritis)
871 4546 944 4602 Deus
995 4543 1061 4600 dere
1070 4545 1310 4614 immobilitatem,
1326 4546 1354 4602 id
1370 4555 1411 4603 est
1421 4547 1666 4607 immutabilitatem
1682 4552 1726 4607 sui
1739 4567 1805 4609 con·

142 4651 197 4692 non
208 4634 377 4702 retribueret,
393 4634 508 4704 inJustus
523 4641 605 4700 esset,
623 4634 673 4689 sed
691 4635 765 4689 Deus
775 4648 833 4689 non
844 4639 887 4689 est
895 4635 945 4690 in·
995 4631 1058 4688 silii.
1088 4632 1238 4689 Consilium
1263 4635 1314 4692 Dei
1329 4635 1379 4691 luit
1402 4637 1487 4709 (quod
1501 4637 1545 4693 six
1559 4638 1643 4711 aliqui
1657 4655 1801 4714 cognove-

136 4725 275 4797 jmtusut
285 4724 469 4780 obliviscatur
478 4723 684 4793 apameam,-
695 4720 845 4793 quaomnia
854 4729 945 4778 vestrs
994 4720 1068 4793 rant)
1083 4737 1134 4792 per
1147 4720 1230 4779 fidem
1241 4723 1339 4779 Christi
1354 4724 1459 4782 salvare
1473 4725 1608 4783 homines.

141 4813 267 4869 omuibus
281 4811 437 4870 communia
465 4810 578 4877 lecistis,
596 4814 624 4866 et
638 4810 799 4867 dilectionis
813 4809 876 4882 quia
891 4812 944 4868 hoc
968 4812 977 4835 '
1029 4810 1098 4880 Hoc,
1114 4809 1238 4882 inquam,
1254 4813 1396 4869 consilium
1411 4815 1561 4871 osteudens
1584 4815 1727 4875 immobile
1739 4818 1801 4876 lsoe·

140 4916 209 4973 opus
223 4916 278 4957 non
292 4901 409 4969 timoris,
426 4900 476 4956 sed
491 4915 525 4955 ex
540 4897 687 4955 dilectione
701 4898 846 4970 processit,
858 4914 943 4972 quam
992 4898 1105 4954 redibus
1114 4900 1342 4972 pollicitationis,
1354 4901 1382 4957 id
1388 4910 1430 4958 est
1437 4902 1799 4976 frequentispromissionis,

140 4989 313 5047 dilectionem
319 4989 485 5048 ostendistis
492 4989 524 5044 in
533 4989 650 5044 nomine
656 4989 756 5060 ipsius,
766 4987 793 5043 id
802 4987 885 5044 estad
892 4988 944 5044 ho·
991 4988 1088 5058 posuit
1095 4988 1303 5060 jusjurandum
1316 4990 1394 5047 inter
1408 4990 1617 5061 promissionem
1626 5000 1653 5048 et
1663 4993 1801 5065 impletio-

139 5093 236 5134 norem
250 5075 520 5150 Dei.0perisvest1·i
534 5075 686 5142 benedico,
705 5077 771 5149 qnia
781 5083 873 5133 vestra
883 5078 942 5133 mi·
992 5089 1055 5130 nem
1070 5075 1200 5131 medium.
1216 5077 1258 5132 Ad
1273 5078 1325 5134 boc
1336 5079 1436 5149 posuit,
1453 5084 1487 5136 at
1495 5082 1627 5152 perdum
1641 5098 1687 5138 res
1697 5084 1800 5141 immo·

138 5167 286 5223 nistrastis
301 5167 420 5236 sanctis,
437 5170 466 5223 et
479 5165 568 5222 adhuc
581 5164 678 5220 eadem
693 5163 839 5221 dilectione
851 5165 941 5220 mini·
991 5162 1071 5234 biles,
1096 5164 1200 5221 scilicet
1214 5182 1263 5238 per
1289 5167 1499 5239 promissionem
1514 5177 1541 5225 et
1552 5169 1753 5241 jusjurandum,
1770 5172 1799 5227 in

138 5257 268 5312 strastis.
299 5254 409 5326 Triplex
424 5254 527 5310 bonum
553 5261 628 5310 notat
642 5252 670 5308 in
684 5251 734 5320 eis,
751 5252 855 5309 scilicet
870 5268 941 5323 opus
991 5251 1268 5326 quibusimpcssiblle
1283 5257 1458 5313 estmentiri
1471 5257 1797 5330 Deum,quitsnecinsl-

137 5341 249 5414 bonum,
279 5349 306 5399 et
334 5341 508 5400 dilectionem
535 5351 562 5399 et
588 5339 821 5399 honorificentiam
841 5340 893 5397 Dei
910 5341 940 5396 in
990 5345 1050 5396 tero
1062 5357 1070 5409 ;
1084 5357 1136 5413 per
1148 5342 1196 5399 has
1209 5343 1279 5400 duas
1294 5360 1339 5401 res
1354 5345 1507 5404 babeamus
1521 5347 1659 5405 solatium
1669 5348 1798 5419 [artissi-
