3750 5984
83 228 139 284 att
389 221 579 281 uxeosrrto
598 222 637 279 IN
653 218 845 279 aristoles
865 218 982 276 raum.
999 248 1034 261 -
1048 218 1086 275 IN
1103 218 1214 276 EPIST.
1239 219 1263 275 ll
1281 216 1328 274 ab
1348 216 1429 275 cott.
1682 215 1736 274 266

439 362 599 403 exeosrrxo.
896 344 923 405 Α
938 342 1028 399 Simus
1041 342 1159 398 ministri
1174 341 1233 409 Dei,
1247 341 1275 396 in
1290 342 1412 404 castitate
1426 340 1494 397 etin
1514 338 1636 404 scientia,
1653 338 1682 394 id
1696 346 1737 394 est

124 435 309 492 obsecramus
324 436 485 507 adjuvantes
502 453 509 489 :
526 450 577 490 nos
588 442 676 491 autern
691 441 721 489 ut
735 430 890 490 efficiamini
940 432 968 487 in
983 439 1059 488 casta
1069 431 1183 487 scientia
1200 449 1206 485 :
1222 446 1277 486 non
1293 430 1327 485 sit
1341 428 1495 501 versipellis
1510 426 1621 485 scientia
1631 434 1735 494 nostra,

85 525 189 594 iustitia
207 524 256 580 Dei
272 524 435 594 adjurantes
465 540 514 595 per
542 522 723 580 ministerium
757 520 889 592 pradica—
940 527 970 574 ut
984 519 1099 575 scientia
1113 518 1371 591 pseudodoctorum.
1402 517 1492 573 Simus
1516 516 1597 572 eliam
1616 513 1733 571 ministri
1766 546 1770 560 ·

87 613 171 669 donis
186 613 296 669 Domini
310 612 339 667 iu
353 613 442 669 vobis.
471 610 522 668 l'el
541 612 708 682 adjuvantes
723 624 772 665 vos
785 610 890 665 instru-
940 607 991 663 Dei
1005 610 1038 663 in
1054 608 1282 678 longanimitate.
1299 606 1379 676 Quod
1395 606 1418 661 si
1432 603 1554 661 differtur
1564 619 1674 673 corona,
1686 617 1735 674 pa·

88 701 179 757 ctione
193 710 220 757 et
234 701 402 757 orationibus
412 700 448 755 ad
460 702 557 767 Deum,
574 701 762 757 exhortamur
774 714 834 764 sos,
854 713 891 753 ne
941 696 1040 751 tientes
1049 703 1139 751 tamen
1147 696 1313 751 sustinemus
1323 711 1416 751 onera.
1430 694 1519 750 Simus
1530 693 1609 749 etiam
1619 690 1738 748 ministri

89 791 217 860 oratiam
231 791 280 845 llei
295 791 327 845 in
341 805 462 845 uacuum
486 789 632 860 recipiatis
647 808 656 844 :
672 787 751 860 quasi
767 785 888 841 diceret:
941 783 992 838 Dei
1006 784 1204 853 insuavitate,
1221 783 1249 838 id
1264 779 1737 845 estinlenimansuetudinehabita,
1825 790 1828 795 ·

89 879 148 933 Vos
162 878 255 950 utique
270 877 386 950 gratiam
401 878 451 932 Dei
466 877 621 947 recepistis,
637 877 687 931 sed
701 875 791 932 videte
813 889 847 929 ne
862 873 891 928 iu
942 874 974 927 in
990 873 1103 942 Spiritu
1118 875 1226 939 sancto,
1243 885 1299 927 non
1329 870 1482 927 adulatoria
1497 870 1636 926 suavitate.
1651 867 1739 924 Exhi-

88 981 217 1035 vaouum,
234 966 262 1021 id
277 974 327 1031 est,
344 981 379 1020 ue
394 965 517 1020 inutilem
534 965 613 1022 vobis
627 964 801 1036 receperetis.
818 964 891 1019 Beue
942 960 1054 1015 beamus
1069 961 1167 1015 iterum
1183 976 1234 1016 nos
1249 960 1299 1015 Dei
1314 960 1463 1028 ministros,
1479 962 1510 1015 in
1524 959 1666 1016 charitate
1680 973 1738 1013 non

88 1054 153 1110 dico
179 1054 297 1126 gratiam
319 1071 326 1108 :
345 1069 418 1110 nunc
433 1053 506 1109 euim
520 1062 561 1109 εει
576 1054 672 1127 gratia.
688 1054 823 1109 litaniae
837 1052 889 1106 Pa·
940 1049 1017 1116 ficto,
1030 1056 1058 1103 ut
1082 1064 1147 1104 rere
1177 1048 1324 1120 diligamus
1352 1048 1440 1103 Deum
1465 1056 1492 1103 et
1519 1047 1672 1119 proximum
1689 1061 1695 1100 :
1711 1052 1739 1101 et

87 1142 175 1197 terad
192 1142 328 1197 Christum
343 1142 482 1212 integrum
511 1158 573 1198 cum
586 1141 718 1197 membris
747 1140 813 1205 suis,
831 1155 892 1211 quae
941 1138 972 1191 in
989 1136 1068 1193 uerbo
1083 1138 1224 1202 ueritatis,
1242 1137 1309 1191 utin
1324 1152 1393 1208 pura
1408 1135 1526 1192 veritate
1541 1143 1638 1191 sonent
1653 1134 1739 1190 verba

88 1237 134 1285 est
148 1230 271 1286 Ecclesia
292 1231 370 1303 :Ego
385 1231 519 1287 exaudivi
531 1233 568 1297 te,
580 1229 608 1285 id
623 1237 664 1284 est
675 1228 808 1301 complevi
818 1226 892 1299 quod
942 1232 1042 1281 nostras
1055 1224 1256 1295 praedicationis
1274 1240 1350 1280 :non
1366 1231 1394 1279 ut
1409 1224 1514 1295 pseudo
1530 1223 1576 1297 qui
1590 1222 1737 1278 intendunt

88 1317 251 1389 postulabas
266 1317 428 1374 dimittendo
448 1326 572 1389 peccata.
598 1317 741 1385 Exaudivi,
769 1316 890 1388 inquam,
942 1311 1037 1368 fallere
1052 1312 1231 1368 mendacibus
1246 1312 1348 1368 verbis.
1372 1313 1462 1368 Simus
1488 1311 1648 1368 etiamboni
1681 1310 1741 1365 mi-

89 1414 119 1461 te
134 1409 166 1461 in
182 1410 307 1477 ternpore
321 1410 436 1479 accepto
452 1426 461 1461 :
476 1414 503 1461 et
514 1408 572 1461 Deo
587 1406 630 1461 cui
645 1404 674 1459 in
688 1420 722 1461 oo
735 1404 835 1476 placuit
845 1403 893 1458 mi·
941 1400 1019 1455 nistri
1032 1403 1066 1457 in
1081 1402 1188 1457 virtute
1202 1402 1261 1468 Dei,
1273 1409 1303 1457 ut
1317 1401 1454 1472 persigua
1462 1399 1653 1457 miraculomm
1664 1414 1739 1456 com-

89 1493 179 1549 sereri
212 1493 315 1549 homiui
332 1509 338 1547 :
356 1501 383 1548 et
398 1501 510 1565 accepto
533 1492 652 1559 homiui,
669 1493 733 1565 quia
756 1492 783 1547 in
814 1506 846 1547 eo
862 1507 892 1546 se
942 1489 1056 1560 probem
1072 1505 1115 1544 me
1132 1505 1194 1544 esse
1209 1489 1337 1545 idoneum
1351 1489 1526 1563 magistrum.
1554 1488 1737 1544 Exlxibeamus

89 1582 237 1638 solutuma
252 1589 339 1638 morte
350 1582 455 1652 peccati
468 1581 499 1638 1
509 1581 585 1638 '16
598 1582 726 1654 gravisus
736 1589 787 1637 est.
801 1581 892 1636 Exau-
943 1578 1025 1632 etiam
1040 1593 1090 1633 nos
1101 1577 1238 1632 ministros
1253 1577 1304 1633 Dei
1314 1595 1364 1649 per
1373 1594 1454 1633 arma
1461 1578 1595 1648 justitiae,
1607 1576 1740 1632 babentes

87 1671 197 1739 divite,
215 1670 376 1726 dimittendo
389 1678 514 1740 peecata.
529 1669 723 1742 Adjueietiam
737 1673 764 1726 te
780 1668 928 1760 contar-B
941 1665 1076 1735 justitiam
1092 1664 1152 1722 loco
1166 1681 1305 1721 armorum
1320 1666 1459 1721 adeatris
1473 1670 1501 1721 et
1522 1683 1540 1721 n
1559 1665 1697 1731 sinistris,
1712 1663 1740 1719 id

88 1766 177 1814 tatum
193 1760 228 1814 ad
242 1759 313 1814 bona
328 1774 413 1829 opera
427 1759 551 1813 similiter
565 1758 593 1813 in
615 1766 737 1829 tempore
756 1765 869 1828 accepto
886 1772 892 1811 :
943 1762 993 1821 εει,
1010 1769 1027 1808 a
1040 1753 1180 1824 prosperis
1195 1760 1222 1809 et
1236 1754 1271 1808 ab
1287 1753 1421 1820 adversis,
1437 1753 1509 1825 quod
1524 1769 1575 1809 nec
1602 1751 1742 1824 prosperis

92 1846 126 1900 tn
141 1843 197 1909 die,
214 1842 241 1896 id
255 1843 339 1898 estin
353 1843 474 1898 claritate
489 1858 562 1898 verae
584 1842 749 1914 cognitionis
763 1841 891 1913 positum.
944 1843 1109 1898 seducamur
1119 1857 1171 1897 nec
1185 1858 1236 1912 per
1250 1841 1368 1898 adversa
1383 1841 1553 1911 dejiciamur.
1565 1839 1633 1909 Quae
1642 1840 1741 1897 amodo

91 1933 154 2002 llic,
173 1931 246 1997 dico,
263 1932 376 1998 salutis,
388 1932 450 2003 quia
472 1947 523 2002 per
534 1946 627 1986 veram
642 1930 828 2002 cognitionem
842 1931 895 1985 iter
944 1938 1103 2003 sequuntur,
1121 1938 1214 2001 partes
1231 1937 1293 1985 sunt
1308 1930 1398 1985 dextri
1413 1930 1457 1987 rel
1471 1929 1584 1985 sinistri.
1601 1931 1623 1984 Α
1638 1928 1741 1984 dextris

91 2027 136 2074 est
151 2019 186 2074 ad
214 2027 345 2074 aternam
375 2019 498 2074 salutem.
528 2020 586 2075 lloc
611 2019 711 2091 legitur
731 2019 758 2073 in
774 2018 892 2088 lsaiatc.
943 2018 1005 2075 dico
1020 2026 1050 2073 ut
1063 2035 1114 2092 per
1128 2019 1260 2089 gloriam,
1276 2018 1349 2089 quod
1364 2018 1389 2073 si
1402 2017 1485 2090 aliqui
1503 2015 1657 2090 glorificant
1677 2033 1738 2085 nos,

90 2123 192 2173 xuvur,
210 2123 237 2162 v.
255 2109 292 2176 8).
307 2107 387 2162 lllodo
397 2107 497 2162 Paulus
514 2107 622 2180 quando
642 2107 694 2163 hoe
722 2114 828 2178 tempus
843 2122 893 2163 ao·
943 2115 972 2160 ut
987 2107 1024 2161 ibi
1048 2106 1159 2178 quando
1187 2107 1329 2162 voluerunt
1342 2107 1368 2162 ei
1396 2104 1533 2162 aedrhoara
1557 2121 1630 2171 aras,
1647 2105 1674 2160 in
1688 2106 1740 2162 hec

93 2203 206 2267 ceptum
234 2194 444 2268 intelligendum
469 2195 513 2262 sit,
543 2195 667 2266 exponit,
686 2195 724 2251 sic
739 2212 746 2250 ε
762 2196 836 2250 Deus
858 2195 894 2251 ait
943 2195 1028 2266 gloria
1045 2195 1222 2250 exhibeamus
1241 2210 1292 2250 nos
1320 2201 1448 2266 tanquam
1475 2193 1524 2250 Dei
1552 2193 1740 2250 ministrosh

89 2292 215 2355 tempore
232 2292 356 2354 accepto,
377 2292 403 2338 et
419 2299 481 2341 ecce
496 2282 592 2339 iratres
607 2300 696 2350 nunc,
707 2283 733 2338 iu
744 2291 795 2351 est,
807 2299 823 2338 a
833 2299 894 2355 pas·
943 2282 1061 2338 sinistris
1075 2283 1144 2338 sieut
1159 2299 1210 2356 per
1225 2282 1444 2353 ignobilitatem,
1463 2290 1492 2336 ut
1506 2282 1617 2355 quaudo
1642 2282 1737 2338 detra-

93 2373 173 2428 sioue
189 2371 299 2440 Christi,
315 2371 344 2426 in
360 2379 501 2442 posterum
526 2378 568 2427 est
590 2372 657 2426 illud
680 2376 791 2444 tempus
811 2388 893 2429 acce·
943 2371 1009 2426 hunt
1032 2371 1121 2437 nobis,
1146 2371 1269 2427 dieentes
1297 2385 1348 2425 nos
1373 2369 1441 2426 salsa
1468 2370 1738 2442 praedicaremus

90 2463 218 2535 piabile:
230 2468 257 2515 et
267 2476 329 2517 ecee
340 2476 417 2517 nune
428 2465 470 2517 est
480 2459 524 2516 illa
535 2460 594 2517 dies
604 2462 719 2527 salutis,
735 2462 763 2516 in
774 2478 826 2534 qua
835 2463 893 2517 Deo
942 2458 1112 2531 ignobilitate
1131 2459 1309 2514 exhibeamus
1320 2474 1369 2514 uos
1379 2459 1449 2514 sicut
1458 2459 1508 2513 Dei
1518 2457 1666 2514 ministros.
1682 2461 1738 2516 lte-

90 2557 235 2621 aeceptum
250 2558 291 2604 est
305 2548 435 2605 exaudire
452 2557 478 2604 et
493 2549 633 2618 adjuvare.
650 2550 684 2605 Et
697 2550 761 2605 ideo
776 2551 817 2607 sie
843 2566 893 2606 ex·
943 2563 1001 2602 rum
1010 2563 1061 2620 per
1075 2548 1227 2618 infamium
1238 2563 1299 2618 quea
1314 2562 1378 2618 pars
1395 2546 1512 2602 sinistrae
1523 2553 1574 2613 est,
1585 2555 1615 2602 ιιι
1629 2547 1738 2619 quaudo

91 2640 237 2695 hortamur
251 2654 301 2695 vos
318 2655 324 2692 :
341 2653 391 2693 nos
405 2639 517 2694 nemini
526 2639 627 2695 dantes
645 2639 736 2694 ullum
764 2639 894 2710 offensio·
943 2635 1084 2691 dicebatur
1098 2635 1142 2690 ei:
1159 2636 1298 2701 «Insania,
1315 2634 1397 2691 Paule
1412 2635 1484 2705 (tat.
1500 2648 1582 2700 xxvi,
1598 2635 1654 2705 il).
1673 2657 1684 2685 ι
1700 2636 1737 2693 ut

92 2743 171 2794 nera,
188 2726 278 2793 idest,
293 2725 391 2782 sicnos
401 2726 533 2782 habentes
542 2726 662 2782 moribus
671 2727 755 2782 verbo
767 2726 893 2782 ethalxitu
943 2724 1039 2779 iterum
1052 2739 1104 2795 per
1118 2724 1220 2780 bonum
1233 2727 1342 2795 famam
1358 2744 1367 2779 :
1382 2729 1411 2779 ιιι
1425 2722 1535 2795 quando
1548 2723 1583 2777 ab
1593 2723 1654 2778 aliis
1667 2739 1738 2795 pra-

91 2824 120 2871 ιιι
142 2814 209 2870 nulli
227 2830 393 2886 generemus
408 2813 597 2882 offensionem,
628 2814 656 2869 in
678 2814 769 2887 aliquo
783 2815 892 2870 borum.
943 2812 1043 2868 dicatio
1058 2812 1116 2881 ejus
1132 2812 1320 2880 extollebatur,
1337 2828 1386 2884 per
1396 2813 1455 2868 lxaec
1479 2819 1592 2883 utraque
1608 2811 1738 2867 exhibea-

90 2900 159 2956 ldeo
188 2915 243 2955 uon
271 2899 368 2954 dautes
384 2898 578 2969 offensionem,
596 2903 700 2956 utnon
715 2901 894 2972 vituperetur
942 2916 1004 2956 mus
1027 2916 1079 2956 uos
1102 2900 1172 2957 sieut
1195 2901 1246 2956 Dei
1273 2900 1423 2957 ministros.
1448 2901 1506 2956 Nos
1527 2901 1626 2957 iterum
1653 2899 1738 2956 habiti

91 2989 291 3044 ministerium
310 2992 450 3055 nostrum,
470 2987 497 3043 id
516 2995 558 3043 est
573 3004 608 3043 nc
622 2988 788 3060 apostolatus
798 2995 893 3043 noster
943 2993 976 3045 ut
991 2989 1161 3059 seductores,
1179 2996 1206 3043 et
1232 2990 1267 3044 ab
1281 2988 1341 3045 aliis
1355 2988 1440 3045 habiti
1454 2993 1488 3046 ut
1516 3005 1637 3056 veraces,
1658 2989 1738 3045 exhi-

90 3076 280 3148 vituperabilis
291 3076 336 3143 sit,
350 3078 423 3148 quod
437 3077 529 3148 utique
542 3085 624 3143 esset,
634 3077 657 3132 si
677 3077 750 3148 quod
759 3077 829 3133 bene
839 3053 927 3133 do·c
942 3077 1054 3133 beamus
1068 3093 1119 3133 uos
1130 3077 1199 3134 sicut
1213 3078 1264 3133 Dei
1278 3077 1427 3144 ministros,
1442 3078 1500 3134 Nos
1514 3078 1610 3134 iterum
1624 3077 1734 3135 ΓΠ

90 3163 892 3235 ce0,iumeipsonouostenderem.Nullamdamusoffen·
941 3165 1036 3235 babiti,
1067 3169 1142 3222 sicut
1173 3167 1221 3239 qui
1251 3167 1342 3237 ignoti
1376 3167 1436 3223 sint
1457 3167 1526 3234 Deo,
1546 3167 1737 3223 etseouudum

90 3254 279 3319 sionem;sed
295 3253 455 3310 exhibemus
464 3270 514 3310 uos
530 3254 669 3310 ministros
685 3254 756 3320 Dei,
780 3262 807 3309 ει
821 3261 849 3308 ut
864 3253 892 3308 in
941 3255 1012 3310 alios
1049 3253 1134 3309 habiti
1174 3262 1304 3326 tauquam
1332 3256 1392 3310 Deo
1418 3257 1535 3328 cogniti,
1557 3256 1584 3310 iu
1621 3264 1737 3329 utroque

91 3359 125 3399 eo
135 3357 345 3414 permaneamus
360 3344 434 3397 Deus
447 3343 499 3399 boc
508 3343 647 3409 concedat,
664 3349 693 3397 ut
715 3342 892 3397 exhibeamus
942 3342 1119 3399 exhibeamus
1140 3357 1191 3397 nos
1216 3342 1286 3398 sicut
1312 3343 1363 3398 Dei
1390 3343 1540 3400 ministros.
1568 3344 1626 3400 Nos
1640 3345 1738 3400 iterum

94 3431 282 3503 nosmetipsos
303 3431 331 3485 in
354 3431 481 3486 omnibus
501 3447 561 3503 quae
578 3431 715 3503 loquimur
733 3430 891 3504 elegimus,
941 3431 1026 3486 habiti
1053 3433 1128 3488 sicut
1144 3430 1308 3497 morientes,
1325 3431 1353 3487 id
1368 3432 1452 3488 estin
1467 3432 1618 3490 criminalia
1634 3434 1737 3490 cadeu-

89 3523 177 3587 suut,
195 3519 285 3586 idest,
301 3535 368 3575 vere
382 3520 533 3576 ministros
548 3521 607 3588 liei,
621 3527 650 3574 ut
665 3519 712 3574 ubi
722 3519 800 3591 quasi
811 3518 892 3574 modo
942 3529 983 3576 tes
999 3519 1148 3576 secuudum
1169 3519 1313 3591 quosdam,
1329 3525 1358 3577 et
1383 3537 1445 3577 ecce
1460 3521 1610 3576 secuudum
1625 3522 1694 3577 alios
1708 3522 1737 3577 in

90 3608 187 3681 geniti,
203 3608 308 3664 seilicet
323 3611 354 3664 in
369 3609 512 3681 patientta
526 3610 629 3676 multa,
642 3608 669 3663 id
685 3614 737 3674 est,
760 3607 892 3679 multipli-
939 3608 1041 3677 justitia
1055 3610 1175 3665 uiuimus
1190 3629 1199 3664 :
1214 3608 1242 3663 iu
1266 3617 1381 3681 utroque
1404 3609 1581 3666 exhibeamus
1594 3625 1645 3666 nos
1669 3610 1737 3668 sicut

89 3698 158 3755 citer
172 3697 300 3767 patiendo
329 3712 446 3768 corpore
472 3705 498 3752 et
522 3697 614 3754 auimo
643 3695 822 3752 exhibeamus
841 3712 893 3752 uos
942 3697 992 3753 Dei
1012 3697 1160 3753 ministros.
1176 3698 1234 3754 Nos
1250 3698 1347 3754 iterum
1372 3698 1457 3755 habiti
1472 3702 1505 3754 ut
1520 3700 1667 3770 castigati,
1689 3715 1737 3756 se-

90 3786 142 3840 Dei
157 3784 309 3842 ministros.
330 3785 428 3840 Subdit
441 3793 531 3857 partes
545 3785 681 3857 patientia)
694 3801 700 3839 :
713 3785 741 3840 iu
751 3785 892 3857 multapa-
942 3786 1061 3842 cundum
1076 3786 1223 3859 quosdam,
1240 3787 1286 3859 qui
1300 3795 1361 3859 post
1375 3787 1447 3843 illata
1468 3787 1547 3843 uobis
1563 3788 1679 3845 verbera
1693 3788 1737 3845 di·

92 3874 189 3930 tieutia
203 3873 276 3944 dico,
288 3874 381 3930 habita
396 3876 429 3929 in
440 3873 681 3940 tribulationibus,
692 3881 721 3929 ut
731 3889 892 3947 quocunque
943 3883 1036 3931 cereut
1052 3890 1059 3930 ι
1075 3876 1146 3931 Εεεε
1162 3890 1216 3930 non
1236 3875 1353 3946 amplius
1367 3876 1506 3932 audebunt
1527 3877 1625 3948 loqui:
1641 3887 1669 3933 et
1690 3894 1738 3934 se-

90 3963 175 4019 modo
190 3978 291 4033 corpus
306 3970 430 4018 nostrum
445 3962 597 4029 tribuletur,
612 3962 800 4035 aequanimiter
822 3962 892 4019 tole·
942 3963 1060 4020 eundum
1073 3962 1142 4019 alios
1170 3963 1256 4019 habiti
1283 3980 1339 4019 nou
1367 3965 1493 4038 castigati
1516 3965 1562 4038 qui
1590 3965 1736 4024 dicerent:

90 4067 193 4107 remus.
209 4051 306 4106 Habita
316 4051 397 4106 etiam
412 4050 541 4122 patientia
556 4052 588 4106 in
614 4052 842 4117 necessitatibus,
858 4067 892 4107 ue
941 4053 1088 4124 Nunquam
1117 4061 1261 4123 propterea
1286 4053 1439 4109 reticebant
1460 4053 1510 4109 Dei
1537 4055 1663 4124 verbum,
1679 4072 1739 4128 quae

91 4139 186 4211 aliqua
201 4138 352 4212 indigentia
365 4137 534 4195 deficiamus.
544 4138 642 4194 Habita
652 4139 749 4194 iterum
763 4139 894 4209 patientia
943 4140 1084 4211 castigatio
1098 4148 1171 4196 esset
1180 4138 1351 4197 mortificatio
1369 4159 1376 4198 ι
1393 4149 1419 4197 ει
1429 4141 1491 4198 ideo
1502 4141 1539 4197 ait
1550 4144 1737 4213 mortificati:

91 4229 125 4283 in
140 4228 282 4297 anqustiis
292 4229 393 4292 animi,
406 4233 434 4282 et
447 4228 479 4283 in
493 4228 586 4299 plnpis
601 4226 736 4297 corporis,
749 4227 816 4282 etin
827 4243 892 4284 cnr·
942 4227 971 4282 in
991 4236 1106 4301 utroque
1121 4228 1299 4284 exhibeamus
1306 4244 1357 4286 nos
1372 4230 1440 4285 sieut
1455 4228 1505 4285 Dei
1520 4230 1670 4286 ministros.
1681 4232 1739 4288 Nos

90 4314 357 4371 ceribusl'atientia
371 4314 451 4369 etiam
467 4314 495 4368 in
511 4314 690 4369 seditionibus
706 4330 774 4386 quas
791 4314 893 4370 adver·
944 4316 1042 4372 iterum
1069 4316 1152 4370 habiti
1172 4318 1253 4388 quasi
1282 4319 1381 4374 tristes
1417 4318 1567 4374 secundum
1593 4319 1737 4390 quosdam,

91 4418 156 4458 sum
170 4418 221 4458 nos
235 4402 373 4459 concitant
387 4401 521 4458 infideles.
539 4402 671 4458 Patientia
689 4402 788 4458 iterum
803 4403 929 4470 habital)
944 4404 1017 4477 quod
1046 4404 1238 4462 contristemur
1266 4406 1390 4462 adversis
1421 4421 1537 4478 corpore
1571 4407 1616 4464 vel
1643 4408 1740 4480 spiritu

89 4492 122 4547 in
140 4492 280 4547 laboribus
296 4511 305 4547 .·
321 4491 446 4546 manibus
461 4491 536 4570 euim
553 4491 654 4547 uostris
675 4490 842 4558 laboramus,
859 4508 894 4548 ue
942 4493 1027 4548 habiti
1043 4502 1133 4550 autem
1162 4493 1312 4550 secundum
1344 4494 1413 4549 alios
1450 4511 1561 4567 semper
1585 4497 1739 4569 gaudentes

91 4579 213 4651 aliquem
241 4594 390 4652 gravemus
404 4579 430 4650 (l
446 4581 538 4637 Thess.
550 4595 579 4649 u,
596 4579 634 4651 t).
652 4579 783 4635 Patientia
802 4579 894 4635 habita
943 4597 1060 4653 corpore
1075 4590 1101 4638 et
1116 4581 1214 4653 spiritu
1230 4597 1236 4637 :
1254 4582 1414 4654 inutraque
1440 4583 1619 4640 exhibeamus
1633 4601 1684 4641 nos
1700 4585 1740 4640 si·

91 4666 177 4722 etiam
199 4668 231 4722 in
261 4668 379 4738 uigiliis,
408 4667 568 4739 plerumque
588 4667 660 4723 enim
689 4684 751 4723 eum
779 4668 894 4741 vigilare
942 4678 989 4728 cut
1011 4670 1061 4726 Dei
1077 4670 1227 4726 ministros.
1246 4672 1304 4727 Nos
1326 4671 1408 4726 etiam
1431 4673 1582 4728 secuudum
1604 4674 1739 4745 quosdam

92 4755 214 4825 oportuit
233 4755 416 4825 disputantem
431 4756 465 4810 de
479 4753 542 4811 side.
558 4755 657 4811 Habita
671 4755 751 4811 etiam
765 4756 893 4827 patientia
942 4759 1027 4814 habiti
1063 4764 1185 4830 egentes,
1206 4759 1249 4815 vel
1279 4761 1416 4831 corporali
1431 4761 1502 4816 bono
1526 4761 1570 4816 vel
1605 4761 1741 4832 spirituali

92 4845 126 4898 in
141 4843 265 4914 jejuniis
280 4862 289 4898 .·
305 4843 367 4915 quia
383 4843 521 4898 multoties
549 4860 611 4899 eum
623 4843 746 4912 jejunare
766 4844 891 4915 oportuit,
943 4848 1093 4904 secundum
1108 4848 1177 4904 alios
1192 4856 1281 4904 autem
1314 4848 1400 4904 habiti
1433 4849 1511 4922 quasi
1533 4851 1739 4922 locupletantes

93 4931 178 4986 modo
188 4930 341 4998 coactione,
358 4932 441 4987 modo
457 4931 619 5004 indigentia,
648 4932 730 4988 modo
745 4933 892 4989 voluntate.
942 4938 1047 4994 multos
1062 4937 1090 4991 iu
1106 4936 1292 5008 spiritualibus
1305 4937 1385 4993 bouis
1403 4953 1409 4991 :
1426 4937 1581 5009 inutraque
1606 4939 1737 4995 exhibea·

94 5019 162 5075 llaec
175 5018 266 5074 omnia
280 5019 423 5090 praemissa
437 5027 529 5089 partes
554 5027 618 5075 suut
635 5020 782 5092 patieutiae,
795 5030 894 5078 catera
944 5042 1005 5080 mus
1024 5041 1074 5080 uos
1090 5025 1159 5081 sicut
1177 5026 1228 5081 Dei
1243 5025 1390 5082 ministros.
1407 5027 1465 5082 Nos
1479 5027 1579 5083 iterum
1594 5027 1739 5084 existimati

93 5121 251 5179 coaequaeva
265 5115 327 5162 sunt
341 5107 388 5162 illi.
405 5108 589 5164 Exhibeamus
603 5125 654 5164 uos
676 5108 743 5166 sicut
767 5110 818 5165 Dei
840 5110 893 5165 mi·
945 5118 1082 5186 tanquam
1097 5113 1173 5170 nihil
1187 5114 1295 5185 penitus
1321 5114 1453 5172 habentes
1477 5115 1542 5171 boni
1571 5116 1737 5188 temporalis,

92 5195 197 5251 nistros
213 5196 244 5251 in
258 5197 403 5262 castitate,
420 5197 492 5268 quod
507 5197 573 5252 casti
584 5198 670 5253 simus
685 5198 775 5253 animo
790 5207 816 5254 ει
829 5214 894 5254 cor·
944 5217 991 5257 seu
1002 5201 1312 5273 spiritualissecundum
1323 5203 1454 5275 quosdam
1467 5213 1513 5260 :et
1526 5204 1675 5261 secuudum
1686 5203 1740 5258 ali-

93 5299 173 5355 pore.
189 5283 374 5339 Exhibeamus
388 5300 438 5340 nos
453 5285 535 5340 etiam
545 5285 684 5341 ministros
693 5287 753 5355 Dei,
766 5289 796 5343 in
807 5288 895 5344 scien·
944 5306 976 5346 os
985 5289 1127 5346 existimati
1136 5298 1265 5364 tauquam
1275 5293 1381 5358 arania,
1395 5291 1423 5347 id
1438 5301 1478 5349 est
1491 5295 1578 5348 Deum
1587 5293 1739 5365 posseden-

94 5372 148 5439 tia,
171 5379 201 5426 ut
220 5370 388 5428 sufficienter
402 5372 436 5428 de
451 5373 576 5429 omuibus
592 5374 664 5430 docti
679 5374 773 5429 simus.
790 5375 849 5441 Vel,
866 5382 896 5430 ut
946 5383 987 5435 tes
998 5379 1168 5451 :inutraque
1189 5380 1365 5436 exhibeamus
1377 5396 1427 5436 nos
1438 5380 1507 5438 sieut
1521 5380 1572 5436 Dei
1589 5379 1738 5436 ministros.

91 5459 245 5517 εεειιιειειιι
264 5468 290 5518 ει
313 5460 456 5518 seientiam
477 5479 561 5518 uuum
580 5463 732 5520 membrum
747 5463 891 5523 dieamus:
945 5468 979 5526 Ut
987 5468 1221 5544 pseudodoctores
1244 5469 1272 5525 iu
1296 5478 1445 5550 conspectu
1460 5478 1550 5533 vestro
1563 5468 1713 5546 deprimam
1732 5485 1739 5532 ι
