3750 5984
83 247 151 301 rosa
757 242 850 300 vua.
873 270 908 284 -
927 208 991 298 us.
1012 241 1044 296 v.
1658 242 1727 299 rosc

80 369 171 440 doque
184 369 284 441 sepius
297 368 326 423 in
340 369 385 424 die
399 367 572 425 consessione
592 355 715 438 repetita,
731 365 884 422 levissimos
898 361 1731 438 Avossaepeadirasprovocaverim,evidenteriuvenio,quid

79 456 272 527 cogitationum
287 465 377 512 motus
387 473 419 511 ac
429 455 576 512 verborum
592 469 730 523 excessus,
743 452 886 525 siquando
934 461 1025 508 tamen
1039 451 1296 523 indcpoeuitendum
1306 450 1426 518 sitmihi,
1437 466 1493 506 uon
1502 452 1652 523 perpendo.
1665 452 1730 521 Sed,

79 544 200 598 anxianti
212 545 337 600 eveniret
354 544 570 599 ministrantibus
594 542 742 616 indignari,
766 557 886 614 purgare
934 541 999 612 quia
1013 540 1112 611 saepius
1127 548 1154 596 el
1162 539 1305 594 instantius
1313 540 1365 595 hoc
1375 539 1526 610 ipsumnon
1536 540 1649 613 egerim,
1665 539 1734 596 milri

79 630 221 686 festinans.
234 631 357 688 Orationi
365 647 444 687 mens
455 631 515 700 ejus
526 646 636 702 semper
650 629 817 686 intendebat.
834 628 884 685 111-
934 627 1081 684 dolendum
1089 628 1156 684 scio.
1165 627 1220 683 Sed
1227 626 1478 693 crebriussolito,si
1485 627 1585 682 diutius
1591 628 1732 685 vobiscum

80 718 172 774 vinum
187 718 306 776 officium
319 727 436 792 utroque
449 726 581 790 tempore,
606 718 693 774 noctis
714 717 840 773 videlicet
854 723 880 772 et
934 717 989 773 vita
1002 714 1128 773 ducenda
1137 723 1262 786 restaret,
1273 715 1302 771 id
1312 715 1401 786 ipsum
1410 731 1454 772 me
1465 713 1599 772 lactumm
1608 716 1660 771 sub
1671 730 1735 774 ocu·

80 806 144 873 diei,
161 807 283 863 studiose
298 807 409 863 curabat
431 807 507 862 horis
531 806 637 862 statutis
658 805 809 871 exsolvere,
834 820 885 862 nec
931 804 967 860 lis
977 803 1249 876 cunctainspicientis
1257 802 1610 876 Deilirmissimepropouo.
1621 802 1734 862 Memini

78 894 159 949 boras
175 902 285 966 propter
298 895 485 951 accessionem
500 893 698 950 aestuslebrilis
712 901 757 949 aut
771 899 884 965 preter·
932 907 1051 965 namque
1066 892 1139 964 quia,
1155 900 1184 947 ut
1199 891 1276 948 vobis
1298 892 1493 962 morigerarer,
1517 907 1550 948 ea
1572 909 1633 965 que
1656 892 1734 951 vobis

79 981 120 1036 ire
140 982 302 1053 patiebatur,
334 990 380 1037 aut
402 982 565 1053 prevenire.
602 980 740 1037 Psallebat
769 988 796 1036 et
813 980 883 1051 ipse,
933 988 1024 1037 tacere
1038 996 1093 1036 non
1103 979 1269 1046 debuissem,
1281 979 1523 1052 quequeauobis,
1534 996 1558 1036 st
1567 979 1732 1052 dicerentur,

80 1083 143 1124 curn
157 1071 229 1125 vires
244 1070 434 1141 suppetebant,
451 1085 514 1127 cum
524 1069 715 1142 psallentibus.
730 1068 885 1142 Negleotim
934 1067 1122 1141 equanimiter
1135 1082 1191 1125 nou
1206 1066 1375 1135 audirentur,
1391 1083 1436 1125 me
1449 1083 1637 1140 sepenumero
1651 1059 1734 1141 igna-

78 1173 126 1213 seu
141 1165 322 1229 properanter
331 1158 456 1230 legentes
462 1165 508 1213 aut
529 1157 677 1230 psallentes
691 1156 805 1214 terribili
820 1171 884 1213 mox
934 1157 1003 1212 viter
1016 1156 1216 1229 suppressisse,
1232 1156 1328 1228 sicque
1343 1171 1404 1212 mea
1419 1155 1498 1227 culpa
1510 1164 1631 1213 vestram
1643 1157 1735 1230 potius

79 1260 146 1302 voce
160 1253 207 1302 aut
221 1246 310 1302 souitu
325 1245 485 1318 castigabat.
500 1246 647 1318 Utriusque
670 1245 711 1301 rei
734 1260 842 1301 summa
855 1244 882 1301 ei
933 1259 1015 1316 quam
1030 1243 1128 1311 Patris,
1145 1242 1191 1316 qui
1204 1243 1233 1299 in
1256 1242 1333 1301 coelis
1356 1250 1408 1314 est,
1432 1242 1565 1302 offensem
1587 1243 1733 1303 declinari.

80 1349 145 1390 cura
161 1341 215 1389 tota
229 1349 340 1405 semper
361 1350 421 1390 aevo
444 1333 611 1405 precedenti
625 1333 683 1399 luit,
705 1342 734 1389 ut
756 1332 884 1390 distincte
933 1332 974 1387 Ex
988 1346 1042 1405 qua
1056 1330 1155 1388 accidit
1169 1331 1243 1404 qnod
1263 1347 1318 1388 nou
1333 1332 1422 1388 solum
1434 1331 1463 1388 in
1483 1331 1570 1390 Deum
1593 1332 1678 1406 (unde
1692 1333 1735 1390 in·

79 1430 107 1478 et
120 1421 212 1478 debito
222 1429 346 1494 tempore
356 1421 479 1479 Creatori
491 1422 661 1493 persolveret
670 1421 767 1478 laudes
782 1420 883 1478 cousti-
932 1419 1098 1494 dulgentiam
1113 1418 1227 1492 supplex
1240 1419 1370 1492 inquiro),
1387 1419 1477 1476 sedin
1490 1428 1610 1478 vestram
1625 1436 1736 1496 quoque

78 1518 160 1566 tutas.
177 1509 398 1566 vicissitudinem
414 1509 495 1566 etiam
509 1510 599 1566 standi
622 1517 649 1566 et
671 1509 786 1567 sedendi
807 1509 882 1582 (355)
932 1507 1125 1580 paternitatem
1139 1515 1167 1565 et
1180 1507 1209 1564 iu
1230 1507 1373 1581 primatum
1395 1516 1527 1581 vestrum,
1550 1524 1603 1568 nec
1625 1508 1732 1579 lexiter,

77 1597 343 1670 interpellandum,
361 1598 481 1671 quandiu
495 1598 591 1665 valuit,
607 1606 634 1655 et
653 1597 769 1669 ipsemet
782 1597 883 1655 obser·
933 1611 985 1654 uec
998 1595 1192 1671 episcopaliter
1205 1595 1318 1670 deliqui.
1337 1617 1349 1649 s

80 1687 169 1753 rabat,
185 1693 213 1742 et
236 1685 352 1743 clericos
375 1701 440 1743 suos
462 1686 612 1743 observare
635 1685 826 1758 compellebat,
841 1692 918 1779 ¹¹13

79 1775 144 1830 dum
159 1790 230 1830 unus
244 1775 366 1831 sedendo
381 1773 494 1848 fatigata
516 1775 641 1830 membra
661 1774 796 1842 reliceret,
812 1773 882 1832 aliua
1234 1773 1348 1831 carot
1360 1772 1461 1832 xxtv.

80 1862 176 1917 stando
199 1862 348 1920 divinaret
371 1861 504 1935 anselicae
526 1863 678 1934 1151111111
700 1862 882 1920 1115311111
933 1872 1062 1965 ocurrer
1071 1897 1733 1969 moyseosoaroecsnconeaasaaesmaa

79 1951 230 2007 exhiberet.
247 1950 314 2007 Cum
328 1951 436 2023 magnis
450 1951 595 2008 interesset
614 1951 747 2008 nobilium
762 1967 882 2008 conven-
966 1967 1099 2038 sacrm
1104 1971 1313 2041 praeparatione
1319 1969 1555 2041 contrapenerole
1562 1970 1734 2053 colloquium
1747 1989 1756 2017 r

78 2039 149 2094 tibus
173 2047 221 2095 aut
242 2039 402 2096 decidendis
436 2053 583 2098 causarum
607 2038 711 2106 litibus,
735 2039 807 2096 sicut
822 2038 882 2095 aliis
966 2038 1068 2094 15151555
1081 2039 1114 2094 in
1129 2039 1205 2095 brevi
1217 2041 1343 2109 saturon
1357 2039 1500 2108 iniunxit,
1517 2043 1546 2095 ct
1560 2041 1685 2112 qualiter
1698 2055 1733 2099 55

77 2127 163 2183 moris
190 2114 232 2184 est
254 2127 291 2183 ad
313 2127 469 2183 formandas
500 2127 716 2184 interlocutorias
745 2127 882 2185 interdum
967 2109 1732 2235 181111311135111111111111118111θῐΐθ111111011611111111·

79 2215 218 2281 secedere,
235 2215 283 2281 ita,
305 2230 366 2272 oum
390 2216 533 2289 exigerent
556 2223 694 2272 momenta
718 2214 797 2285 lucis,
822 2215 882 2288 ipse
967 2179 1733 2320 :mevn‘sslsszeffl‘ffi’fflffiffss‘mmm*

79 2302 266 2358 divertebatur
278 2302 314 2358 ad
328 2303 468 2359 canendas
482 2304 565 2359 boras
584 2310 739 2360 consuetas.
755 2304 787 2359 ln
800 2302 881 2361 dedi·
1439 2266 1454 2307 0
1486 2267 1527 2306 m'

80 2390 233 2446 sationibus
248 2391 436 2462 ecclesiamm,
459 2400 486 2447 et
503 2391 531 2446 iu
554 2391 784 2449 celebrationibus
805 2392 881 2448 ordi·
966 2390 1144 2448 Postmodum
1158 2389 1317 2446 imminente
1331 2389 1385 2446 sibi
1395 2390 1453 2460 jam
1467 2396 1530 2463 post
1544 2390 1604 2448 dies
1619 2390 1734 2465 quinde-

77 2495 141 2533 num
156 2494 216 2535 mos
231 2479 257 2534 ei
273 2495 328 2535 non
343 2479 485 2535 dissimilis
500 2479 599 2536 luerat.
932 2477 985 2535 cim
1007 2479 1084 2550 (353)
1108 2479 1176 2535 lucis
1204 2478 1286 2548 hujus
1309 2478 1355 2535 die
1383 2495 1520 2551 suprema,
1544 2477 1676 2536 Gauirido
1698 2478 1735 2538 ds

115 2567 195 2623 Venit
207 2576 298 2622 autem
314 2583 363 2623 rex
380 2568 455 2636 (351)
488 2568 608 2624 invisere
630 2575 821 2641 egrotantem,
837 2568 882 2625 cui
931 2567 1038 2634 voires,
1054 2566 1152 2623 nobilis
1166 2565 1276 2623 fabricae
1299 2567 1481 2623 constructori
1505 2568 1597 2640 (quam
1622 2566 1736 2639 coepits

78 2655 123 2710 ille
143 2672 193 2711 nec
208 2655 316 2713 modice
331 2655 405 2711 visus
420 2663 462 2711 est
472 2656 582 2727 quidem
592 2671 739 2730 assurgere
753 2655 796 2713 vei
809 2657 880 2713 assi·
931 2653 1152 2711 fundamentisin
1162 2655 1319 2711 renovanda
1329 2654 1511 2711 lincolniensi
1539 2655 1657 2712 ecclesia
1672 2655 1730 2712 eri·

78 2744 155 2811 dere,
170 2760 230 2800 cum
246 2744 364 2800 necdum
375 2743 448 2799 vires
459 2744 484 2799 ei
493 2744 622 2801 deessent
637 2745 727 2801 adbuc
738 2744 773 2800 ad
786 2745 882 2804 aeden.
931 2758 998 2816 gere
1012 2741 1135 2814 lingonis
1150 2741 1296 2816 magnifica
1317 2757 1386 2816 erga
1409 2742 1537 2800 decorem
1561 2741 1660 2799 domus
1681 2742 1733 2800 Dei

76 2833 142 2887 dum
157 2833 283 2889 instrato
299 2846 357 2898 suo,
377 2831 442 2888 dum
465 2831 593 2888 alimenta
616 2833 797 2904 percipiebat.
823 2833 881 2890 Rex
930 2829 1052 2902 dilectio)
1066 2830 1132 2886 talia
1147 2829 1236 2886 eidem
1260 2838 1302 2886 est
1323 2830 1428 2887 locutus
1445 2848 1452 2885 ι
1470 2852 1482 2882 ι
1499 2829 1571 2899 Quia
1593 2830 1733 2889 dominum

77 2921 102 2976 ci
124 2920 385 2991 compatientissime
427 2920 598 2991 loquebatur,
629 2936 769 2991 exponens
796 2921 821 2977 ei
850 2936 881 2978 se
931 2934 1025 2991 regem
1038 2935 1100 2974 cum
1115 2918 1262 2990 episcopis,
1288 2918 1426 2991 totiusque
1440 2919 1518 2992 regni
1533 2919 1614 2988 hujus
1626 2918 1732 2992 primo·

76 3008 167 3080 ipsum
181 3016 208 3064 et
220 3023 270 3064 sua
283 3007 319 3064 ad
334 3007 535 3079 beneplacitum
558 3008 645 3079 ipsius
662 3008 878 3080 exsequendum.
930 3007 1017 3076 ribus,
1033 3006 1200 3063 lincolniam
1209 3006 1237 3061 iu
1245 3006 1370 3077 proximo
1379 3006 1414 3062 ad
1424 3005 1553 3079 generale
1567 3006 1734 3079 colloquium
1757 3001 1760 3007 ’

75 3097 126 3151 1115
140 3104 241 3163 autem,
268 3095 386 3153 exclusis
410 3096 536 3152 omnibus
559 3095 626 3165 suis,
653 3103 715 3152 aule
742 3068 915 3165 jacentem(¹
930 3094 1006 3165 (351)
1021 3101 1204 3151 conventuros
1219 3092 1387 3166 accepimus,
1407 3093 1540 3163 accelera,
1557 3102 1583 3151 et
1596 3109 1660 3151 cura
1676 3094 1733 3151 sin·
1791 3097 1796 3102 '

77 3184 178 3239 diutius
192 3185 316 3251 sedente,
331 3191 358 3240 et
373 3183 480 3239 blandis
499 3183 672 3240 sermonibus
686 3184 768 3239 multa
782 3199 880 3256 prose·
930 3182 1006 3255 gula,
1029 3198 1199 3255 quecunque
1225 3182 1379 3239 necessaria
1407 3189 1470 3238 suut
1496 3183 1532 3238 ad
1559 3182 1689 3241 decorem
1703 3188 1733 3240 et

76 3280 186 3345 quante,
202 3272 349 3344 episcopus
363 3271 419 3327 lere
443 3272 512 3329 nibil
534 3271 670 3328 referebat
689 3271 799 3329 auditis.
825 3272 880 3329 llea
930 3277 1056 3326 ornatum
1085 3270 1158 3327 circa
1192 3269 1278 3326 altare
1310 3269 1413 3326 domiui
1443 3284 1476 3327 ac
1489 3271 1598 3344 patroni
1624 3271 1678 3328 mai
1698 3270 1729 3328 S.

73 3361 184 3417 tandem
198 3375 262 3415 suas
276 3367 303 3416 et
316 3361 471 3417 testamenti
487 3360 530 3416 sui
544 3369 718 3417 exsecutores
741 3376 803 3417 curn
824 3367 880 3416 tola
929 3358 1042 3414 loannis
1055 3358 1189 3430 baptiste,
1203 3357 1346 3431 perficere,
1356 3359 1430 3432 quod
1451 3358 1534 3416 etiam
1555 3375 1606 3433 per
1620 3358 1732 3418 fratrem

74 3448 177 3520 pariter
190 3447 374 3504 lincolniensi
388 3448 513 3504 Ecclesia
527 3448 691 3519 protectioni
714 3448 789 3521 regis
804 3464 879 3505 com-
928 3455 1050 3503 nostrum
1065 3444 1221 3503 lloffensem
1248 3446 1407 3518 episcopum
1435 3447 1520 3520 (355),
1551 3463 1614 3505 cum
1628 3463 1661 3505 5ο
1675 3463 1732 3506 uos

74 3537 219 3602 mandans,
235 3536 294 3608 ipse
308 3536 444 3593 valefecit.
461 3536 658 3608 Desperaverat
677 3537 735 3606 iarn
757 3535 879 3607 prolecto
929 3548 991 3591 cum
1006 3534 1112 3591 caeteris
1126 3534 1268 3591 advenerit
1282 3535 1429 3607 episcopia,
1454 3535 1581 3592 volumus
1595 3535 1728 3594 dedicari.

75 3625 110 3680 de
125 3625 246 3680 maneria
259 3625 355 3696 ipsius,
371 3624 551 3696 quamobrem
564 3640 651 3696 pauca
666 3625 691 3681 ei
706 3624 878 3698 loquebatur.
928 3622 998 3679 Nam
1014 3631 1040 3678 et
1053 3637 1104 3679 uos
1118 3623 1172 3694 ipsi
1192 3621 1344 3678 denuntiati
1367 3630 1490 3695 tempore
1519 3622 1647 3696 colloquii
1675 3623 1731 3682 illic

76 3728 111 3769 na
124 3713 251 3784 perderet
264 3712 394 3785 pulchros
411 3728 555 3770 sermones
569 3728 643 3769 suos.
927 3718 1077 3782 presentes
1101 3710 1204 3767 emmus
1237 3711 1322 3782 (355).
1353 3710 1522 3782 Optabamus
1544 3727 1611 3768 sane
1634 3719 1730 3770 nostro

111 3801 333 3872 Metropolitanus
346 3816 454 3875 quoque
468 3801 564 3873 ipsius,
587 3799 663 3872 (352)
673 3801 810 3871 jacentem
823 3799 878 3856 ali-
927 3796 994 3854 illud
1004 3797 1153 3855 ministerio
1163 3812 1338 3865 consecrare,
1354 3797 1414 3865 sed,
1433 3799 1497 3871 quia
1506 3799 1639 3856 Dominus
1649 3799 1730 3859 aliter

77 3888 184 3960 quoties
198 3889 323 3958 visitans,
339 3889 470 3963 quidquid
486 3888 658 3944 humanitatis
673 3896 699 3945 et
720 3888 878 3961 benignita·
927 3885 1071 3958 disposuit,
1087 3887 1222 3954 volumus,
1239 3886 1438 3959 utpriusquam
1445 3886 1510 3944 illuc
1524 3888 1728 3960 perveniamus,

75 3977 111 4032 tis
126 3985 209 4044 esset,
220 3977 247 4032 ei
259 3994 309 4049 pro
319 3977 423 4033 viribus
433 3993 464 4034 se
472 3977 652 4034 exhibiturum
662 3977 816 4049 pollicetur.
828 3975 878 4034 Cui
927 3974 1072 4031 occasione
1095 3975 1169 4031 omni
1191 3982 1306 4043 remota,
1339 3970 1556 4032 cousecratur.»
1581 3976 1646 4034 Haec
1670 3976 1729 4051 ipsa

77 4064 113 4120 ad
127 4073 296 4135 postremum
308 4065 478 4137 suggerenti,
495 4073 533 4134 ut,
554 4065 578 4121 si
600 4082 683 4138 quem
706 4064 775 4122 forte
789 4065 876 4122 verbo
927 4063 1008 4119 verbe
1024 4070 1051 4118 et
1063 4062 1124 4118 aliis
1139 4063 1301 4136 quibusdam
1325 4062 1442 4135 repetiit,
1467 4065 1536 4120 daus
1550 4064 1578 4120 in
1592 4064 1729 4122 mandatis

75 4161 120 4207 aut
134 4152 205 4209 lacto
219 4152 308 4209 minus
318 4154 393 4223 justo
407 4153 542 4209 irritasset
560 4152 604 4209 vel
628 4152 752 4220 lesisset,
769 4153 876 4210 veniam
926 4150 1106 4207 servientibus
1120 4151 1177 4207 suis
1196 4151 1355 4223 cunctisque
1370 4150 1518 4222 majoribus
1531 4151 1729 4211 Ecclesiaesuaa

73 4240 107 4295 ab
122 4239 226 4296 offenso
240 4247 333 4312 petere
348 4241 527 4311 meminisset,
554 4256 587 4298 ac
601 4242 711 4298 demum
732 4239 876 4312 profitente
925 4237 1061 4309 personis,
1084 4245 1113 4294 ut
1134 4238 1178 4295 vel
1208 4238 1236 4293 iu
1262 4238 1389 4295 extremis
1424 4238 1575 4311 obsequiis,
1598 4247 1729 4314 quantam

76 4328 139 4400 quia
153 4344 218 4385 suos
234 4329 334 4400 sepius
348 4337 375 4386 et
389 4328 548 4402 frequenter
567 4329 673 4385 animos
696 4327 874 4386 acerbissime
925 4333 1050 4397 possent,
1066 4324 1202 4383 delerrent
1225 4322 1471 4397 honorificentiam,
1486 4342 1540 4384 nou
1555 4326 1644 4385 solum
1658 4329 1730 4404 regi,

73 4425 252 4489 provocasset
266 4417 324 4489 (qui
347 4425 437 4474 tamen
450 4426 529 4489 pater
551 4417 701 4490 spiritualis
724 4424 750 4474 et
772 4415 911 4488 primasn
926 4414 976 4470 sed
999 4421 1026 4471 et
1051 4413 1197 4488 episcopia,
1222 4413 1339 4487 aliisque
1353 4413 1450 4472 amicis
1480 4414 1537 4472 suis
1560 4416 1729 4476 lincolniam

73 4505 132 4574 ejus
146 4505 313 4575 baberetur),
328 4506 400 4561 unde
410 4506 501 4562 cordis
511 4506 663 4577 poenitudo,
678 4505 818 4577 veuiaeque
828 4521 877 4562 ne-
926 4502 1095 4560 adventuris.

73 4592 192 4649 cessaria
206 4592 343 4649 videratur
356 4593 513 4664 postulatio,
529 4594 566 4650 ita
580 4593 721 4665 respondit
737 4608 744 4648 :
763 4616 775 4642 x
791 4593 873 4660 Sane,
961 4591 1066 4664 Urgere
1080 4589 1183 4648 interea
1196 4606 1259 4648 eum
1272 4589 1388 4663 languor
1400 4591 1656 4650 vehementissimus
1666 4607 1727 4652 cse-

71 4682 135 4737 dum
151 4681 325 4738 conscientie
338 4690 437 4738 nostre
452 4682 545 4738 abdita
554 4682 667 4738 revolvo
681 4698 799 4754 quoque,
812 4681 875 4754 quia
924 4678 972 4750 pit,
989 4687 1016 4734 et
1029 4671 1176 4752 geminatis
1190 4678 1310 4751 quotidie
1329 4680 1501 4753 paroxysmis
1515 4681 1544 4736 in
1565 4679 1652 4738 solida
1666 4681 1726 4753 ejus

109 4858 181 4925 (555)
200 4859 338 4912 Secundum
358 4861 484 4924 antiquum
506 4860 599 4912 ordinis
617 4859 799 4912 cartbuslensis
811 4871 873 4912 con·
923 4868 976 4919 qua
987 4859 1122 4918 sequuntur
1132 4857 1275 4909 architecto.
1288 4858 1348 4910 ltem
1358 4859 1727 4924 ecbrmmoapltolvmmlt

81 4927 246 4988 suetudinem,
260 4939 314 4989 que
326 4927 402 4978 etlam
415 4939 479 4978 nunc
491 4927 634 4979 observatur
645 4928 670 4977 iu
682 4927 776 4979 ordine.
922 4922 1035 4974 Glraldus
1046 4924 1210 4983 cambrensis,
1236 4938 1293 4992 pag.
1304 4927 1364 4986 llll,
1380 4927 1444 4991 apud
1455 4927 1630 4991 Wbartooum,
1640 4928 1726 4991 portis

110 5009 181 5073 (obl)
204 5012 319 5070 (ΜΝ,
341 5013 372 5063 d,
389 5012 457 5073 cujus
480 5011 601 5074 Mamm,
621 5011 647 5062 id
670 5015 717 5074 ,π’
742 5011 767 5062 „5
791 5009 871 5074 sano„
922 4986 1049 5051 lapidibus
1061 4991 1253 5067 marmoreisque
1264 4992 1383 5044 55555515
1394 4993 1457 5044 miro
1468 4992 1574 5058 artificio
1585 4994 1725 5060 rcrxoosolt,

74 5077 181 5127 moribus
188 5082 214 5128 ct
224 5077 331 5140 ingenio,
345 5080 371 5128 S.
384 5080 454 5139 lingo
464 5078 586 5138 dubitare,
605 5080 654 5128 imo
675 5079 810 5142 desperare
822 5089 872 5128 ce-
923 5059 986 5120 ¹¹⁰·2
999 5056 1098 5120 1111111111
1110 5060 1251 5121 1111111111·

74 5144 119 5207 pit.
132 5144 249 5193 loannem
262 5147 343 5194 155155
361 5156 444 5205 regem
457 5143 563 5195 dualiter
580 5145 700 5196 salvatum
714 5144 834 5206 colligitur
845 5156 876 5194 ex
961 5140 1030 5205 (351)
1043 5140 1090 5202 Qui
1106 5141 1136 5192 ad
1160 5143 1273 5204 generale
1297 5143 1343 5193 555
1363 5140 1516 5194 lincolniam
1527 5143 1728 5198 5555515155115·

75 5211 178 5268 risione,
191 5221 263 5270 quam
273 5211 361 5262 recitat
371 5210 509 5274 llayualdus
520 5210 645 5262 1555551.
662 5211 691 5263 ad
701 5209 875 5274 5555551556,
925 5207 1017 5269 quium,
1030 5207 1152 5258 iudicatur
1169 5208 1233 5259 lnlra
1250 5220 1273 5259 5.
1285 5209 1331 5261 at.

76 5277 196 5328 111535·
960 5288 1727 5360 (3555551561155515151115551115,1555511515515

109 5359 181 5424 (351)
206 5359 329 5411 llubertus
350 5372 439 5425 nempe
458 5359 655 5425 archieplseopus
682 5359 875 5421 cantuariensis,
925 5361 982 5408 uota
998 5357 1070 5421 (atr)
1082 5357 1112 5408 ad
1123 5371 1146 5408 c.
1160 5358 1191 5406 17
1204 5357 1275 5420 bajus
1284 5358 1351 5410 llbrl.

74 5439 147 5503 quem
167 5426 266 5504 sepius,
284 5430 310 5478 et
328 5427 379 5487 515,
400 5431 425 5479 et
436 5425 504 5492 alibi,
517 5429 587 5490 llugo
598 5426 728 5493 corripuit,
742 5438 788 5477 nac
799 5425 878 5478 corri-
960 5438 1033 5506 (553)
1049 5442 1160 5494 prm
1180 5440 1269 5501 (ΜΠ),
1285 5454 1333 5493 non
1352 5454 1463 5508 gomor„
1475 5443 1518 5495 ,ω
1529 5444 1628 5511 ,ΝΜ
1640 5446 1690 5502 mo
1702 5447 1728 5501 ο,

74 5505 178 5557 11111111
188 5493 275 5543 11111111·
928 5519 1040 5572 corpore,
1052 5519 1148 5560 summo
1160 5519 1215 5559 cum
1227 5508 1321 5562 bonore
1332 5510 1463 5575 sepulture
1474 5511 1591 5564 traditus.

111 5574 182 5643 (755)
195 5576 266 5628 Circa
278 5575 367 5630 letum
378 5576 452 5640 tritor
463 5577 578 5632 Omnium
589 5579 736 5633 sanctorum
745 5575 877 5639 mandavit,

186 5666 308 5726 Paruot.
324 5667 414 5727 cbttt.
1593 5671 1639 5716 ’111
