3742 5986
113 187 115 191 >
175 156 232 210 ulte
436 157 465 214 S.
482 156 660 216 taunucus
687 158 1012 219 chamusmnonuu
1039 154 1282 220 msstruuotus
1308 161 1385 220 OPP.
1414 161 1503 223 otas
1532 156 1567 221 11.
1775 158 1827 221 stt

180 281 250 340 hetia
265 278 302 335 ila
314 284 349 338 ut
361 280 426 337 sitis
440 282 555 348 doceri,
572 282 600 338 id
615 291 656 338 est
665 284 726 355 puri
734 284 763 340 in
774 285 862 354 vobis,
871 290 899 342 et
911 286 1011 348 rinch
1023 286 1180 354 inuidiam,
1196 287 1258 359 quia
1280 287 1373 344 volunt
1390 287 1542 344 diminuere
1564 303 1664 344 nomen
1686 287 1778 355 Pauli,
1796 287 1825 344 iu

177 371 334 443 offensione
348 369 383 425 ad
393 368 557 441 proximum,
574 371 615 428 sic
628 373 718 429 eundo
731 375 763 430 in
773 374 848 431 diam
859 374 977 443 Christi,
1026 390 1080 447 quo
1094 391 1149 432 non
1164 383 1206 432 est
1218 376 1360 450 alligatum
1375 378 1488 433 verbum
1501 375 1561 433 Dei.
1577 375 1645 432 Etsi
1659 391 1715 432 non
1729 383 1825 447 putent

180 460 253 533 quod
267 459 333 515 nihil
347 459 374 513 in
393 459 438 514 die
457 458 553 528 judicii
576 461 760 531 mundandum
781 461 934 519 inveniatur
949 463 976 518 in
1026 479 1056 519 se
1084 479 1166 534 posse
1191 480 1326 535 usurpare
1346 465 1399 519 sibi
1422 464 1530 520 laudern
1550 463 1647 531 Pauli,
1677 463 1825 536 praedicant

176 548 266 605 robis.
283 549 338 604 Vos
352 546 413 603 dico
432 548 534 619 remoti
547 555 611 603 tunc
634 548 662 603 in
686 549 730 605 die
750 549 850 605 Christi
864 553 973 621 fricata,
1025 551 1107 607 etiarn
1115 555 1230 625 propter
1244 554 1467 620 contentionem,
1483 559 1621 609 certantes
1634 567 1666 609 se
1679 550 1824 624 parificare

173 637 206 693 id
219 644 261 693 est
274 635 494 692 remuneratione
511 637 638 708 Justitioe
651 645 750 693 vestrae
763 653 846 709 quam
863 638 908 695 hic
921 640 973 694 ba·
1026 638 1109 695 Paulo
1123 639 1152 694 in
1174 639 1254 696 laude
1278 639 1492 711 predicationis.
1523 640 1642 709 Quidam
1662 643 1763 697 autem
1779 640 1823 712 qui

175 725 283 781 bnistis.
300 723 404 795 llepleti
419 723 480 779 dico
492 739 544 796 per
559 726 655 780 tesam
671 724 823 793 Christum,
840 725 973 781 distribu—
1024 725 1089 782 boui
1104 735 1166 783 suut
1182 728 1340 800 praedicant
1357 726 1499 784 Christum
1508 749 1519 796 ,·
1535 737 1561 784 et
1576 727 1600 782 si
1613 743 1669 784 non
1688 727 1824 799 patiantur

175 823 264 872 torem
277 813 350 868 illius
365 813 477 868 fructus.
488 810 683 868 lustitioedico
698 812 796 869 habitae
809 814 974 886 instoriam
1025 813 1224 872 tribulationem
1243 820 1359 888 proptor·
1377 817 1478 873 bonurn
1500 817 1679 872 voluntatem
1704 814 1825 870 habitam

174 908 203 960 et
219 903 332 960 laudern
346 903 406 971 Dei,
422 900 450 955 id
464 907 504 955 εει
518 899 556 955 ita
570 905 599 954 ut
613 900 720 956 dicatur
736 901 763 956 ia
777 901 855 957 vobis
870 901 973 973 glorio-
1023 902 1059 957 ad
1082 918 1187 970 omnes,
1205 903 1268 976 quia
1290 903 1390 960 vellem
1413 903 1505 960 renue
1524 918 1620 959 omnes
1644 902 1770 960 homines
1789 903 1823 959 ad

175 989 411 1048 susetlaudabilis
425 988 499 1044 Deus
512 987 540 1042 in
556 987 655 1044 sanctis
670 988 736 1043 suis.
756 988 806 1044 Vel
820 989 866 1045 ita.
892 989 972 1045 Tales
1022 991 1189 1063 agnitionem
1213 991 1343 1048 raritatis.
1368 992 1487 1060 Quidam
1504 992 1586 1046 etiam
1609 991 1735 1047 similiter
1759 991 1823 1046 buni

173 1080 233 1136 sitis
246 1082 279 1136 in
292 1079 366 1134 diem
382 1077 495 1132 Christi.
509 1077 563 1132 Vos
585 1076 647 1132 dico
670 1075 779 1131 interim
802 1076 867 1131 dum
882 1076 971 1133 vivitis
1023 1095 1058 1134 ex
1071 1079 1225 1145 charitate,
1242 1080 1270 1135 id
1284 1087 1326 1135 εει
1342 1080 1445 1150 μείνειε
1460 1079 1616 1143 (ιίιεειιοεε,
1627 1094 1709 1151 quarn
1723 1079 1825 1135 babent

173 1168 279 1241 repleti
291 1182 346 1222 uon
357 1165 461 1236 justitia
475 1165 549 1237 (qua
564 1163 718 1220 facultatem
728 1179 784 1220 non
793 1164 892 1220 babeat
905 1179 971 1236 upe-
1023 1182 1091 1240 erga
1105 1184 1160 1235 me,
1175 1168 1326 1238 praedicant
1341 1166 1486 1236 Christum,
1497 1168 1619 1224 scientes
1630 1168 1765 1240 quonum
1773 1182 1825 1240 epo

172 1256 263 1328 randi)
287 1255 336 1311 sed
359 1257 468 1325 fractu,
490 1251 519 1307 id
541 1259 582 1306 εει
604 1251 731 1322 operibus
750 1251 871 1321 justitie,
896 1258 925 1307 ut
944 1261 972 1307 et
1022 1255 1132 1327 positus
1141 1272 1205 1311 cum
1220 1255 1372 1312 invinculis
1386 1255 1419 1311 in
1433 1255 1606 1326 defensione,
1622 1254 1650 1309 id
1661 1262 1703 1310 est
1711 1262 1823 1326 propter

168 1343 274 1415 iustitia
295 1351 322 1399 et
336 1356 421 1413 opera
432 1339 542 1410 justitiae
557 1339 584 1394 in
608 1355 659 1394 usu
682 1338 760 1395 vobis
784 1339 845 1394 sint.
862 1340 971 1411 amnti
1021 1342 1210 1399 defensionem
1226 1343 1382 1414 Coanpctii.
1405 1342 1453 1399 Vel
1469 1343 1504 1397 ita
1516 1360 1523 1396 ι
1537 1343 1664 1399 scientes
1689 1344 1822 1415 quoniam

171 1433 233 1488 dico
247 1447 296 1503 per
308 1431 401 1486 lesum
425 1426 569 1497 Christum,
586 1443 619 1482 ex
634 1443 688 1499 quo
707 1427 797 1482 omnis
809 1426 922 1497 justitia.
936 1429 969 1482 Et
1022 1446 1074 1502 ego
1084 1447 1148 1488 sum
1155 1433 1274 1504 positas,
1284 1429 1362 1486 idest
1371 1430 1599 1486 ordinatusalteo
1609 1430 1822 1501 indefensione,

170 1520 265 1577 hocin
278 1519 398 1591 pluriam
411 1520 440 1572 et
459 1515 571 1572 ιαιιάειη
593 1515 652 1579 Dei,
676 1515 704 1570 id
728 1522 769 1570 εει
793 1523 821 1569 ut
845 1516 903 1570 Deo
925 1523 969 1570 to·
1021 1517 1102 1574 idest
1115 1519 1150 1574 ad
1164 1519 1216 1574 hoc
1231 1526 1260 1573 ut
1282 1516 1427 1573 defendam
1444 1517 1638 1589 Evangelium,
1654 1516 1674 1572 ii
1688 1517 1822 1589 praedica·

169 1615 228 1664 tum
242 1613 269 1663 et
283 1605 361 1662 vobis
374 1602 442 1659 nihil
454 1602 606 1659 ascribatis.
623 1601 718 1658 Gloria
728 1602 788 1668 Dei,
804 1601 1007 1690 diciturcla-13
1021 1606 1085 1661 bant
1099 1623 1134 1663 ex
1147 1606 1253 1678 privata
1267 1605 1409 1676 charitate,
1425 1605 1547 1662 dicantes
1564 1620 1570 1660 :
1588 1604 1711 1661 Dilectus
1730 1613 1822 1661 nostm

171 1696 238 1753 ritas
253 1693 368 1750 deitatis.
393 1691 511 1747 Laudem
526 1689 576 1746 Dei
591 1689 740 1760 accipimus
759 1690 835 1744 iniis
849 1706 909 1762 quas
927 1690 968 1745 vi·
1021 1693 1140 1760 Paulus;
1156 1693 1218 1765 quia
1232 1692 1333 1765 ligatus
1348 1699 1399 1760 est,
1416 1708 1471 1748 nou
1485 1700 1576 1764 potest
1589 1692 1671 1749 modo
1685 1692 1821 1748 instruere

168 1784 265 1840 demus
279 1778 467 1853 corporalibus
480 1777 577 1833 oculis.
593 1777 712 1846 Sinceri,
738 1778 761 1832 si
778 1777 967 1849 componimus
1017 1781 1158 1838 Ecclesiae
1187 1797 1260 1849 suas,
1291 1781 1466 1853 suppleamus
1493 1780 1581 1837 ricem
1605 1780 1674 1850 ejus,
1694 1795 1730 1836 ne
1752 1779 1820 1836 forte

170 1887 204 1928 ex
214 1872 297 1928 sinet
311 1885 395 1935 caera,
419 1865 575 1938 perducitur
599 1865 691 1920 media
714 1864 828 1937 syllaba,
844 1865 967 1921 uomina·
1018 1867 1256 1941 quodadihcavic,
1272 1877 1395 1925 evertant
1420 1868 1460 1923 illi
1474 1869 1589 1940 pseudo.
1614 1867 1649 1923 Et
1667 1868 1708 1925 sic
1722 1883 1821 1925 carua-

170 1959 260 2025 daus,
287 1954 436 2029 singularis
464 1953 606 2019 sincerus,
636 1952 742 2008 habeus
768 1953 824 2008 duo
850 1952 966 2023 pluralia
1016 1956 1053 2011 lis
1072 1956 1181 2013 dilectio
1195 1962 1252 2013 erat
1265 1957 1302 2012 ad
1315 1956 1467 2028 profectum
1481 1955 1633 2030 Evangelii.

169 2046 270 2104 sinceri
293 2052 320 2101 ει
341 2043 480 2107 sinceres,
510 2048 540 2095 ut
567 2040 700 2095 diaconus
723 2040 831 2096 diaconi
854 2046 880 2096 et
908 2040 966 2095 dia·
1056 2045 1176 2113 Quidam
1190 2049 1288 2102 autem
1301 2044 1435 2117 perversi,
1453 2044 1522 2101 sicut
1536 2044 1585 2114 illi,
1597 2043 1748 2116 exprivata
1760 2043 1820 2101 cha·

168 2150 261 2191 canes.
278 2133 307 2188 Si
322 2132 471 2188 secundum
495 2128 639 2194 Isidorum,
665 2143 698 2183 ex
719 2130 781 2185 nne
796 2128 873 2185 caric
886 2143 965 2184 com·
1017 2130 1106 2199 ritate,
1123 2133 1163 2189 sic
1176 2131 1220 2187 isti
1238 2134 1473 2200 eccontentione,
1490 2131 1518 2187 id
1533 2139 1575 2187 εει
1589 2147 1623 2187 ει
1635 2132 1742 2203 privato
1757 2131 1819 2188 odio

166 2223 304 2295 ponimus,
333 2219 424 2275 media
452 2216 555 2289 syllaba
578 2215 741 2286 corripitur,
771 2224 799 2271 ει
830 2215 964 2287 singulari
1016 2221 1199 2278 annuntiant
1209 2220 1362 2287 Christum,
1374 2236 1432 2277 non
1442 2220 1561 2289 macore,
1574 2219 1602 2274 id
1613 2227 1655 2275 est
1665 2235 1721 2276 non
1735 2219 1820 2291 iupu-

166 2317 249 2368 caret.
1016 2306 1107 2375 ritate,
1123 2310 1324 2364 existimantes
1339 2323 1369 2364 ce
1383 2308 1435 2364 hoc
1444 2308 1527 2364 modo
1541 2308 1681 2364 sacchore
1699 2324 1816 2380 pressu·

203 2399 350 2469 Hucusque
376 2394 477 2450 mistim
500 2393 536 2449 de
562 2399 676 2465 utraque
698 2406 789 2463 pugna
812 2391 962 2464 tractavit3
1015 2411 1090 2462 rara,
1103 2395 1131 2450 id
1145 2396 1420 2468 estaggravatiouem
1433 2396 1556 2451 uincatis
1565 2396 1647 2462 meis,
1660 2389 1744 2451 idest
1753 2393 1819 2450 mibi

163 2486 209 2544 bic
237 2483 381 2558 separatim
408 2483 556 2555 depugna
578 2487 782 2552 persecutorum
805 2476 910 2550 incipit,
924 2478 964 2534 di·
1013 2482 1106 2554 positu
1130 2482 1159 2537 in
1187 2482 1311 2539 vinculis.
1333 2483 1354 2537 li
1376 2481 1448 2538 enim
1470 2482 1593 2554 perversi
1618 2482 1821 2554 disputaverant

166 2590 242 2632 cens.
258 2571 378 2628 Audiens
393 2571 465 2627 bona
479 2570 514 2625 de
528 2569 615 2635 vobis,
631 2569 739 2640 pretias
753 2584 812 2640 apo.
822 2567 963 2638 Deprecor
1014 2586 1080 2627 mam
1094 2571 1188 2637 Paulo,
1205 2578 1230 2626 et
1245 2570 1345 2625 Paulus
1360 2579 1538 2641 superaverat
1558 2586 1626 2638 eos;
1642 2586 1717 2628 nunc
1730 2578 1820 2626 autem

165 2677 229 2719 cum
243 2659 344 2735 gaudio
358 2658 502 2727 confidens
523 2657 558 2712 de
571 2656 660 2713 vobis.
680 2656 741 2727 Ego
762 2655 803 2711 sic
820 2670 873 2727 ago
888 2671 895 2708 t
915 2656 962 2711 Vos
1015 2658 1090 2730 quod
1104 2657 1249 2714 audierant
1262 2657 1296 2712 ab
1311 2673 1344 2714 eo
1359 2658 1554 2729 predicabant,
1575 2658 1638 2716 ideo
1653 2666 1682 2713 ut
1698 2673 1760 2714 cum
1775 2658 1819 2713 di·

164 2754 262 2806 uatem
276 2749 336 2805 nolo
348 2748 430 2812 scire,
452 2749 572 2817 scotres,
595 2761 628 2800 ea
651 2760 712 2815 aaa
730 2745 807 2800 circa
820 2758 866 2799 mc
881 2746 959 2798 sant.
1016 2754 1125 2801 caretur
1138 2745 1199 2801 eis:
1215 2744 1308 2815 Quare
1321 2746 1403 2802 rerba
1413 2746 1471 2816 ejus
1485 2745 1590 2803 scilicet
1604 2745 1726 2802 damam
1741 2745 1816 2801 Pauli

164 2839 229 2894 llaec
241 2836 304 2892 ideo
317 2834 358 2891 eis
372 2831 491 2890 notificat
506 2839 534 2887 ut
549 2831 674 2902 exemplo
688 2847 739 2886 suo
753 2830 788 2886 ad
803 2830 961 2901 patientiam
1015 2831 1190 2905 praedicatis?
1205 2833 1309 2890 diceret
1323 2834 1385 2901 boc,
1401 2850 1457 2890 noa
1471 2849 1487 2889 a
1502 2834 1592 2904 uobis,
1605 2834 1654 2891 sed
1669 2834 1710 2891 sic
1723 2834 1757 2889 ab
1770 2833 1817 2889 illo

163 2933 190 2982 et
200 2923 378 2980 humilitatem
390 2937 438 2977 eos
450 2921 567 2976 inducat.
583 2920 670 2985 Scire,
691 2919 811 2990 inquam,
827 2934 873 2975 uos
889 2919 959 2987 ooto,
1014 2921 1184 2993 accepimus,
1198 2929 1286 2993 portet
1301 2921 1347 2976 ille
1360 2937 1471 2992 poenam
1490 2921 1620 2989 istorum,
1637 2929 1664 2978 et
1677 2921 1711 2976 iis
1723 2921 1817 2978 verbis

163 3014 226 3086 quia
241 3029 273 3069 ea
287 3028 348 3085 quoe
357 3013 434 3067 circo
443 3025 488 3064 me
502 3012 581 3063 sunt.
599 3005 688 3073 Circo,
704 3006 766 3062 ideo
789 3006 850 3078 quia
872 3005 963 3060 unde·
976 2972 1000 3034 ο
1013 3008 1140 3065 infideles
1155 3009 1283 3065 concitati
1297 3008 1485 3066 vehementius
1504 3008 1687 3066 desaeviabant
1705 3008 1734 3063 in
1747 3009 1818 3064 Pau-

164 3118 219 3174 que
232 3098 438 3158 circumvallant
463 3111 507 3152 me
521 3096 601 3150 mala.
615 3093 665 3149 Vel
678 3094 766 3159 circa,
792 3093 857 3165 quia
883 3100 962 3148 extra
1012 3095 1081 3152 lum.
1107 3096 1246 3166 Objiceret
1270 3096 1369 3168 aliquis
1389 3096 1424 3151 ad
1446 3097 1498 3153 boc
1517 3097 1589 3168 quod
1612 3095 1736 3169 superius
1754 3096 1815 3152 ait:

159 3189 188 3246 fn
204 3203 320 3260 corpore
335 3185 451 3259 affligor,
470 3184 520 3240 sed
538 3183 621 3249 intus,
648 3181 676 3236 in
694 3181 784 3236 anima
805 3180 876 3237 vires
890 3196 961 3237 con·
1019 3185 1137 3242 Vincula
1156 3201 1220 3241 mea
1234 3184 1420 3241 veneruntad
1443 3183 1597 3255 profectum
1614 3183 1769 3256 Evangelii,
1785 3183 1812 3238 iu

160 3292 256 3350 grego.
271 3278 322 3341 Ea,
333 3275 452 3346 inquam,
467 3272 615 3344 quocirca
628 3285 672 3326 mc
683 3274 760 3339 tunt,
771 3267 961 3325 veneruntad
1012 3271 1093 3328 bonis
1112 3272 1224 3344 quidem
1247 3271 1294 3343 qni
1314 3271 1439 3343 exemplo
1454 3279 1500 3327 tuo
1516 3271 1626 3327 animati
1649 3271 1817 3343 praedicave-

159 3368 319 3439 profcctum
337 3361 481 3432 annpotii
496 3359 585 3432 maala
606 3373 687 3431 quarn
702 3357 737 3413 ad
753 3356 958 3425 detrimentum,
1011 3368 1086 3426 runt,
1108 3359 1269 3432 profuerunt
1286 3360 1413 3432 quidem;
1430 3359 1523 3414 sedin
1547 3359 1580 3414 iis
1595 3359 1641 3431 qui
1664 3375 1699 3415 ex
1712 3358 1816 3414 inuidia

161 3452 233 3509 sicut
246 3451 299 3523 ipsi
312 3456 474 3523 putaverunt
497 3447 570 3520 quod
592 3446 677 3519 ligato
701 3445 793 3512 Paulo,
816 3443 959 3517 alligatum
1010 3456 1041 3504 et
1055 3448 1228 3505 contentione
1243 3447 1438 3519 praedicabant,
1458 3446 1565 3504 vincula
1585 3455 1631 3502 tua
1651 3446 1690 3502 nil
1703 3445 1815 3519 profue-

162 3548 236 3599 esset
252 3540 367 3596 verbum
387 3537 447 3593 Dei.
464 3537 602 3592 Venerunt
624 3534 658 3589 ad
675 3533 838 3605 profectum,
863 3533 906 3587 ita
924 3534 959 3587 at
1009 3544 1085 3592 runt.
1102 3537 1145 3592 hd
1159 3536 1212 3594 hoc
1228 3537 1337 3592 Paulus.
1353 3535 1515 3592 Profuemnt
1528 3535 1620 3607 utique
1631 3535 1714 3591 etiarn
1727 3535 1755 3590 in
1767 3534 1813 3602 iis;

157 3629 274 3687 macula
301 3642 381 3694 meo,
411 3624 497 3680 idest
520 3623 621 3679 utilitas
639 3621 809 3679 vinculorum
832 3634 958 3676 meorum
1009 3624 1079 3696 quid
1092 3625 1259 3681 enimnocet
1272 3624 1354 3691 dum,
1371 3624 1551 3680 idestsolum
1565 3622 1648 3680 modo
1662 3625 1816 3680 annuntie-

156 3719 315 3787 manisestc
332 3715 436 3783 fierent
449 3715 481 3768 in
497 3711 618 3776 Christo,
634 3710 662 3765 id
683 3716 725 3765 εει
747 3708 775 3763 in
797 3704 959 3779 magnifica·
1010 3715 1061 3768 tur
1074 3713 1201 3769 Christus
1210 3712 1387 3779 omnimodo,
1400 3711 1504 3769 scilicet
1513 3714 1571 3769 sius
1579 3727 1632 3785 per
1640 3712 1814 3769 mommsen

157 3804 232 3860 tione
245 3801 363 3858 nominis
378 3798 487 3856 Christi.
504 3799 653 3868 Manifesta
668 3795 730 3852 dico
743 3797 774 3851 in
790 3796 869 3851 omni
879 3810 956 3866 prce·
1008 3799 1159 3854 suscitandi
1173 3799 1241 3854 mihi
1259 3814 1426 3872 pressuram,
1447 3808 1476 3855 ut
1497 3799 1599 3856 faciunt
1615 3799 1738 3870 pseudo,
1755 3800 1812 3856 siue

159 3893 281 3957 10²4th
296 3892 329 3946 ιἰι
347 3889 458 3945 coeftftt
471 3885 610 3951 militm,
622 3884 649 3938 id
665 3890 708 3939 esi
720 3882 792 3954 apud
806 3880 954 3953 principes,
1005 3890 1231 3958 pervertentem,
1253 3896 1284 3942 ut
1307 3886 1472 3944 mnunciant
1492 3886 1576 3942 bonif
1596 3888 1655 3959 Ego
1669 3901 1726 3942 non
1745 3901 1812 3943 curo

157 3986 184 4035 et
206 3978 281 4050 apud
294 3974 447 4032 inferiores.
471 3974 506 4029 Et
528 3972 552 4028 si
567 3972 638 4028 enim
653 3971 754 4042 ubique
777 3985 832 4026 non
853 3968 957 4025 sciatur
1007 3975 1165 4047 quicunque
1180 3975 1215 4030 sit
1230 3975 1415 4042 annuntians;
1432 3974 1605 4031 solummodo
1629 3974 1769 4030 auditores
1784 3973 1813 4028 in

155 4065 257 4122 Paulus
270 4080 334 4121 esse
353 4063 382 4118 in
404 4060 530 4131 vinculis,
551 4067 640 4116 tamen
658 4059 760 4114 utilitas
783 4057 955 4113 vinculorum
1009 4060 1064 4118 fide
1079 4061 1230 4134 proficiant.
1248 4063 1359 4120 Gaudeo
1373 4064 1406 4119 in
1419 4063 1469 4119 hoc
1483 4063 1558 4134 quod
1573 4061 1698 4119 Christus
1707 4077 1814 4118 annuu-

154 4169 269 4212 suorum
278 4153 379 4226 ubique
390 4149 558 4216 diffunditur,
567 4148 632 4204 dum
642 4146 712 4203 fides
720 4145 820 4202 Christi
830 4142 953 4202 258
1006 4150 1093 4207 tiatur
1106 4167 1157 4224 per
1170 4151 1353 4220 occasionem,
1376 4159 1402 4207 et
1416 4151 1445 4206 in
1468 4151 1522 4208 hoc
1545 4151 1664 4225 gaudeo,
1680 4150 1811 4224 quodsu-

155 4261 206 4318 per
220 4260 282 4302 eum
300 4240 412 4298 dilatata
426 4238 526 4311 ubique
539 4236 715 4309 praedicatur.
732 4234 832 4290 velita
848 4248 854 4287 :
873 4233 954 4290 Vene—
1007 4239 1109 4295 scitant
1124 4240 1191 4295 mibi
1204 4256 1368 4311 pressuram,
1393 4254 1446 4296 nac
1462 4240 1545 4296 modu
1565 4239 1664 4310 solum,
1679 4238 1728 4296 sed
1742 4253 1809 4294 sem·

88 4387 91 4391 .
154 4338 226 4392 runt
239 4333 276 4388 act
284 4334 455 4405 profectum,
468 4328 511 4384 ita
521 4331 554 4383 at
569 4325 629 4397 ipsa
650 4325 747 4381 eadem
763 4322 990 4384 oiaculomeaD
1005 4328 1188 4399 peracutebo
1202 4328 1231 4382 in
1243 4328 1350 4384 eodem.
1367 4329 1397 4383 ln
1417 4328 1475 4383 Deo
1489 4327 1600 4402 gaudeo
1621 4333 1648 4384 et
1670 4324 1808 4400 gaudebo,

154 4430 259 4500 fierent
273 4426 428 4496 sensiferis
437 4425 470 4479 in
482 4420 601 4490 Christo,
613 4419 640 4475 id
655 4425 767 4491 estquae
780 4433 832 4490 pro
846 4417 953 4474 Christo
1006 4417 1152 4472 sciocnim
1162 4417 1299 4488 quiahoc,
1315 4415 1343 4471 id
1358 4423 1399 4471 est
1414 4415 1487 4488 quod
1510 4430 1640 4487 pressura
1663 4413 1730 4470 mibi
1744 4429 1809 4470 sus-

152 4516 290 4590 patiebar.
313 4513 463 4584 llonisecta
480 4510 542 4566 dico
565 4511 597 4566 in
621 4509 700 4564 omni
716 4509 861 4580 pretorio,
877 4510 905 4562 et
920 4507 952 4562 in
1006 4502 1119 4571 citatur,
1134 4506 1280 4577 proveniet
1292 4502 1366 4560 mihi
1378 4506 1411 4559 in
1421 4504 1546 4560 satutem
1556 4519 1607 4575 per
1615 4509 1736 4560 vestram
1747 4517 1811 4558 ora·

154 4606 265 4663 cceterir
277 4603 406 4661 omnihus
424 4600 504 4656 locis.
524 4598 641 4669 Ubique,
659 4595 732 4650 enim
746 4594 889 4650 dicebant:
903 4594 951 4648 Vi·
1006 4591 1109 4647 tionem
1123 4591 1337 4649 intercedentem
1347 4608 1398 4663 pro
1420 4607 1475 4658 me,
1495 4596 1524 4648 et
1542 4608 1594 4665 per
1607 4591 1812 4649 subministra-

152 4693 215 4751 dete
229 4690 418 4750 constantiam.
434 4686 521 4754 Pauli,
543 4684 590 4758 qui
610 4683 691 4740 etiam
710 4682 738 4737 in
761 4681 876 4738 vinculis
895 4697 953 4738 uon
1005 4681 1125 4747 tionem,
1155 4681 1183 4736 id
1207 4688 1249 4736 est
1266 4696 1318 4751 per
1337 4679 1527 4737 fulcimentum
1545 4687 1573 4736 ει
1596 4678 1810 4736 sustentaculum

148 4776 242 4839 ἐεεεει
252 4776 489 4853 predicarefidern
496 4773 606 4830 Christi.
615 4774 655 4827 lta
664 4769 761 4826 fierent
769 4769 953 4826 manifestant
1005 4768 1135 4840 Spiritus.
1153 4768 1227 4824 Sicut
1241 4769 1314 4824 enim
1324 4768 1450 4825 columna
1460 4767 1489 4823 in
1499 4766 1688 4840 medfopusita
1702 4775 1809 4823 susten-

150 4848 298 4940 'sturnos
308 4868 446 4941 frutribus
462 4861 635 4932 confidentes
646 4861 678 4916 in
689 4860 816 4927 flornino,
827 4859 952 4915 vincatis
1003 4863 1046 4912 tat
1060 4856 1181 4923 domum,
1198 4872 1232 4912 ne
1248 4856 1345 4923 cadat;
1357 4855 1398 4912 sic
1407 4855 1525 4928 Spiritus
1533 4855 1608 4912 fulcit
1617 4871 1672 4912 me.
1684 4855 1809 4930 Spiritus

151 4958 232 5023 mdc,
249 4956 277 5011 id
291 4962 333 5012 est
346 4962 458 5027 propter
471 4949 580 5008 vincula
597 4963 659 5004 mea
679 4947 707 5003 in
730 4947 829 5021 quibus
844 4946 952 5018 positus
1002 4944 1069 5001 dico
1082 4947 1149 5002 lesu
1159 4944 1275 5011 Christi,
1289 4944 1318 5000 id
1331 4952 1373 4999 est
1388 4960 1468 5016 quem
1483 4944 1606 5000 Christus
1616 4944 1673 5010 dat,
1690 4959 1741 5016 pro
1754 4957 1807 5017 quo

150 5043 281 5100 audacter
293 5041 486 5115 predicebam,
495 5036 620 5108 exemplo
634 5051 696 5092 meo
709 5034 804 5092 confisi
819 5034 954 5090 auderent
1002 5031 1095 5104 patior
1108 5031 1249 5103 proveniet
1263 5032 1325 5088 dico
1347 5031 1376 5086 in
1390 5031 1504 5088 salutem
1518 5032 1675 5090 secandam
1688 5047 1808 5104 ecspec·

149 5130 331 5190 abundantius
345 5129 421 5202 loqui
434 5127 561 5202 pentibus
576 5123 634 5181 sine
648 5124 745 5181 timore
758 5123 872 5179 verbnm
886 5120 950 5189 Dei,
1002 5120 1145 5176 tationem
1158 5124 1186 5177 ct
1201 5136 1280 5192 spem
1298 5135 1403 5189 meam,
1424 5119 1452 5174 id
1472 5128 1515 5175 εει
1529 5136 1583 5177 non
1598 5120 1689 5176 miuus
1712 5118 1806 5175 salutis

150 5219 197 5294 qul
210 5217 286 5292 prius
314 5225 427 5290 propter
449 5215 573 5272 timorem
598 5228 653 5269 non
672 5210 818 5268 audebant.
843 5210 865 5264 li
885 5217 951 5265 sunt
1002 5208 1151 5282 conferens
1165 5224 1246 5279 quam
1261 5216 1390 5280 exspecto
1404 5214 1429 5263 et
1444 5222 1534 5278 spero.
1550 5205 1807 5279 Exspectatiodici·

149 5306 216 5366 boni
229 5306 338 5377 fratres,
353 5304 403 5361 sed
416 5302 532 5378 quidam
546 5301 668 5376 pumera,
691 5299 720 5355 id
745 5306 786 5355 est
804 5297 915 5354 discreti
931 5314 952 5352 a
1002 5303 1049 5352 tur
1058 5295 1251 5370 longanimitas
1260 5295 1290 5351 iu
1296 5295 1532 5363 sustinendu,sine
1538 5293 1806 5360 certitudinetamen,

148 5395 240 5468 bunia
251 5396 316 5471 quia
329 5408 459 5469 peruerse
471 5390 632 5464 pradicant
641 5385 786 5447 Christum
793 5390 822 5444 et
831 5388 952 5459 propter
1002 5383 1075 5458 Spes
1084 5399 1149 5444 vero
1163 5392 1240 5442 certa
1260 5382 1442 5479 prestolatio;
1459 5382 1523 5442 ideo
1541 5381 1805 5456 secundusomne,
