3742 5986
168 159 216 216 an
449 158 478 213 s.
498 126 677 216 anunoms
696 154 1022 216 csuruusrauouuu
1040 154 1281 216 rusrrrnroars
1300 156 1377 217 orn.
1397 159 1496 218 rans.
1516 161 1550 216 ιι.
1771 164 1825 220 ara

169 282 204 336 Et
218 297 268 354 per
280 281 454 354 pertentatur
469 283 584 340 ciuitate
600 300 672 355 saepe
688 284 752 339 mihi
767 283 857 352 illata;
875 290 902 339 et
915 284 1004 356 perA
1024 280 1106 337 tionis
1118 289 1158 337 est
1173 282 1239 338 mihi
1254 283 1316 351 iste,
1332 291 1361 339 ut
1384 291 1474 357 portet
1489 300 1589 341 nomeu
1609 300 1701 341 meum
1725 300 1820 343 eoram

166 371 297 442 pericula
312 371 456 427 latronum
472 371 515 427 vel
531 372 680 428 bestiarum
695 372 879 429 insolitudine
895 371 966 428 tole·
1018 370 1131 442 regibus
1142 379 1169 427 et
1182 370 1245 427 tiliis
1260 373 1344 430 lsrael
1364 374 1558 446 (Aet.1x,td).
1578 375 1662 448 »Ego
1678 374 1752 430 enim
1772 389 1817 430 os·

169 467 238 528 rata,
253 459 318 513 dum
329 475 413 516 oaursa
422 459 622 532 praedicationis
632 477 742 518 nemora
752 461 968 532 pertransirem
1017 460 1126 516 tendam
1135 460 1174 516 illi
1183 468 1283 533 quanta
1292 470 1416 539 oporteat
1425 479 1486 519 eum
1497 479 1549 536 pro
1558 463 1669 520 nomine
1678 479 1741 521 meo
1751 463 1816 537 pati.

168 563 219 620 per
232 547 350 620 pericula
366 547 446 604 etiarn
460 549 640 621 praetermissa
661 550 689 604 iu
713 550 782 605 mari
798 565 870 622 saepe
894 549 965 605 tole·

168 645 237 704 rata,
253 653 310 708 per
317 637 439 709 pericula
454 638 532 692 stiam
542 655 603 709 quae
612 640 643 693 tn
651 639 734 709 salsis
742 639 882 710 fratribus
893 653 965 709 saepe
1322 659 1435 717 CAPUT
1448 659 1511 715 xp,

168 725 282 797 pertuli;
293 741 343 797 per
356 727 414 782 haee
429 725 518 782 omnia
529 727 670 796 praemissa
685 735 812 782 ostensus
826 743 888 782 sum
903 726 966 798 plus

168 830 229 870 esse
244 814 369 871 minister
384 815 481 870 Christi
502 830 583 886 quam
598 814 646 869 itti.
663 814 796 870 Ostensus
810 832 870 870 sum
885 815 964 871 etiam
1052 839 1064 864 a
1083 816 1111 872 Si
1125 815 1239 889 gloriari
1257 825 1365 889 oportet
1387 818 1453 889 (non
1476 818 1585 890 expedit
1611 818 1744 890 quidem),
1769 835 1816 876 ve-

167 903 290 959 minister
314 903 414 959 Christi
432 906 464 960 in
492 904 583 960 ludere
607 907 635 959 et
662 921 801 971 aerumna,
829 903 914 959 idest
938 903 966 958 ia
1017 904 1118 959 uniam
1141 915 1232 962 autem
1246 905 1280 961 ad
1300 906 1419 964 visiones
1433 914 1459 963 et
1485 907 1670 964 revelationes
1693 907 1813 964 Domini.

167 1008 321 1048 erumnose
336 992 437 1058 labore,
448 993 557 1063 quando
573 992 663 1048 tebras
678 992 722 1048 vel
735 992 841 1063 aliquos
856 992 965 1048 morbos
1016 1014 1028 1044 ι
1045 992 1107 1050 Seio
1121 994 1260 1050 hominem
1283 995 1310 1049 in
1335 995 1440 1051 Christo
1464 1003 1527 1052 ante
1549 1012 1636 1053 annos
1646 996 1814 1068 quatuorde-

166 1080 300 1152 patiebar,
317 1089 343 1136 et
366 1097 410 1137 me
433 1088 524 1136 tamen
545 1081 672 1136 laborare
697 1081 848 1152 oportebat.
868 1081 900 1136 ln
920 1080 964 1135 la·
1016 1102 1028 1132 ι
1045 1081 1108 1149 cim,
1126 1082 1225 1139 sivein
1247 1099 1371 1155 corpore,
1395 1083 1453 1140 sire
1474 1092 1550 1140 extra
1571 1100 1679 1157 corpus,
1705 1085 1812 1153 neseio,

167 1169 244 1236 bore,
269 1169 341 1236 dieo,
360 1169 440 1226 etiam
455 1169 547 1225 habito
571 1170 603 1224 tn
623 1170 724 1225 multis
744 1171 866 1242 cipilits;
889 1168 962 1242 quia,
1016 1171 1120 1226 «Deus
1143 1171 1204 1241 seit,
1226 1179 1332 1243 raptum
1356 1173 1513 1242 hujusmodi
1537 1189 1624 1245 usque
1647 1172 1684 1229 ad
1706 1173 1813 1229 tertium

167 1273 228 1315 eum
246 1265 300 1313 tota
314 1257 357 1313 die
372 1257 558 1328 praediousset,
575 1265 655 1315 noete
677 1257 819 1313 laborabat
835 1257 908 1313 unde
922 1257 965 1312 vi·
1013 1280 1024 1305 a
1043 1258 1152 1314 eoelum.
1169 1260 1204 1314 Et
1217 1260 1274 1316 seio
1288 1260 1445 1330 huiusmodi
1460 1261 1607 1330 homiuem,
1625 1261 1683 1317 sive
1705 1261 1734 1316 in
1750 1276 1812 1318 eor·

167 1353 254 1403 veret.
272 1346 321 1402 Vel
341 1345 457 1402 orationi
471 1346 630 1418 plerumque
644 1345 813 1417 invigilabat.
831 1344 964 1401 Ostensns
1015 1357 1119 1413 «pore,
1135 1341 1194 1398 sive
1208 1350 1286 1398 extra
1309 1358 1420 1415 eorpus,
1445 1345 1549 1412 neseio,
1566 1344 1639 1401 Deus
1663 1345 1723 1412 seit,
1741 1359 1813 1416 quo·

168 1451 228 1490 sum
243 1434 326 1490 etiam
340 1433 465 1489 minister
479 1433 589 1501 Christi,
610 1435 642 1489 in
662 1437 739 1506 forne
761 1437 789 1490 et
806 1435 867 1501 siti,
890 1441 917 1489 et
931 1434 964 1489 in
1015 1433 1116 1485 «niam
1131 1438 1227 1501 raptus
1241 1439 1282 1487 esi
1302 1431 1330 1487 in
1354 1432 1520 1504 Paradisum,
1546 1441 1573 1489 θῑ
1596 1432 1696 1488 andilli
1710 1447 1813 1490 &mm

161 1524 282 1595 jejuniis
297 1525 405 1591 mattis,
422 1523 503 1578 modo
518 1531 625 1594 sponte,
642 1523 722 1578 modo
736 1522 851 1593 penuria
865 1522 963 1577 tolera·
1014 1538 1027 1569 ι
1043 1518 1127 1574 verba
1141 1536 1201 1590 qnae
1215 1535 1269 1575 non
1284 1520 1348 1577 lieet
1371 1520 1473 1576 bomini
1488 1521 1572 1593 loqui.
1587 1522 1641 1577 Pro
1654 1521 1814 1591 hujusmodi

166 1611 210 1666 tis.
228 1611 362 1667 Ostensua
386 1628 445 1666 sum
470 1610 551 1667 etiam
567 1610 689 1666 minister
711 1610 811 1666 Christi
824 1611 998 1701 infrigereB
1014 1627 1026 1657 ι
1043 1606 1207 1680 gloriabor:
1224 1624 1274 1680 pro
1289 1624 1334 1665 me
1348 1616 1438 1665 autem
1451 1609 1528 1677 nihil,
1546 1609 1599 1665 nisi
1613 1610 1640 1665 in
1666 1608 1813 1668 infirmita·

166 1704 194 1756 et
210 1700 445 1774 nuditate;quia,
462 1700 484 1755 si
499 1699 585 1771 frigus
595 1716 638 1755 me
653 1699 778 1771 cogebat,
788 1699 894 1753 nuditas
905 1706 961 1754 erut
1015 1716 1026 1746 ι
1043 1695 1115 1750 tibus
1130 1696 1208 1752 meis.
1225 1698 1294 1752 Nam
1318 1704 1344 1753 et
1368 1698 1391 1752 si
1410 1698 1524 1754 voluero
1546 1698 1669 1771 gloriari,
1688 1714 1743 1756 non
1764 1714 1812 1756 ero

168 1805 229 1860 quae
243 1787 330 1861 frigus
345 1786 463 1844 fovebat.
481 1790 545 1844 Hae
560 1789 594 1844 de
617 1789 714 1860 quibus
729 1789 811 1844 modo
829 1787 963 1861 gloriatus
1013 1783 1183 1855 «insipiens.
1209 1786 1359 1842 Veritatem
1384 1787 1456 1842 enim
1477 1786 1578 1843 dicam.
1602 1788 1686 1843 Pareo
1707 1794 1807 1858 autern,

167 1892 238 1945 sum,
255 1876 282 1931 in
297 1892 412 1948 corpore
426 1876 543 1948 pertuli;
569 1876 617 1932 sed
634 1881 739 1949 preter
761 1877 814 1932 itta
833 1893 894 1949 pace
908 1893 962 1932 ex·
1013 1890 1024 1922 ι
1041 1888 1076 1927 ne
1090 1873 1209 1944 quisine
1225 1874 1358 1929 existimet
1374 1890 1456 1946 supra
1481 1875 1508 1929 id
1523 1874 1595 1947 quod
1617 1874 1692 1931 videt
1706 1875 1736 1930 in
1751 1891 1806 1946 me,

166 1968 316 2032 trinsecus,
328 1965 357 2020 id
372 1965 453 2021 estin
468 1981 584 2036 corpore
599 1965 792 2025 sunttolerata.
804 1972 846 2020 est
859 1964 962 2036 aliquid
1013 1984 1024 2009 α
1042 1969 1086 2016 aut
1095 1961 1171 2017 audit
1188 1962 1291 2034 aliquid
1306 1980 1339 2019 ex
1354 1979 1411 2020 me.
1431 1965 1465 2019 Et
1480 1980 1514 2020 ne
1527 1963 1685 2037 magnitudo
1702 1965 1810 2021 revela-

167 2055 241 2126 quod
255 2071 299 2110 me
314 2061 391 2109 vexat
406 2053 528 2120 interius,
541 2053 655 2120 scilieet,
672 2053 837 2124 quotidiana
852 2054 961 2109 solliai-
1013 2070 1024 2100 ι
1042 2049 1143 2105 tionum
1159 2051 1268 2106 extollat
1286 2068 1340 2121 me,
1357 2052 1438 2108 datus
1462 2060 1504 2108 est
1518 2052 1584 2107 mihi
1599 2052 1725 2109 stimulus
1746 2068 1809 2110 ear·

165 2143 369 2199 tudoomuturn
393 2143 594 2207 Centesimum,
619 2141 703 2196 idest
726 2141 799 2213 quod
820 2140 893 2195 omni
918 2141 961 2197 die
1012 2138 1084 2193 «nis
1112 2154 1189 2208 meae,
1219 2139 1334 2213 angelus
1358 2140 1473 2208 Satanae,
1504 2140 1550 2213 qui
1573 2157 1618 2197 ma
1646 2140 1808 2212 colaphizet.

166 2229 298 2286 sollicitus
313 2247 373 2285 sum
388 2229 422 2286 de
437 2238 506 2285 statu
521 2230 602 2285 totius
616 2229 756 2285 Ecclesia.
777 2231 841 2285 Haee
856 2229 961 2286 solliei-
1014 2248 1024 2276 ι
1042 2227 1158 2298 Propter
1172 2229 1245 2299 quod
1259 2235 1301 2284 ter
1315 2229 1460 2285 Dominum
1475 2228 1571 2303 rogavi
1585 2238 1614 2285 ut
1624 2229 1810 2287 diseedereta

165 2318 230 2374 tudo
246 2326 287 2374 est
301 2335 361 2374 mea
376 2319 529 2388 instantio,
545 2319 572 2373 id
585 2325 626 2373 est
650 2317 759 2374 assidue
780 2317 846 2372 mihi
867 2317 957 2384 instat,
1012 2335 1024 2365 ι
1041 2331 1094 2382 me,
1111 2322 1138 2371 et
1152 2315 1218 2370 dixit
1235 2316 1302 2372 mihi
1318 2334 1325 2372 ε
1342 2316 1444 2375 Sufficit
1467 2317 1514 2373 tibi
1540 2318 1627 2392 gratia
1644 2334 1720 2388 mem
1744 2335 1809 2376 nam

165 2414 192 2461 et
206 2407 312 2481 pungit,
334 2415 361 2462 et
374 2407 496 2481 graviter
510 2423 553 2462 me
569 2405 696 2462 stimulat.
719 2406 783 2461 Plus
798 2413 839 2461 est
857 2405 960 2460 instan·
1013 2403 1131 2458 «virtus
1158 2404 1186 2459 in
1214 2403 1369 2462 infirmitate
1398 2404 1547 2478 perficitur.
1576 2406 1705 2463 Libenter
1723 2407 1808 2480 igitur

163 2494 200 2550 tia
221 2511 303 2568 quarn
324 2495 488 2553 sollicitudo.
506 2496 637 2550 instantia
654 2494 726 2551 enim
742 2494 847 2551 vexatio
861 2494 960 2550 dieitur
1012 2491 1179 2564 «gloriabor
1204 2492 1232 2547 in
1245 2492 1446 2549 infirmitatibus
1469 2495 1548 2561 meis,
1572 2501 1601 2550 ut
1621 2495 1753 2553 inhabitet
1778 2496 1807 2552 iu

164 2584 284 2655 eorporis
299 2591 324 2639 et
338 2583 420 2638 animi
434 2602 441 2652 ;
457 2582 611 2639 sollicitudo
626 2583 711 2638 solius
725 2582 818 2638 animi.
1011 2595 1084 2635 ame
1108 2580 1193 2636 virtus
1213 2581 1322 2637 Christi.
1348 2583 1462 2654 Propter
1483 2584 1556 2656 quod
1575 2582 1669 2655 plaoeo
1691 2583 1759 2639 mihi
1779 2585 1807 2640 in

199 2672 270 2727 Vere
285 2688 335 2743 pro
355 2672 482 2727 omnibus
497 2671 629 2728 sollicitus
651 2688 720 2739 sum,
745 2671 808 2744 quia
824 2671 886 2745 quis
900 2671 957 2726 lra-
1009 2667 1233 2725 «infirmitatibus
1260 2671 1339 2739 meis,
1368 2671 1397 2726 5¹¹
1425 2671 1606 2740 00⁰¹¹1¹1¹⁸lfisi
1631 2671 1659 2728 5¹¹
1680 2673 1803 2730 nitimi-

162 2767 232 2815 trum
247 2761 422 2830 infirmatur,
439 2760 541 2816 cudens
556 2760 743 2831 inpeccatum,
759 2758 802 2815 vel
817 2759 898 2815 etiam
907 2775 958 2829 per
1008 2756 1141 2827 «tutibus,
1157 2758 1185 2813 in
1194 2759 1440 2830 persecutionibus,
1468 2759 1496 2815 in
1514 2760 1647 2834 angustiis
1661 2777 1712 2833 pro
1727 2761 1804 2818 Chri·

166 2846 284 2904 196
299 2848 423 2903 morbum
440 2847 572 2920 eorporis,
588 2851 617 2903 et
631 2864 679 2920 epo
694 2848 784 2903 statim
803 2847 957 2916 noninfir-
1009 2852 1090 2901 «sto.
1107 2846 1174 2902 Cum
1196 2847 1268 2902 enim
1291 2847 1424 2916 infirmor,
1447 2856 1511 2905 tune
1529 2855 1627 2920 potens
1656 2865 1729 2905 sum.
1749 2851 1804 2907 Fa-

159 2953 231 3005 mor,
243 2937 271 2992 id
286 2944 327 2992 est
337 2936 492 3006 nonjudieo
512 2935 694 2991 infirmitatem
710 2936 768 3005 ejus
781 2952 870 2991 meam
893 2952 955 2992 esse
1009 2954 1020 2984 ι
1038 2943 1096 2989 etus
1110 2951 1170 2990 sum
1185 2935 1334 3007 insipiens;
1355 2952 1404 2993 vos
1418 2954 1462 2993 me
1476 2937 1615 3011 coegistis.
1626 2939 1687 3010 Ego
1701 2938 1774 2994 euim
1788 2955 1805 2994 a

158 3025 340 3082 condolendo.
356 3026 391 3080 Et
409 3027 470 3098 quis
493 3023 606 3080 fratrum
621 3025 833 3081 scandalizatur
856 3024 901 3080 vel
923 2995 991 3080 ino
1006 3044 1017 3070 ι
1035 3023 1113 3080 vobis
1127 3023 1209 3079 debui
1227 3024 1422 3081 commendari.
1447 3025 1522 3081 Nihil
1545 3025 1618 3082 enim
1641 3026 1731 3083 miuus
1749 3026 1802 3084 teci

156 3113 228 3181 oibo,
245 3114 289 3169 vel
311 3114 338 3169 in
353 3113 445 3186 aliquo
465 3113 528 3177 alio,
544 3117 573 3170 et
591 3129 638 3185 epo
652 3112 741 3168 statim
765 3129 909 3182 nonuror,
927 3111 954 3167 id
1004 3111 1068 3165 «ab
1083 3111 1124 3166 his
1138 3112 1185 3184 qui
1213 3120 1274 3168 sunt
1302 3114 1514 3184 supramodum
1535 3114 1659 3186 apostoli.
1683 3115 1804 3172 Tametsi

158 3210 199 3257 est
219 3210 333 3274 propter
354 3201 565 3258 scandalizatum
587 3201 697 3257 tratrem
714 3201 847 3257 anxietate
871 3200 953 3257 animi
1004 3198 1099 3254 «nihil
1110 3216 1180 3268 snm,
1197 3201 1276 3274 signa
1290 3209 1379 3258 tamen
1394 3202 1561 3273 apostolatus
1575 3202 1629 3258 mei
1648 3202 1718 3260 taeta
1736 3212 1800 3259 sunt

157 3306 213 3345 non
227 3290 394 3348 comburor‘.l
409 3289 547 3347 Gloriatus
562 3307 621 3345 sum
641 3290 670 3345 in
683 3288 833 3362 praemissis
852 3290 886 3346 de
908 3289 952 3346 iiis
1004 3308 1015 3338 ι
1032 3303 1115 3359 super
1129 3305 1178 3345 vos
1192 3289 1309 3346 inomni
1330 3290 1469 3362 patientia,
1486 3291 1515 3345 iu
1539 3291 1627 3364 signis
1652 3300 1679 3347 et
1700 3292 1799 3363 prodi·

155 3396 215 3452 quae
229 3387 292 3434 sunt
305 3395 375 3434 meae
388 3377 549 3434 infirmitatis
564 3396 571 3433 :
588 3387 614 3434 et
629 3379 717 3434 adhue
727 3379 762 3434 de
776 3377 880 3434 eisdem
893 3379 952 3449 pto·
1003 3397 1014 3423 ι
1031 3375 1094 3447 giis,
1110 3383 1137 3431 et
1150 3377 1305 3433 virtutibus.
1321 3377 1392 3447 Quid
1405 3386 1446 3434 est
1461 3378 1534 3434 enim
1549 3378 1727 3451 quodminus
1745 3381 1799 3438 ha·

153 3467 257 3535 richer,
273 3468 299 3524 si
312 3484 356 3523 me
370 3469 488 3540 plorimi
500 3470 620 3540 oportet,
638 3467 707 3523 sieut
722 3483 819 3523 revera
834 3482 950 3524 neeesse
1003 3483 1014 3513 ι
1030 3463 1128 3520 buistis
1149 3482 1207 3537 prae
1220 3466 1327 3523 euteria
1341 3466 1482 3533 Ecclesiis,
1500 3466 1552 3522 nisi
1574 3467 1647 3539 quod
1661 3483 1716 3542 ego
1737 3468 1798 3541 ipae

153 3564 194 3611 est
208 3564 235 3612 ut
262 3556 449 3629 deprimantur
471 3557 586 3627 pseudo,
602 3563 629 3611 et
651 3554 799 3611 aedificetur
814 3555 948 3611 Ecclesia.
1001 3567 1085 3607 «non
1112 3555 1224 3625 gravavi
1247 3555 1321 3611 vost
1346 3555 1454 3611 Donate
1477 3554 1544 3609 mihi
1566 3555 1636 3612 haue
1659 3554 1796 3625 injuriam.

153 3645 188 3698 llt
201 3645 229 3699 in
243 3645 285 3699 his
298 3644 333 3700 de
348 3645 446 3716 quihus
460 3644 591 3718 gloriatus
605 3651 700 3698 sumet
713 3643 861 3716 gloriabor,
875 3645 949 3699 Deus
1001 3662 1012 3688 ι
1029 3640 1102 3696 Eece
1116 3642 1196 3698 tertio
1210 3643 1263 3699 hoe
1277 3650 1387 3714 paratus
1402 3660 1462 3699 sum
1470 3643 1565 3700 venire
1575 3643 1611 3699 ad
1619 3658 1668 3700 vos
1680 3659 1687 3700 :
1699 3651 1727 3700 et
1740 3660 1796 3701 nou

152 3733 324 3804 seitpnodin
338 3732 413 3787 nullo
428 3733 527 3787 horum
542 3731 749 3803 mentiorrqui
773 3739 814 3786 est
830 3733 902 3787 Deus
920 3735 948 3788 et
1000 3743 1075 3784 «ero
1089 3730 1181 3802 gravis
1198 3730 1286 3787 vobis.
1310 3731 1372 3787 Nou
1401 3731 1474 3788 enim
1501 3747 1593 3803 quaero
1618 3747 1680 3804 quae
1703 3739 1795 3790 vestra

152 3820 359 3876 Paterllornini
371 3821 428 3875 mei
448 3808 514 3876 lesu
530 3820 633 3876 Christi
644 3827 688 3875 :et
700 3836 751 3891 per
764 3821 857 3874 lesum
874 3819 950 3875 Chri·
1000 3836 1011 3866 ι
1029 3824 1099 3884 sunt,
1116 3819 1165 3874 sed
1180 3835 1239 3875 vos.
1263 3820 1322 3876 Nee
1345 3819 1418 3875 enim
1445 3819 1546 3876 debent
1565 3818 1613 3875 filii
1635 3820 1795 3891 parentibus

152 3916 225 3963 stum
246 3906 387 3963 familiaris
409 3907 474 3963 mihi
490 3926 497 3962 :
513 3909 561 3981 qui
584 3909 657 3963 Deus
668 3912 710 3963 est
730 3907 892 3964 benedictus
915 3910 947 3964 ia
998 3926 1010 3952 a
1028 3905 1220 3975 thesaurizare,
1236 3908 1286 3963 sed
1299 3914 1425 3979 parentes
1440 3907 1514 3963 tiliis.
1530 3909 1591 3981 Ego
1603 3914 1695 3964 autem
1709 3908 1794 3965 libeu-

151 3997 257 4054 secata
267 4012 318 4067 per
333 3995 469 4051 Christum
482 3996 597 4063 iesum,
614 4003 640 4051 et
650 4012 700 4067 per
707 4010 796 4051 meam
811 3996 947 4067 praediea·
999 3992 1133 4050 «tissime
1155 3995 1325 4067 impendam,
1351 4004 1378 4052 et
1399 3995 1628 4070 superimpendar
1650 4012 1705 4070 ego
1734 3997 1794 4069 ipse

150 4083 263 4141 tionem.
274 4085 383 4154 Dehoe,
397 4085 518 4156 inquam,
528 4100 582 4139 non
589 4083 714 4151 mentior,
725 4082 797 4157 quod
804 4085 945 4152 Damasei,
998 4102 1010 4132 ι
1025 4096 1077 4152 pro
1090 4083 1234 4139 animabus
1248 4083 1348 4141 vestris
1360 4103 1367 4151 ;
1379 4083 1452 4151 lieet,
1467 4084 1530 4156 plus
1540 4100 1589 4142 vos
1604 4083 1732 4158 diligens,
1744 4086 1796 4142 mi·

148 4173 176 4229 id
191 4181 233 4229 est
248 4173 320 4245 apud
331 4174 494 4230 Damascum
503 4173 669 4246 praepositus
684 4172 746 4227 illus
759 4173 862 4245 gentis,
873 4189 946 4245 prae-
998 4189 1009 4219 ι
1026 4185 1077 4224 uus
1090 4170 1203 4244 diligar.
1222 4173 1277 4229 Sed
1291 4180 1359 4230 esto.
1379 4174 1445 4249 *Ego
1460 4188 1509 4229 vos
1525 4188 1581 4230 non
1600 4173 1722 4246 gravavi,
1743 4175 1793 4232 sed

148 4263 254 4336 positus
269 4262 331 4318 dieo
345 4263 437 4319 Arete
451 4264 534 4335 repis,
546 4261 574 4317 id
589 4269 630 4317 est
645 4261 695 4316 sub
710 4263 792 4317 hrota
807 4278 882 4333 rege,
900 4260 946 4334 qui
996 4278 1008 4305 r
1026 4272 1087 4313 oum
1103 4275 1193 4315 essem
1213 4259 1329 4318 19⁹1
1349 4267 1464 4331 astutus,
1480 4260 1545 4317 dolo
1557 4277 1608 4318 vos
1630 4263 1702 4334 eoepi
1714 4262 1795 4320 Nun·

148 4350 186 4405 ibi
204 4350 355 4421 imperavit,
380 4350 424 4407 hie
447 4351 619 4423 prepositus,
645 4349 805 4413 conductus,
817 4365 899 4421 preee
919 4353 983 4415 etD
999 4367 1010 4392 v
1028 4344 1103 4417 quid,
1119 4364 1170 4419 per
1183 4347 1301 4421 aliquem
1315 4364 1412 4406 eorum
1426 4365 1495 4422 quos
1512 4349 1575 4405 misi
1592 4349 1701 4417 advos,
1727 4367 1792 4407 eur·

147 4438 234 4512 pretio
248 4439 414 4506 Judaeomm,
424 4439 598 4498 custodiebat
612 4440 757 4496 ciuitatem
765 4438 946 4494 Damasceno-
996 4452 1008 4485 ι
1027 4436 1152 4495 eumveni
1167 4453 1215 4494 vos
1225 4437 1239 4492 t
1249 4437 1354 4512 Rogavi
1367 4439 1467 4506 Titum,
1483 4446 1510 4495 et
1524 4437 1585 4494 misi
1600 4453 1663 4496 eum
1677 4438 1792 4496 illatra-

149 4532 269 4596 rum,ut
282 4544 326 4584 me
341 4529 598 4600 comprehenderet.
616 4525 715 4582 Paulus
732 4525 804 4581 enirn
819 4525 945 4597 baptiza·
997 4529 1102 4579 utrem.
1130 4525 1259 4598 Nunquid
1282 4527 1359 4582 Titus
1386 4543 1436 4583 voa
1464 4526 1667 4583 circumvenit?
1693 4528 1792 4586 Nonne

148 4625 192 4674 tus
206 4617 240 4672 ab
255 4617 370 4684 anania,
385 4616 543 4688 aliquandiu
557 4624 712 4671 remoratus
726 4613 861 4681 Damasci,
874 4612 945 4669 affir-
996 4629 1008 4661 ι
1025 4610 1122 4667 eodem
1137 4612 1232 4684 spiritu
1246 4613 1455 4681 ambulavimus,
1471 4630 1563 4671 noune
1581 4613 1685 4672 eisdem
1706 4616 1793 4672 resti·

148 4706 240 4762 mahat
254 4706 291 4760 ibi
306 4706 335 4761 in
358 4706 518 4778 synagoga,
540 4703 669 4776 quoniam
692 4701 736 4758 hie
759 4709 800 4757 est
821 4701 944 4757 Christus
995 4698 1099 4771 «girat
1116 4700 1187 4757 Olim
1201 4701 1300 4773 putatis
1315 4703 1388 4775 quod
1404 4718 1566 4759 excusemus
1574 4717 1626 4759 uos
1635 4704 1709 4775 apud
1716 4704 1792 4762 vos?

147 4794 221 4866 (Aet.
237 4809 278 4864 tx,
294 4795 402 4864 22-24),
420 4800 472 4849 etc.
489 4791 549 4861 Quo
564 4791 623 4847 zelo
637 4789 863 4847 commoti‘tudaei
874 4805 943 4847 eon·
995 4789 1117 4847 «Coram
1128 4791 1186 4846 Deo
1196 4790 1224 4845 in
1234 4790 1343 4847 Christo
1352 4791 1497 4863 loquimur.
1510 4790 1607 4847 Omnia
1618 4799 1718 4859 autem,
1728 4794 1793 4850 eha-

146 4889 279 4939 venerunt
294 4897 355 4939 cum
373 4881 465 4951 judice
489 4880 575 4947 urbis,
594 4887 623 4934 ut
645 4879 745 4935 Paulus
759 4879 942 4950 comprehen-
995 4877 1138 4946 arissimi,
1163 4886 1276 4950 propter
1303 4878 1510 4937 edificationem
1537 4886 1665 4936 vestram.
1694 4879 1790 4938 Timeo

146 4968 275 5034 deretur,
300 4969 345 5040 qui
370 4985 433 5025 reus
456 4976 538 5024 esset.
568 4967 730 5039 Praepositus
753 4967 863 5024 volebat
897 4982 942 5024 me
994 4967 1094 5024 «enim
1109 4983 1143 5022 ne
1157 4966 1235 5034 torte,
1252 4983 1314 5024 oum
1328 4984 1438 5037 venero,
1455 4983 1509 5026 nou
1520 4967 1614 5040 quales
1630 4969 1693 5026 volo
1707 4968 1791 5028 inve·

146 5057 392 5129 comprehendere,
411 5062 439 5113 et
462 5072 515 5129 ego
537 5073 588 5129 per
613 5059 771 5129 fenestram
790 5056 821 5111 in
843 5059 941 5128 sporta
992 5055 1789 5129 aniamvos,etegoinveniaravobisqualemuouvultia,

147 5145 360 5203 demissussum
371 5163 388 5201 a
398 5147 537 5217 fratribus
553 5162 604 5218 per
617 5161 731 5202 murum
744 5145 853 5216 (domus
868 5145 940 5200 anim
992 5166 1004 5196 ι
1020 5161 1055 5201 ne
1074 5143 1142 5200 torte
1156 5144 1352 5216 contentiones,
1369 5146 1564 5212 emulationes,
1587 5145 1788 5218 animositates,

144 5235 172 5291 in
188 5251 241 5307 qua
265 5233 461 5305 hospitabatur,
486 5233 608 5289 haerebat
629 5236 728 5303 muro),
753 5236 781 5289 et
800 5235 840 5289 aie
856 5232 941 5304 effugi
990 5256 1001 5282 a
1020 5233 1216 5302 dissensiones,
1232 5233 1431 5305 detractiones,
1448 5234 1657 5299 susurrationes,
1672 5233 1790 5292 intlatie·

144 5341 248 5381 munus
262 5324 324 5396 ejus
346 5321 484 5394 prepositi
498 5321 570 5390 (Act.
588 5336 628 5390 rx,
644 5323 701 5391 25).
717 5322 778 5377 Non
793 5320 888 5392 effugit
910 5327 941 5375 ιιι
990 5345 1002 5370 α
1019 5339 1078 5393 nes,
1095 5321 1252 5389 seditiones,
1269 5321 1322 5378 sint
1336 5321 1407 5378 inter
1420 5338 1479 5391 vos,
1489 5339 1524 5379 ne
1538 5322 1647 5393 iterum,
1661 5339 1724 5380 eum
1735 5339 1788 5382 ve·

141 5412 331 5469 reformidaret
350 5410 405 5483 pati
427 5425 476 5482 pro
500 5410 610 5466 nornine
631 5409 748 5478 Christi;
774 5409 824 5467 sed
844 5416 874 5465 ut
888 5407 939 5465 im-
990 5425 1095 5479 «nero,
1107 5410 1230 5467 humiliet
1239 5427 1284 5467 me
1295 5411 1369 5468 Deus
1378 5411 1451 5484 apud
1459 5427 1519 5479 vos,
1531 5418 1559 5468 et
1568 5411 1788 5486 lugeammultos

140 5501 261 5573 ploratur
275 5500 350 5575 quod
364 5482 417 5558 ios
431 5498 523 5559 divim
535 5498 640 5558 dixerat
657 5498 692 5557 de
702 5513 754 5558 eo:
771 5519 783 5553 ι
800 5498 856 5557 vas
866 5497 938 5558 elee-
989 5519 1001 5553 ι
1018 5514 1052 5557 ex
1064 5499 1108 5558 his
1122 5499 1167 5570 qui
1180 5506 1243 5558 ante
1252 5508 1446 5574 peceaverunt,
1461 5507 1489 5560 et
1502 5514 1558 5560 nou
1567 5500 1787 5578 egeruutpoeui·
