3742 5986
149 227 201 282 aas
582 231 754 291 curcoms
772 234 797 289 11
820 228 1024 291 crunnustn
1046 233 1194 294 uaroms
1215 235 1368 295 nmonrs.
1754 224 1806 291 tlt

146 352 180 407 Ut
196 352 261 424 quid
276 360 302 408 tu
318 353 364 425 qui
378 350 406 409 in
420 354 529 429 angulis
543 358 619 415 cellae
634 368 686 416 tuae
700 360 800 428 latitas,
817 360 886 418 ulios
898 344 985 431 ιιι-’Δ
997 361 1090 432 passio
1105 362 1186 419 debet
1200 362 1308 419 adesse.
1337 359 1443 418 Idcirco
1462 376 1524 418 cum
1542 356 1686 416 sinistrum
1701 358 1805 433 aliquid

148 438 243 506 dicas;
258 457 312 496 uon
327 443 437 514 quidem
449 444 506 514 Jam
522 446 556 500 ad
572 447 776 504 similitudinem
793 449 852 520 lupi
865 465 948 521 rapa-
1000 448 1060 505 lieri
1070 450 1181 517 videris,
1198 459 1264 522 puta
1283 451 1310 506 id
1324 449 1435 506 evenire
1450 463 1488 505 ex
1502 447 1673 516 infirmitate,
1690 455 1760 520 pute
1773 464 1805 504 ex

146 528 196 594 cis,
213 530 261 584 sed
276 531 366 604 magis
380 533 511 588 mordens
526 535 561 589 ad
575 535 662 591 instar
676 537 774 608 pulicis
788 538 949 594 mordacis?
998 537 1182 610 subreptione,
1189 548 1255 610 puta
1263 556 1296 595 ex
1304 555 1379 596 casu.
1387 536 1683 595 Excusaintentionem
1692 552 1806 609 operan-

145 614 204 673 Nec
215 617 332 686 judicas,
353 627 382 675 ut
410 620 455 677 illc
477 621 564 690 judex
586 625 685 692 justus,
701 625 729 680 in
744 626 881 697 aequitate,
898 626 948 683 sed
999 625 1042 693 tis,
1060 627 1083 681 si
1097 643 1227 684 excusare
1241 643 1294 684 non
1308 634 1387 699 potes
1401 627 1493 698 ipsum
1514 642 1593 697 opus.
1611 623 1698 695 Quod
1712 624 1739 680 si
1753 640 1803 683 noc

144 704 234 777 magis
251 714 278 761 ut
289 707 372 776 judex
386 709 505 782 iniquus,
521 712 568 783 qui
582 728 634 769 nec
650 713 777 770 homines
793 714 883 783 times,
895 731 947 772 nec
998 713 1086 785 ipsam
1101 716 1204 772 rideris
1217 731 1333 789 prorsus
1345 715 1464 787 aliquam
1478 713 1687 771 excusationem
1703 713 1805 769 admit-

145 792 233 849 Deum
243 797 389 863 revereris,
399 797 426 851 in
437 797 586 870 iniquitate.
603 801 673 856 Nam
688 801 818 874 impingis
832 802 860 857 in
873 802 945 874 prio·
997 809 1064 871 tere,
1073 811 1136 875 puta
1148 805 1325 861 tentationem
1335 803 1416 860 nimis
1426 803 1512 860 luisse
1522 803 1731 860 vehementem.
1741 802 1807 858 Crini

144 897 201 938 rem
217 891 303 953 tuum,
316 892 362 939 aut
376 884 404 939 in
431 902 493 941 eum
508 886 555 958 qui
581 887 641 945 loco
659 889 726 959 ejus,
757 889 817 962 ipso
832 891 946 948 absente
997 890 1087 962 itaque
1101 892 1219 965 aliquem
1234 892 1337 950 videris
1347 890 1524 963 spiritualiter
1533 900 1684 964 egrotare,
1697 890 1806 961 siccius

143 970 191 1025 tibi
206 979 315 1043 praest,
328 989 376 1028 seu
393 973 420 1028 in
438 975 609 1045 provisorem
627 984 712 1044 tuum,
725 978 768 1034 rel
783 980 810 1033 in
826 980 944 1050 aliquem
997 979 1045 1035 tibi
1061 979 1204 1051 displiceat
1234 981 1380 1055 egritudo,
1403 988 1432 1036 ut
1447 980 1555 1052 placeat
1568 984 1664 1035 brnen
1682 978 1734 1034 tibi
1759 978 1804 1051 qui

143 1059 259 1114 fratrum
274 1068 389 1116 tuomm.
404 1063 547 1135 Nunquam
556 1065 674 1136 aliquem
690 1071 803 1122 istorum
813 1067 942 1138 reperies,
996 1076 1116 1139 egrotus
1124 1069 1199 1138 jacet
1209 1087 1216 1124 ε
1226 1086 1278 1127 nec
1288 1070 1336 1125 tibi
1347 1068 1454 1141 placent
1468 1067 1541 1141 quod
1551 1074 1678 1141 egrotus
1693 1067 1804 1135 est,aed

142 1146 257 1219 quinon
273 1149 321 1203 tibi
343 1150 481 1206 multoties
496 1153 719 1222 reprehensibilis
733 1162 874 1226 appareat,
891 1155 943 1211 etsi
996 1155 1042 1212 ille
1052 1156 1101 1211 tibi
1115 1157 1223 1228 placent
1233 1158 1280 1230 qui
1293 1166 1413 1231 egrotus
1431 1165 1484 1213 est.
1509 1156 1566 1224 Sic,
1581 1155 1625 1213 sic
1638 1155 1746 1228 diliges
1754 1155 1804 1211 ho-

140 1237 328 1309 unusquisque
345 1239 479 1295 veraciter
492 1240 756 1311 irreprehensibilis,
773 1243 842 1299 sicut
860 1244 943 1300 homo
996 1243 1107 1314 minem,
1125 1252 1152 1301 ει
1165 1245 1339 1318 persequeris
1362 1253 1535 1317 peccatorem
1552 1261 1559 1298 :
1576 1243 1626 1318 qui
1636 1251 1736 1303 umen
1748 1243 1803 1315 pla·

142 1340 204 1380 csse
217 1333 308 1397 potest
323 1326 428 1382 existat.
445 1326 600 1396 Quomodo,
616 1329 662 1395 ait,
679 1330 729 1385 erit
743 1330 824 1400 istud,
836 1339 865 1386 ut
880 1348 943 1388 cum
996 1347 1060 1388 cere
1077 1332 1125 1389 tibi
1148 1333 1238 1400 debet,
1268 1349 1323 1390 non
1351 1333 1416 1406 quia
1439 1340 1569 1405 peccator
1596 1339 1649 1399 εει,
1675 1331 1729 1387 sed
1744 1332 1803 1405 quis

140 1413 238 1486 aliquis
259 1429 352 1470 eorum
376 1416 475 1471 merito
498 1417 660 1488 reprehendi
679 1434 734 1474 uon
751 1419 860 1485 debeat,
875 1420 941 1475 mihi
995 1419 1078 1477 bomo
1094 1429 1149 1477 est.
1170 1423 1200 1477 ln
1214 1422 1294 1477 malis
1314 1422 1439 1493 proinde,
1462 1437 1524 1493 quae
1537 1418 1644 1477 videris
1669 1434 1802 1493 apparere

140 1517 250 1573 quoque
263 1504 449 1575 unusquisque
460 1520 555 1560 eorum
567 1506 627 1575 jure
641 1507 883 1576 reprehendendus
897 1524 943 1580 ap-
999 1508 1026 1563 in
1042 1509 1208 1579 hominibus,
1225 1526 1277 1567 nec
1291 1509 1366 1566 zelus
1383 1509 1441 1577 tibi,
1466 1523 1518 1566 neo
1537 1507 1701 1580 compassio
1711 1507 1802 1565 desit:

139 1591 258 1662 pareat?
271 1592 312 1646 Ex
328 1607 361 1647 eo
377 1592 488 1663 quidem
503 1601 545 1648 εει
564 1595 636 1665 quod
653 1602 680 1649 tu
696 1595 833 1665 superbus
849 1603 875 1652 et
888 1596 941 1652 ira·
995 1605 1021 1652 et
1036 1596 1075 1654 sic
1090 1606 1144 1654 tam
1159 1598 1204 1654 ille
1219 1598 1361 1671 quamista
1375 1598 1403 1653 in
1415 1606 1442 1653 te
1452 1598 1496 1665 sit,
1507 1604 1536 1653 ιιι
1550 1596 1700 1669 utriusque
1710 1610 1800 1664 musa,

143 1678 258 1746 condus,
277 1679 388 1735 immitis
411 1689 438 1735 et
452 1680 598 1753 impatiens
611 1698 651 1748 es,
675 1690 701 1738 et
716 1700 853 1756 nunquam
878 1701 978 1772 pro-B
995 1686 1156 1758 principium
1170 1703 1288 1760 quoque,
1306 1695 1333 1743 et
1346 1686 1488 1754 medietas,
1505 1692 1588 1759 atque
1601 1682 1680 1754 finis,
1697 1685 1802 1743 ειεεετι

140 1763 227 1839 priam
243 1774 326 1834 tuam,
346 1776 585 1842 quantuncumque
600 1769 681 1825 luerit
701 1772 942 1842 perversauolnn·
992 1783 1018 1830 ει
1034 1775 1154 1831 ordinata
1172 1775 1292 1832 charitas
1314 1776 1396 1832 adsit.

140 1863 222 1911 tatem
246 1855 287 1910 vis
301 1855 446 1929 frangere3
475 1857 598 1914 sedeam
614 1874 724 1930 semper
748 1867 843 1916 contra
855 1861 900 1930 jus
915 1868 942 1916 ει

140 1943 190 2014 ias,
205 1951 351 2025 protervus
371 1953 397 2000 et
417 1945 538 2013 rebellis,
571 1954 653 2018 atquo
672 1948 844 2019 quantumin
860 1956 941 2004 ιεεει
1121 2023 1125 2033 Ι
1241 1951 1444 2009 carttbtbtt
1474 1950 1578 2007 xxsst.

138 2032 245 2105 penitus
260 2033 423 2089 invincibilis
434 2033 542 2090 conaris
554 2034 715 2106 adimplere.
728 2036 850 2109 Cumque
860 2051 941 2092 omne
994 2067 1123 2136 Qualiter
1150 2069 1284 2141 quintum
1300 2068 1496 2126 meditationi,
1519 2065 1637 2125 modum
1658 2083 1800 2141 mm

139 2122 213 2194 quod
229 2122 257 2176 in
270 2129 296 2176 ιε
312 2129 363 2187 est,
381 2122 421 2178 sic
436 2123 470 2176 sit
486 2123 513 2177 in
529 2131 564 2190 te,
582 2131 674 2179 utnon
693 2124 728 2179 ab
757 2124 848 2196 aliquo
874 2124 939 2194 alio,
1027 2139 1176 2195 deppam,
1198 2141 1229 2194 ιη
1256 2142 1353 2196 mem
1369 2144 1480 2206 noum,
1494 2142 1597 2196 coum
1622 2139 1724 2205 mam,

95 2226 105 2243 ι
140 2208 190 2265 sed
205 2225 222 2265 a
236 2208 324 2280 teipso
340 2208 393 2276 sit;
415 2217 441 2263 tu
456 2218 546 2265 tamen
562 2226 615 2266 non
632 2211 660 2265 id
676 2211 733 2278 tibi,
748 2212 797 2267 sed
812 2211 872 2266 aliis
886 2228 940 2284 po·
1022 2211 1135 2281 jupiter
1145 2211 1315 2336 Jutscmur,
1340 2211 1530 2268 ιεειιειιεηεει
1552 2208 1677 2277 comis,
1720 2211 1728 2223 ’
1777 2208 1805 2265 ιε’

141 2297 195 2354 tius
209 2297 335 2369 imputas,
354 2299 417 2370 quis
426 2300 521 2357 oculos
535 2299 645 2371 quidem
655 2307 718 2355 tuos
735 2301 771 2356 ad
787 2300 856 2356 alios
871 2316 940 2371 ape·
1026 2284 1056 2336 et
1073 2296 1144 2335 Μ
1164 2283 1184 2336 ι’·

139 2387 186 2453 ris,
203 2387 238 2442 ad
253 2387 370 2458 teipsum
385 2396 474 2444 autem
488 2404 520 2445 er
535 2396 591 2443 toto
606 2404 653 2443 eos
668 2388 773 2444 claudis
791 2404 798 2443 :
814 2389 886 2444 unde
911 2386 940 2443 ιιι
1024 2390 1065 2447 Da
1078 2391 1175 2463 quinto
1189 2390 1372 2448 meditationis
1385 2390 1479 2458 modo,
1508 2389 1701 2462 despectionis
1715 2404 1798 2448 causa

137 2484 166 2531 ut
181 2477 325 2532 salubriter
345 2477 462 2548 teipsum
476 2477 570 2533 videre
591 2493 645 2533 non
662 2477 762 2548 possis,
789 2477 854 2533 dum
870 2492 940 2532 nun·
990 2479 1064 2535 venit
1078 2488 1105 2534 ει
1119 2480 1291 2549 abjectionis,
1309 2488 1336 2536 ει
1350 2480 1425 2536 εεειι
1438 2481 1492 2537 hoc
1505 2479 1599 2535 modo.
1614 2479 1701 2553 iugis
1710 2487 1737 2535 ιε
1748 2495 1798 2535 ει-

139 2582 221 2638 quam
236 2574 272 2637 te,
288 2566 337 2622 sed
352 2583 461 2637 semper
473 2566 540 2622 alios
555 2566 683 2621 attendis.
706 2566 735 2622 Si
753 2566 825 2621 enim
841 2573 902 2621 tuus
913 2574 940 2623 te
992 2568 1129 2639 parientia
1143 2569 1226 2625 debet
1240 2568 1358 2625 reddere
1374 2575 1490 2636 certum,
1507 2568 1553 2641 qui
1567 2567 1711 2624 habitator
1724 2566 1799 2625 celle

138 2654 234 2711 oculus
255 2653 337 2725 plene
365 2654 484 2720 rideret,
510 2652 601 2708 nullus
628 2654 765 2710 multoties
793 2654 841 2708 tibi
869 2654 939 2709 alius
993 2672 1033 2725 es,
1051 2656 1115 2727 quia
1143 2657 1298 2714 nullatenus
1326 2658 1430 2729 absque
1453 2655 1602 2711 tentatione
1618 2670 1686 2712 esse
1709 2667 1795 2727 potes.

140 2740 288 2814 quisquam
304 2758 387 2814 quam
403 2742 502 2813 tuipse,
528 2741 629 2812 tibiipsi
649 2741 872 2813 reprehensibilis
891 2757 939 2813 ap·
989 2743 1018 2799 Si
1031 2744 1104 2800 enirn
1118 2760 1183 2801 vera
1193 2752 1235 2801 est
1249 2745 1294 2800 illa
1308 2744 1396 2801 sancti
1410 2744 1461 2800 viri
1485 2743 1621 2799 sententia
1637 2758 1646 2798 :
1666 2744 1795 2802 renutu

138 2837 259 2903 pareret.
272 2830 327 2886 Sed
351 2830 412 2901 quis
430 2829 547 2901 quadam
576 2829 658 2884 nimis
688 2829 768 2902 gravi
782 2829 938 2886 infirmitate
988 2836 1030 2887 cst
1043 2833 1331 2907 vituhomim'rsupcr
1355 2837 1463 2889 terrum
1478 2832 1545 2901 (lob.
1559 2846 1580 2897 t,
1596 2832 1635 2902 t),
1653 2831 1795 2904 imo‚quir

138 2919 299 2991 deprimeris
319 2919 428 2990 eosqui
443 2917 525 2974 etiam
553 2917 623 2973 bene
638 2917 686 2973 tibi
701 2918 728 2972 in
743 2918 869 2973 omnibus
884 2919 939 2973 mi·
988 2936 1055 2977 uera
1079 2930 1131 2990 εει,
1159 2922 1271 2978 ιεειειιο
1290 2936 1429 2993 nunquam
1443 2920 1542 2976 deesse
1565 2926 1659 2990 potest
1673 2919 1794 2993 quandiu

137 3008 263 3075 nistrant,
278 3023 387 3079 semper
402 3006 578 3078 reprehendis
595 3021 601 3060 :
620 3022 682 3064 cum
700 3007 751 3063 hoc
765 3015 792 3062 te
807 3015 887 3080 cogat
899 3007 938 3062 la·
988 3009 1044 3064 situ
1063 3025 1146 3081 super
1167 3017 1270 3067 terram
1285 3018 1326 3066 εει
1344 3009 1359 3065 t
1374 3010 1550 3081 Consequens
1565 3007 1684 3079 proinde
1698 3016 1751 3075 est,
1766 3015 1795 3063 ut

138 3114 200 3154 cere
221 3113 275 3153 non
295 3113 390 3153 eorum
411 3096 504 3168 aliqua
521 3097 595 3168 (quin
613 3111 726 3166 prorsus
740 3095 813 3151 nulla
827 3095 880 3167 est)
890 3060 973 3151 neo
987 3097 1115 3166 cumJam
1128 3113 1183 3154 non
1196 3108 1394 3171 superterram
1409 3096 1527 3169 amplius
1541 3094 1623 3163 vivia,
1635 3096 1710 3153 scias
1720 3094 1793 3169 quod

141 3186 283 3260 gligeutia,
297 3201 357 3242 curn
376 3185 450 3242 omni
464 3185 563 3255 tibiipsi
579 3184 871 3256 sert'iantdiligeutia;
888 3184 938 3240 sed
987 3201 1159 3258 nequaquam
1183 3195 1257 3259 ante,
1277 3187 1326 3243 sed
1351 3195 1415 3243 tunc
1429 3185 1547 3257 primum
1566 3183 1627 3240 sine
1643 3182 1793 3240 tentatione

138 3283 182 3330 tua
197 3275 287 3345 potius
314 3271 455 3329 iufirmitas
474 3289 584 3345 magna.
600 3274 657 3329 Nec
680 3273 733 3328 ista
748 3272 849 3328 idcirco
869 3272 938 3327 dixi·
986 3283 1036 3338 sis.
1053 3278 1132 3333 Nunc
1155 3284 1182 3332 te
1202 3283 1288 3332 tentat
1311 3290 1386 3343 caro,
1411 3280 1497 3329 tentat
1518 3271 1651 3339 mundus,
1667 3279 1755 3328 tentat
1767 3277 1794 3329 ει

137 3379 209 3428 mus·
227 3363 300 3434 q⁰0d
323 3362 415 3418 Omnia
425 3379 486 3434 ‘1¹¹ae
510 3361 545 3415 ab
561 3361 622 3417 filiis
649 3361 726 3417 Vides
742 3358 810 3430 heri,
827 3376 937 3431 semper
987 3371 1032 3426 ille
1047 3366 1134 3424 hostis
1148 3364 1284 3437 antiquus.
1300 3363 1422 3420 Trahere
1437 3371 1464 3417 te
1487 3361 1581 3416 nititur
1595 3375 1673 3428 caro,
1690 3361 1728 3417 ad
1740 3375 1792 3417 ro-

136 3453 256 3509 debeant
268 3450 385 3516 laudari,
402 3459 428 3506 et
449 3465 588 3523 nunquam
610 3465 660 3521 pro
675 3448 735 3505 loco
764 3457 790 3505 et
804 3456 935 3520 tempore,
988 3459 1119 3530 luporem
1136 3499 1142 3522 ‚
1165 3453 1283 3509 mundus
1297 3452 1331 3507 ad
1345 3451 1507 3517 venitatem,
1523 3448 1653 3505 diabolus
1666 3448 1702 3505 ad
1714 3448 1791 3505 illum

135 3557 186 3612 pro
196 3555 314 3612 persona
328 3548 354 3595 et
370 3555 453 3595 causa
468 3554 484 3593 a
500 3546 526 3594 te
541 3536 706 3609 reprehendi
724 3539 797 3607 (cum
812 3553 867 3593 nou
881 3545 936 3592 tam
986 3563 1041 3620 quo
1051 3545 1111 3617 ipse
1125 3543 1222 3615 plenus
1236 3548 1287 3610 est,
1304 3539 1477 3611 superbiaeet
1487 3537 1612 3604 tumoris,
1636 3536 1749 3594 incidire
1766 3542 1793 3594 ει

135 3647 218 3702 saepe,
242 3645 323 3702 quam
339 3629 396 3684 lere
412 3644 521 3699 semper
545 3627 633 3701 magis
651 3626 879 3698 reprehendenda
893 3626 937 3681 vi·
986 3632 1090 3699 livoris,
1102 3633 1163 3693 irae,
1178 3629 1243 3696 odii,
1264 3636 1291 3684 et
1311 3627 1430 3683 ahorum
1448 3643 1510 3698 quae
1532 3625 1561 3680 in
1586 3625 1661 3682 huno
1677 3624 1790 3682 modum

134 3719 200 3775 deas
218 3734 301 3791 quam
315 3717 470 3788 laudanda),
488 3716 537 3772 sed
552 3724 580 3770 ut
595 3715 643 3782 sic,
660 3731 721 3777 eum
741 3731 823 3770 causa
840 3714 934 3786 exigit,
986 3730 1047 3779 stmt
1061 3721 1187 3779 vitiorum
1199 3716 1380 3790 spiritualium
1394 3716 1547 3772 horrorem.
1564 3714 1603 3769 Tu
1620 3720 1715 3771 autern
1729 3728 1792 3771 cunt

134 3807 201 3863 ulios
217 3822 340 3872 accuses,
357 3806 428 3861 utin
447 3805 481 3859 iis
495 3805 523 3858 in
539 3804 637 3876 quibus
652 3804 741 3874 tuipse
758 3803 840 3875 digne
856 3819 937 3859 accu·
986 3811 1079 3884 aliqua
1093 3809 1206 3864 istarum
1227 3806 1408 3862 tentationum
1423 3801 1528 3875 pulsari
1543 3809 1569 3858 te
1584 3802 1683 3873 sentis,
1700 3809 1790 3858 statua

135 3895 192 3951 sari
207 3893 301 3960 debes,
319 3900 345 3949 te
364 3908 503 3964 nunquam
525 3908 648 3948 excuses.
666 3893 698 3946 th
713 3891 753 3947 sic
768 3890 814 3946 liet
828 3899 857 3946 ut
871 3891 935 3946 dum
985 3908 1012 3957 ιθ
1030 3906 1092 3955 ante
1106 3906 1147 3967 te,
1161 3896 1260 3953 sedens
1287 3893 1315 3948 in
1330 3893 1399 3949 cella
1414 3899 1460 3948 rua
1471 3907 1478 3946 ς
1490 3898 1517 3946 er
1531 3889 1560 3945 in
1573 3889 1684 3947 interna
1698 3889 1792 3947 medi.

136 3982 304 4038 incessanter
313 3980 431 4036 attendis
447 3994 529 4053 quam
545 3979 639 4050 grauia
650 3987 713 4033 sunt
727 3977 800 4033 mala
813 3979 933 4050 propria,
986 3989 1087 4045 tatione
1104 3994 1148 4042 tue
1161 3984 1225 4041 vide
1235 3990 1262 4039 et
1271 3981 1416 4039 considera
1430 3979 1545 4052 qualiter
1554 3994 1616 4034 eam
1630 3978 1789 4051 despicere,

110 4124 116 4131 ,
134 4070 320 4127 tolerabiliore
333 4069 381 4124 tihi
396 4069 539 4125 uideantur
552 4068 657 4135 aliena;
674 4076 703 4123 ut
717 4068 781 4123 dum
792 4067 935 4124 zelustuus
985 4086 1012 4136 et
1026 4092 1043 4133 a
1058 4083 1085 4132 te
1101 4074 1220 4144 objicere
1230 4071 1330 4143 possis.
1347 4070 1413 4125 Cum
1424 4077 1451 4124 te
1459 4083 1524 4126 caro
1534 4067 1666 4123 tentando
1675 4064 1790 4140 alloqui·

135 4159 216 4232 plene
243 4165 412 4231 temperatus
445 4156 527 4213 fuerit
554 4157 635 4212 etiam
665 4155 764 4211 nimius
793 4172 855 4211 esse
879 4173 935 4212 non
984 4174 1037 4233 tur,
1054 4163 1115 4220 voci
1131 4163 1190 4232 ejus
1204 4159 1316 4215 nelariae
1330 4172 1385 4213 non
1399 4157 1523 4228 praebeas
1552 4169 1657 4223 amem,
1674 4154 1727 4212 sed
1741 4154 1790 4210 ab·

134 4248 229 4320 possit.
247 4248 360 4321 Eritque
374 4248 427 4303 hoc
451 4262 511 4303 cum
535 4261 672 4318 nunquam
688 4244 769 4300 nimis
789 4245 831 4301 vel
848 4245 936 4301 subsi·
984 4270 1053 4326 sque
1067 4251 1141 4309 omni
1168 4265 1243 4305 mors
1265 4247 1308 4304 see
1336 4262 1398 4302 eam
1423 4245 1503 4301 silere
1519 4260 1526 4300 :
1540 4243 1585 4300 iac
1608 4252 1703 4300 autem
1731 4243 1785 4300 hoc

134 4345 209 4393 stens
223 4336 301 4403 citra,
312 4335 356 4393 vel
373 4351 403 4391 se
419 4335 570 4391 extendens
583 4333 667 4400 ultra,
683 4333 733 4388 sub
749 4334 829 4389 modo
845 4350 875 4389 se
885 4348 934 4388 co·
985 4341 1077 4398 modo,
1094 4338 1243 4396 Considera
1261 4336 1287 4390 in
1310 4334 1486 4391 meditatione
1506 4339 1550 4388 tua
1566 4347 1649 4405 quam
1667 4331 1788 4404 impura,

132 4425 225 4481 bibcat
238 4432 265 4479 ει
286 4439 432 4489 mensura;
453 4423 497 4479 via
511 4422 621 4495 quidem
646 4423 722 4494 regia
752 4421 893 4476 ambulans
907 4418 970 4480 ctI)
985 4444 1120 4503 quamque
1131 4426 1192 4482 leda
1208 4425 1242 4481 sit
1256 4425 1315 4480 haec
1330 4438 1396 4479 caro
1416 4438 1499 4495 quam
1513 4428 1618 4493 portas,
1634 4435 1721 4493 quum
1739 4420 1789 4476 im.

133 4528 306 4586 nequaquam
314 4513 395 4567 nimis
406 4520 510 4568 temere
526 4512 568 4567 rel
579 4528 594 4566 a
607 4511 710 4566 dextris
724 4511 768 4566 vel
783 4527 798 4564 n
814 4509 930 4564 sinistris
983 4518 1084 4575 munda
1099 4524 1126 4571 er
1141 4514 1233 4571 brevis
1248 4512 1282 4569 sit
1298 4511 1387 4568 omnis
1402 4509 1547 4567 delectatio
1561 4509 1632 4577 eius,
1642 4508 1720 4581 quod
1728 4514 1791 4581 post

132 4603 283 4659 declinans.
293 4603 387 4673 ltaque
401 4610 429 4656 tu
444 4601 490 4673 qui
503 4600 641 4656 habitator
655 4615 686 4655 es
700 4598 787 4665 cellae,
797 4614 860 4654 cum
873 4612 929 4653 non
982 4607 1119 4663 modicum
1134 4603 1215 4659 morti
1226 4609 1267 4658 est
1283 4600 1424 4665 credenda,
1439 4606 1465 4654 et
1479 4605 1541 4670 post
1558 4604 1677 4653 mortem
1697 4596 1789 4653 futuru

129 4692 204 4747 nulla
219 4690 261 4747 vel
277 4690 397 4746 audieris
406 4689 448 4745 vel
459 4688 585 4745 viderisa
597 4688 760 4760 quibusdam
768 4687 838 4742 mala
849 4702 924 4744 com·
981 4704 1024 4753 ese
1038 4692 1150 4762 vermis,
1168 4699 1194 4747 et
1209 4690 1336 4762 putredo,
1352 4696 1379 4744 ει
1389 4688 1477 4754 ιειοι;
1495 4692 1556 4757 post
1570 4700 1696 4742 vermem
1710 4700 1787 4752 uero,

131 4780 209 4849 mitti,
225 4779 266 4835 sic
280 4795 314 4835 ea
328 4795 377 4850 per
400 4777 488 4833 zelum
503 4786 529 4833 et
544 4775 735 4833 rectitudinem
761 4791 884 4842 accuses,
900 4783 929 4830 ut
980 4783 1096 4840 fetorem
1111 4789 1138 4838 et
1151 4778 1333 4852 putredinem,
1359 4774 1560 4845 abjectissimus
1583 4780 1611 4828 et
1635 4772 1787 4829 vilissimus

131 4885 163 4924 ex
179 4868 308 4924 nonnulla
329 4875 406 4940 pcrle
431 4881 481 4936 per
504 4864 632 4937 pielalem
659 4874 685 4920 ιι
711 4863 931 4936 compassionem
979 4872 1079 4944 pulvis.
1096 4871 1164 4926 Cum
1177 4868 1259 4941 igitur
1277 4866 1312 4922 ad
1328 4862 1525 4936 experientiam
1539 4860 1643 4917 illicitas
1658 4867 1686 4917 et
1701 4860 1789 4918 scele-

131 4973 255 5013 excuses.
267 4957 448 5028 Nequaquam
462 4954 629 5009 laudandum
639 4961 719 5024 puros
730 4951 930 5026 quodjurede-
980 4968 1057 5028 rate,
1073 4975 1106 5015 ae
1121 4959 1184 5014 ideo
1194 4954 1342 5012 mortifere
1351 4951 1503 5008 dulcedinis
1512 4949 1622 5005 trahere
1638 4956 1666 5005 ιε
1681 4947 1786 5016 mutor,

132 5045 177 5101 bet
206 5045 378 5115 reprehendi,
396 5044 467 5100 sicut
494 5058 546 5098 nec
572 5041 838 5113 reprehendendum,
857 5039 930 5112 quod
980 5047 1089 5120 depicta
1107 5047 1142 5101 ab
1162 5045 1208 5101 illo
1224 5043 1369 5100 seductore
1392 5039 1492 5096 callido
1508 5052 1601 5094 coram
1616 5036 1724 5092 mentis
1739 5044 1790 5093 tna

129 5133 343 5190 meritolaudari
361 5151 367 5187 :
383 5148 419 5187 ne
433 5131 499 5186 illud
516 5131 704 5202 propheticum
718 5130 840 5185 incurras
856 5128 930 5200 quod
979 5135 1076 5200 ocutis,
1092 5132 1208 5190 earnalis
1227 5131 1333 5202 speeies
1349 5128 1461 5194 iormae;
1478 5124 1636 5193 considera,
1648 5140 1708 5181 non
1724 5114 1788 5197 qni·

131 5222 249 5278 taleest:
261 5219 582 5293 l'oequidicuntmulum
595 5218 709 5283 bonum,
721 5215 860 5272 sibonum
869 5233 930 5272 mo·
979 5224 1041 5279 dem
1057 5222 1295 5293 quotienscunque
1315 5217 1484 5273 extrinsecus
1500 5213 1608 5270 ridetur
1634 5228 1783 5286 apparere,

132 5312 210 5379 tum,
223 5312 361 5382 Ρθιῑθιῑῑθι
376 5324 507 5363 “marum
517 5309 549 5362 in
565 5304 657 5371 dulce,
670 5309 699 5361 tl
711 5303 793 5361 dulce
803 5307 835 5360 in
846 5321 929 5360 omu·
978 5311 1028 5367 sed
1041 5310 1131 5382 mugla
1144 5308 1231 5381 qualis
1246 5308 1274 5363 in
1288 5306 1350 5378 ipsa
1362 5304 1403 5361 rei
1414 5303 1538 5369 ueritate,
1555 5301 1582 5356 in
1596 5301 1694 5373 seipsa
1704 5301 1788 5359 etiam

129 5415 204 5466 rum,
225 5400 362 5471 mmmm
378 5398 470 5452 imm
490 5395 626 5459 umbra&
645 5397 674 5449 el
694 5391 825 5449 umbrat
837 5393 929 5448 lucem
977 5415 1049 5455 nuno
1063 5399 1092 5453 iu
1105 5398 1159 5455 vita
1174 5398 1217 5464 sit,
1233 5403 1261 5452 et
1274 5394 1364 5467 qualis
1373 5400 1436 5466 post
1450 5398 1564 5448 mortem
1580 5387 1670 5445 lutura
1686 5390 1735 5445 sit.
1747 5388 1792 5446 tt·

129 5493 195 5567 (lso.
211 5497 307 5565 v,tt⁰);
327 5493 377 5550 sed
400 5491 471 5549 sicut
484 5506 593 5563 sempor
612 5505 674 5547 cum
688 5488 794 5557 laudas,
806 5487 927 5546 adulatio
977 5487 1057 5544 debis
1066 5495 1171 5559 aperte,
1186 5484 1251 5558 quia
1265 5483 1344 5556 quasi
1359 5496 1457 5539 saccus
1473 5478 1584 5553 quidem
1603 5476 1674 5535 loris
1687 5476 1792 5535 nitidus

128 5581 208 5638 debet
224 5582 332 5647 abesso3
345 5581 381 5636 ita
396 5579 572 5636 nihilominus
587 5594 648 5636 cum
657 5577 834 5651 reprehendis
848 5592 926 5636 com-
976 5582 1098 5648 apparot,
1115 5574 1163 5630 sed
1178 5573 1249 5629 intus
1263 5570 1337 5628 omni
1353 5567 1499 5643 spurcitia,
1515 5573 1543 5624 et
1558 5564 1752 5634 immunditia,
1767 5571 1792 5624 ct
