3742 5986
137 175 189 228 898
608 172 756 232 thNNlS
775 174 903 234 cantii.
927 174 1117 233 Pousinon
1136 176 1306 234 trouhout
1575 227 1581 232 .
1738 182 1786 237 900

132 301 347 374 ιι,ι).Αιίοᾳιιιιι
356 301 723 358 mercedemnonhnbebitic
733 301 809 374 apud
817 305 932 359 Patrem
945 302 1142 373 Aperfectum,
1154 303 1208 359 imo
1223 303 1283 359 sine
1296 303 1426 360 charitate
1436 303 1502 359 nihil
1525 303 1616 375 possit
1636 303 1784 376 prodesse.

133 394 269 455 ventrem,
278 390 365 462 quiin
376 391 453 445 celis
462 393 503 445 ert
512 391 620 461 (blattis.
637 405 675 456 ιι,
690 393 727 459 5).
740 392 806 445 ltem
821 391 856 446 de
871 390 932 446 tali·
979 391 1024 446 illa
1038 391 1186 461 apostolica
1200 391 1280 447 lectio
1294 399 1321 447 te
1330 391 1428 463 poterit
1438 392 1567 462 edocere,
1584 408 1651 464 qua»
1666 392 1710 448 sic
1723 392 1784 449 inci·

133 477 184 531 bus
200 477 284 531 dicit:
301 477 389 532 Amen
408 477 468 534 dico
484 478 567 541 υοιὶι,
589 482 758 548 receperunt
773 479 930 534 mercedem
979 479 1018 550 pit
1030 480 1073 534 :Si
1084 479 1343 550 iinqoirhominom
1354 480 1781 552 loquanercnpetoramtlccr.

133 580 217 620 snam
228 563 317 632 (tota,
330 564 368 635 5).
384 564 446 619 Noli
461 564 696 629 automarbitrari,
709 565 812 620 malum
823 581 884 621 esse
894 565 930 620 ab
979 581 1041 629 xiii.
1058 570 1070 620 l
1086 585 1093 634 ;
1108 569 1188 623 Rom.
1204 581 1263 634 ιιιι,
1279 570 1323 633 38,
1348 566 1404 637 89),
1420 574 1472 623 eto.
1483 567 1560 622 Felix
1578 568 1663 637 cujus
1679 566 1782 623 animus

132 651 286 706 hominibus
297 651 412 717 laudari,
430 652 453 706 si
463 668 517 707 non
526 652 689 708 adulationis
701 669 784 709 causa
793 652 839 707 fiat
851 672 857 708 ε
868 669 929 708 cum
979 654 1013 708 ita
1028 654 1128 725 plenus
1143 662 1185 709 est
1203 653 1345 724 charitate,
1360 662 1390 709 ut
1404 654 1538 711 veraciter
1553 655 1649 725 possit
1666 654 1780 711 dicem

134 747 257 795 econtra
266 739 399 809 scriptum
414 739 448 793 sit
462 759 472 795 .·
486 742 532 796 l'oe
541 740 658 806 tormini,
669 756 721 812 per
734 757 816 812 quem
825 758 929 797 nomen
981 741 1081 798 Certae
1096 758 1160 798 ram
1182 744 1249 815 quia
1267 758 1357 815 nepae
1374 758 1467 808 mors,
1490 758 1584 814 neque
1607 744 1685 809 rita,
1696 758 1781 815 neque

133 828 248 884 Domini
262 828 572 898 blaspbemctnrfflcm.
583 843 602 896 t,
617 829 671 893 2l3
688 828 739 883 lea.
755 843 801 894 uu,
819 831 857 900 5).
874 828 928 884 Sed
978 833 1113 886 creatura
1137 831 1234 902 aliquo
1247 830 1353 901 poterit
1368 846 1415 886 me
1433 846 1569 902 separare
1590 847 1609 885 a
1636 829 1780 886 charitate

132 914 233 969 maium
250 921 300 980 est,
317 914 425 970 laudem
448 923 586 986 appetere,
607 915 650 970 vel
665 930 767 972 amare.
978 918 1036 983 Dei,
1049 918 1201 990 quaerttn
1213 916 1324 974 cbristo
1334 918 1401 974 tera
1411 918 1529 974 Domino
1543 921 1661 976 nostro.

172 1005 206 1061 De
217 1003 372 1058 Claritate.
383 1033 417 1042 —
429 1003 576 1074 Postquam
585 1011 675 1059 autem
685 1003 839 1058 didicerisa
850 1003 928 1058 Chri·
1012 1006 1050 1061 Dc
1064 1007 1252 1077 consessione.
1267 1034 1302 1044 -
1317 1003 1443 1076 aliquem
1468 1003 1627 1076 spiritalem
1641 1004 1736 1061 virum
1747 1004 1779 1060 de

135 1098 187 1160 sto,
203 1090 275 1145 mitis
291 1106 362 1158 esse,
383 1099 410 1146 et
424 1090 533 1145 humilis
562 1091 654 1160 corde,
670 1091 716 1146 ille
730 1091 775 1162 qui
802 1092 927 1162 superbis
977 1093 1155 1159 monasterio,
1179 1091 1340 1163 opportunis
1356 1093 1446 1162 (prout
1459 1091 1508 1146 tibi
1533 1100 1563 1148 et
1577 1091 1618 1147 illi
1632 1092 1778 1163 videbitur)

133 1179 243 1246 resistit,
255 1185 282 1233 et
292 1176 439 1233 humilibus
447 1178 492 1232 dat
502 1179 620 1251 gratiam
635 1194 722 1246 suam,
733 1180 845 1249 petenti,
857 1195 928 1250 qum
976 1176 1141 1246 temporibus
1155 1175 1189 1230 ad
1203 1174 1336 1231 tevenire
1357 1174 1516 1247 postulabis,
1541 1190 1600 1230 non
1615 1176 1776 1248 quemlibet,

131 1266 212 1332 renti,
228 1265 347 1337 pulsanti
361 1265 409 1319 tibi
423 1265 498 1320 dabit
512 1282 561 1336 per
579 1266 706 1336 Spiritum
722 1274 844 1322 sanctum
859 1267 926 1322 cha·
977 1264 1025 1318 sed
1040 1263 1200 1336 religiosum
1220 1263 1310 1317 virum
1325 1269 1351 1318 et
1377 1262 1538 1330 discretum,
1569 1263 1617 1319 cui
1642 1264 1777 1319 humiliter

131 1354 249 1420 ritatem,
267 1368 321 1424 qua
345 1354 479 1423 majorem
507 1353 573 1407 nulli
596 1353 698 1408 homini
713 1353 741 1407 in
755 1354 805 1409 hac
815 1354 868 1408 vita
880 1354 928 1408 dat
977 1352 1054 1422 quasi
1079 1351 1152 1405 Patri
1182 1349 1336 1406 confitearis
1358 1348 1487 1418 offensas,
1506 1351 1609 1423 quibus
1637 1359 1667 1407 te
1690 1367 1776 1408 romu

129 1441 258 1515 gratiam.
274 1441 338 1495 llaec
352 1447 494 1513 postquam
524 1441 637 1511 coeperit
651 1441 678 1495 in
706 1441 789 1496 corde
808 1449 853 1496 tuo
867 1440 925 1496 ler-
975 1439 1033 1494 Deo
1047 1438 1289 1509 reprehensibilem
1299 1454 1360 1494 esse
1380 1438 1593 1497 animadvertes.
1610 1440 1680 1496 Non
1695 1439 1776 1496 solon

129 1545 204 1596 vere,
220 1528 257 1582 ita
271 1527 391 1582 dilatabit
414 1527 489 1598 illud,
506 1536 535 1583 ut
550 1529 681 1600 quidquid
705 1529 751 1582 tibi
772 1529 800 1583 in
827 1528 926 1584 divinis
975 1527 1046 1582 enim
1061 1527 1243 1598 negligentias
1252 1526 1399 1593 actionum,
1411 1526 1455 1583 vel
1469 1528 1649 1585 temeritates
1664 1527 1776 1585 locutio-

128 1616 265 1671 mandutis
277 1616 374 1670 durum
385 1615 501 1685 videtur,
514 1616 557 1672 vel
565 1615 682 1680 difficile,
699 1617 745 1671 liat
755 1616 961 1708 facillimumB
975 1631 1050 1682 num,
1066 1615 1115 1671 scd
1126 1623 1153 1670 et
1165 1623 1277 1686 peccata
1302 1614 1497 1685 cogitationum
1522 1616 1615 1672 debes
1630 1616 1775 1683 discutere,

130 1707 179 1771 lta,
195 1705 316 1775 inquam,
333 1703 457 1758 dilatabit
475 1719 523 1759 cor
551 1711 634 1770 tuum,
652 1712 679 1760 et
693 1720 861 1776 quecunque
876 1705 925 1759 tibi
974 1712 1000 1759 et
1018 1703 1045 1758 in
1059 1718 1124 1760 cera
1153 1711 1255 1770 notata,
1281 1702 1325 1758 vol
1338 1703 1496 1759 membrana
1509 1704 1684 1761 memoriter
1696 1702 1776 1763 conli-

129 1792 197 1847 dura
211 1791 347 1861 videntur,
363 1792 407 1847 vel
433 1807 542 1862 aspera,
557 1793 677 1861 iucunda
705 1791 785 1847 laciet
801 1801 827 1848 et
841 1793 922 1860 levia,
973 1791 1025 1846 tori
1042 1809 1048 1846 :
1067 1799 1093 1846 ot
1108 1807 1169 1862 qum
1176 1790 1211 1844 ab
1227 1805 1259 1845 eo
1274 1789 1323 1844 tibi
1332 1789 1516 1863 injungentur,
1534 1791 1642 1849 devote
1657 1793 1775 1865 exsequi,

126 1888 155 1935 ut
169 1880 302 1936 ueraciter
312 1880 386 1935 dicas
405 1897 411 1935 :
434 1882 510 1937 Viam
524 1881 728 1937 mandatorem
751 1885 864 1936 lacrum
874 1897 923 1937 ca·
973 1887 1000 1935 et
1015 1887 1043 1934 ut
1062 1894 1110 1950 pro
1125 1886 1150 1934 te
1176 1887 1235 1934 oret
1259 1878 1398 1933 humiliter
1420 1878 1578 1950 deprecari,
1591 1880 1679 1949 juxta
1692 1881 1776 1937 illud:

127 1970 207 2025 carri
217 1985 283 2024 cem
298 1968 429 2023 dilatasti
439 1984 487 2024 cor
497 1984 591 2024 mcum
602 1957 688 2033 (Pani.
700 1983 797 2032 cxvm,
809 1968 854 2038 3l)
871 1985 877 2022 :
890 1969 923 2023 Et
974 1967 1154 2035 confitemini
1167 1968 1342 2022 alicastrum
1350 1970 1469 2039 peecata
1478 1971 1585 2033 cestra,
1594 1972 1628 2024 et
1638 1974 1722 2026 orate
1729 1983 1774 2041 pro

126 2056 210 2111 illud:
224 2058 256 2112 ln
267 2058 312 2110 cia
329 2056 528 2111 mandaterum
548 2059 662 2112 tuorum
676 2057 832 2111 delectatus
847 2072 919 2122 snm,
971 2056 1093 2111 inuicem
1103 2059 1137 2110 nt
1149 2055 1301 2110 salvemini
1311 2053 1381 2125 (lac.
1398 2068 1426 2120 v,
1437 2055 1493 2126 to).
1506 2055 1561 2110 Per
1570 2055 1774 2114 contessionem

128 2147 202 2200 secat
218 2146 250 2198 in
265 2143 394 2199 omnibus
413 2143 519 2198 divitiis
530 2143 619 2213 libid..
637 2143 775 2212 ll).Hano
786 2152 813 2197 tu
829 2143 920 2199 chari·
971 2143 1043 2198 enim
1072 2150 1098 2197 et
1126 2141 1322 2213 poenitentiam,
1345 2157 1407 2198 cum
1436 2142 1576 2200 sacrificio
1588 2145 1731 2201 orationis
1750 2154 1774 2203 et

131 2239 224 2296 tatem,
241 2229 308 2284 nihil
323 2229 397 2284 aliud
412 2245 493 2300 qnam
508 2230 681 2286 dilectionem
695 2231 744 2285 Dei
759 2238 786 2286 et
800 2231 920 2301 proximi
970 2230 1108 2303 praeterita
1122 2237 1235 2300 peccata
1250 2230 1399 2297 diluuntur,
1416 2239 1443 2285 et
1467 2229 1559 2286 lutura
1586 2241 1735 2298 caventur,
1749 2242 1773 2289 et

124 2318 256 2389 intelligo.
272 2318 341 2372 Nam
356 2317 409 2372 duo
425 2325 487 2372 sunt
505 2326 652 2389 praecepta,
668 2319 717 2373 sed
732 2333 786 2373 una
800 2325 841 2373 est
856 2319 920 2374 cha·
971 2318 1077 2375 insidiae
1092 2326 1174 2390 atque
1189 2317 1331 2374 illusiones
1344 2318 1498 2373 daemonum
1517 2329 1669 2387 caventur,
1686 2331 1713 2378 et
1726 2337 1770 2378 ra-

123 2407 200 2461 ritas.
212 2406 279 2461 Cum
295 2406 330 2460 de
340 2406 447 2461 duobus
460 2405 594 2460 mandatis
605 2407 736 2461 Dominus
747 2406 917 2478 loqueretur:
969 2413 1093 2463 cuantur.
1115 2405 1189 2461 Scire
1206 2405 1306 2476 quippe
1319 2405 1414 2471 debes,
1438 2405 1580 2479 religiosis
1595 2418 1626 2464 et
1639 2411 1735 2482 magui
1746 2417 1771 2466 et

122 2494 154 2550 ln
171 2494 224 2562 liis,
237 2494 333 2565 inquit,
345 2495 449 2551 duobus
458 2496 749 2566 preceptirnniverm
761 2495 920 2567 leependet
969 2494 1048 2550 ardui
1068 2493 1288 2564 proposuimus,
1304 2508 1355 2564 pro
1372 2493 1502 2566 gravibus
1532 2495 1627 2566 culpis
1652 2498 1769 2570 deputari

121 2588 149 2640 et
162 2582 305 2655 prophetae
320 2583 430 2650 (ilattb.
442 2583 654 2653 numidicum
669 2591 757 2638 autem
776 2583 811 2638 de
824 2583 917 2638 chari·
968 2582 1101 2654 quasdam
1115 2580 1246 2648 offensas,
1261 2597 1322 2653 quae
1348 2581 1432 2649 leves,
1448 2588 1475 2638 et
1488 2583 1619 2639 veniales
1642 2585 1672 2641 in
1686 2602 1766 2644 sacu-

120 2678 184 2738 tato,
197 2686 258 2741 quae
272 2685 326 2724 una
341 2677 391 2735 est,
408 2670 556 2739 Apostolus
570 2670 734 2742 loqueretur,
751 2671 789 2725 ait
801 2688 807 2724 :
817 2673 917 2727 Pleni·
967 2669 1018 2724 lari
1032 2669 1240 2725 conversatione
1264 2669 1412 2724 habentur.
1430 2670 1526 2741 ltaque
1540 2681 1689 2730 memento
1700 2675 1767 2747 qaod

122 2759 189 2813 tado
206 2757 754 2829 teqisestdilectiotlicm.x111‚10).Duo
767 2767 915 2831 orgosunt,
968 2758 1063 2813 beatus
1073 2757 1123 2812 Job
1139 2757 1175 2812 ait
1189 2757 1224 2811 ad
1239 2757 1386 2812 Dominum
1402 2772 1409 2812 :
1429 2757 1548 2815 Verebar
1569 2762 1673 2818 ornnia
1688 2778 1766 2835 opero

120 2845 319 2916 quaejubentur
329 2845 393 2911 ;sed
404 2860 458 2899 una
470 2851 511 2900 est
522 2844 641 2901 charitas
651 2862 701 2917 per
713 2862 795 2917 quam
806 2847 919 2917 implen-
967 2862 1040 2907 mea,
1056 2846 1147 2901 aciens
1157 2844 1227 2918 qaod
1241 2861 1299 2902 non
1307 2849 1438 2916 parceret
1447 2846 1642 2918 delinquenti
1653 2851 1713 2919 (lob
1726 2865 1762 2919 ιι,

118 2941 171 2988 tur.
186 2934 324 3003 l‘roeccptc
339 2949 400 3004 quaa
411 2933 540 3000 jubentur
553 2940 615 2987 sunt
629 2934 655 2987 iu
671 2933 752 3005 logc;
771 2935 820 2989 scd
830 2935 917 2989 chari·
967 2936 1023 3004 28).
1039 2931 1199 2988 Conlortare
1213 2933 1294 3005 igitur
1317 2933 1345 2987 in
1377 2932 1504 3002 Domino,
1527 2942 1555 2989 et
1568 2934 1688 2993 viriliter
1704 2953 1762 3011 age,

118 3030 161 3076 tas
176 3036 226 3092 per
240 3037 320 3092 quam
335 3021 480 3091 implentur
495 3029 536 3076 est
549 3021 577 3075 in
587 3021 680 3076 corde.
693 3022 746 3077 Sed
757 3038 813 3091 non
826 2995 950 3092 ροιεειΟ
965 3037 1019 3076 non
1034 3020 1106 3075 enim
1121 3020 1169 3074 tibi
1183 3020 1269 3075 deerit
1282 3020 1415 3087 Christus,
1426 3028 1512 3076 necte
1522 3037 1572 3077 aaa
1579 3025 1763 3094 promissione

117 3126 179 3165 esse
195 3109 221 3163 in
236 3108 365 3164 cordibus
381 3108 491 3173 nostris,
504 3125 537 3163 ex
547 3109 626 3163 nobis
640 3109 773 3179 ipsis,ch
788 3125 837 3180 per
850 3126 914 3166 nos·
965 3109 1111 3177 fraudabit,
1123 3106 1185 3179 quia
1195 3107 1260 3163 dicit
1274 3127 1284 3164 .·
1298 3109 1369 3165 Eece
1383 3124 1430 3180 eqo
1444 3109 1590 3165 vomerum
1600 3128 1669 3169 sam
1678 3117 1762 3171 omni·

118 3197 263 3268 metipsos;
276 3196 325 3251 sod
335 3197 461 3252 charitas
473 3199 531 3264 Dei,
543 3197 580 3251 ait
590 3197 745 3267 Apostolus,
758 3198 861 3269 diffusa
871 3203 913 3254 cat
964 3197 1014 3252 bas
1028 3197 1123 3252 dicim
1136 3211 1222 3268 arque
1237 3195 1273 3250 ad
1286 3197 1559 3253 consummationem
1575 3202 1688 3257 soeculi.
1704 3203 1761 3273 lpse

118 3287 150 3340 in
165 3285 293 3341 cordibus
306 3285 421 3350 nostrie,
433 3301 485 3356 per
499 3286 638 3356 Spiritum
652 3289 784 3342 sanctiam
800 3287 848 3357 qui
864 3287 913 3342 da·
964 3293 1052 3339 autem
1067 3284 1113 3355 qui
1137 3291 1163 3340 te
1176 3299 1226 3353 per
1239 3283 1357 3355 gratiam
1377 3299 1455 3339 suam
1479 3286 1607 3357 vocavit,
1623 3288 1662 3344 ita
1677 3290 1724 3345 tibi
1737 3297 1762 3345 et

121 3377 166 3429 tas
183 3372 316 3428 estncbis
332 3374 508 3442 (Domini).
527 3373 602 3428 ilaue
616 3373 912 3439 tuinstantissime,in-
962 3372 1042 3427 nobis
1064 3371 1162 3427 auxilio
1186 3380 1292 3426 tuarum
1321 3371 1473 3427 orationum
1506 3372 1610 3443 adjutis
1639 3376 1762 3450 dignetur

115 3467 255 3516 cessantur
268 3467 295 3514 et
308 3459 484 3516 devotissime
498 3459 533 3514 ab
544 3459 590 3515 illo
601 3469 672 3531 pete,
685 3475 701 3515 a
712 3476 765 3532 quo
777 3469 817 3516 cst
831 3476 912 3516 omna
962 3460 1069 3527 adesse,
1081 3468 1110 3514 ut
1124 3467 1218 3514 mutua
1227 3475 1278 3514 nos
1288 3459 1316 3514 in
1325 3476 1413 3533 regno
1428 3475 1477 3518 suo
1491 3460 1600 3519 visione
1614 3463 1697 3521 iaciat
1706 3466 1760 3522 sine

114 3548 208 3603 datum
236 3547 379 3617 optimum,
395 3554 421 3601 et
441 3563 522 3602 omne
542 3547 643 3602 donum
657 3546 817 3618 perfectum.
834 3547 910 3617 Quo·
961 3547 1015 3603 fine
1030 3547 1160 3619 gaudere.
1182 3551 1278 3603 Amen.

113 3636 195 3691 modo
211 3635 269 3690 sine
285 3634 416 3690 charitate
430 3635 534 3690 nullum
549 3651 618 3706 opus
632 3635 733 3690 bonum
748 3636 835 3707 possit
848 3652 910 3692 esse

114 3787 1759 3826 Μ

358 4118 360 4125 ’
399 4185 763 4283 caaruusms
803 4185 1142 4283 rosnaium
1181 4187 1464 4286 mousom

605 4411 933 4517 EPISTOLAE
973 4415 1250 4541 QUINQUE

447 4630 499 4699 (Ex
514 4628 608 4685 codice
623 4644 676 4684 ms.
690 4627 850 4684 monasterii
865 4628 893 4684 S.
910 4629 1036 4701 Augendi
1050 4629 1174 4686 lunensis
1188 4647 1236 4688 seu
1251 4632 1280 4688 S.
1297 4632 1425 4707 Claudii.)

355 4897 525 4954 Epistola
553 4898 671 4953 Plllhlh.
991 4899 1043 4969 Qui
1058 4900 1097 4967 tit,
1118 4900 1286 4969 charissime,
1312 4902 1340 4957 in
1363 4903 1469 4960 Christo
1488 4904 1752 4979 desiderantissime,

914 4974 941 5032 D
956 4996 984 5043 ut
996 5004 1057 5043 cum
1073 5003 1168 5044 omnes
1188 4989 1401 5064 circumquaque
1421 4993 1515 5064 populi
1528 4995 1696 5056 Christianae
1709 5016 1753 5056 re·

179 5071 215 5110 ab
230 5071 397 5113 sruauanuu
411 5071 539 5112 FRATREM
556 5070 647 5110 (ΜΝΞ
661 5071 697 5110 ΕΤ
711 5071 827 5113 Sl'fflffli·
955 5074 1065 5148 ligionis
1079 5076 1250 5146 professores
1261 5079 1356 5146 simus,
1365 5080 1499 5136 mandatis
1508 5082 1674 5154 Dominicis,
1684 5094 1753 5142 tanta

956 5179 1050 5218 corum
1070 5164 1115 5236 qui
1140 5165 1210 5221 intra
1232 5167 1382 5223 Ecclesiam
1406 5169 1581 5226 continentur
1597 5174 1750 5241 mmtitudc,

954 5267 1009 5306 non
1024 5252 1113 5307 solum
1126 5253 1306 5310 obedientiam
1321 5271 1377 5310 non
1392 5255 1510 5324 deferre,
1523 5256 1655 5317 iaciendo
1669 5262 1751 5334 impe·

141 5339 290 5394 Srseuauo
305 5337 481 5393 dilectissimo
496 5336 523 5389 in
539 5334 656 5401 Christo,
678 5347 803 5390 ioannes
817 5334 900 5390 irater
954 5347 1024 5406 rata,
1047 5357 1143 5397 verum
1165 5342 1244 5398 etiam
1259 5343 1401 5399 obstinatis
1415 5344 1512 5400 animis
1534 5336 1690 5418 adversari,
1710 5349 1750 5406 la-

101 5425 279 5497 ipsiuscarne
293 5441 325 5482 ac
339 5425 445 5497 spiritu,
462 5424 489 5478 in
506 5421 759 5480 christivisceribus
770 5422 897 5490 inveniri,
952 5426 1050 5483 ciendo
1066 5429 1212 5499 prohibita,
1238 5430 1413 5488 inveniatur?
1427 5431 1480 5502 Qui
1493 5433 1614 5507 utrique,
1631 5444 1691 5494 tam
1707 5437 1750 5511 qui

102 5520 129 5569 et
142 5515 179 5570 ab
197 5515 332 5574 auditione
346 5513 418 5570 mala
431 5528 487 5570 non
508 5512 612 5568 timere.
950 5512 1084 5585 imperata
1098 5532 1154 5573 noa
1168 5516 1280 5590 faciunt,
1290 5534 1372 5591 quani
1387 5519 1433 5593 qui
1446 5520 1691 5593 prohibitattcere
1700 5539 1750 5582 non

372 5198 410 5254 De
434 5199 502 5268 sapa
515 5197 623 5252 secali.
