3742 5986
110 109 144 164 ii
384 110 412 166 S.
433 108 610 166 BRUNONIS
630 109 952 170 caaruusttrtouuu
969 107 1211 169 lNSTlTUTOlllS
1231 110 1306 168 OPP.
1328 111 1416 168 PARS
1436 110 1469 167 tl.
1717 112 1752 167 li

112 253 124 283 ι
141 239 221 304 ρειει
234 230 457 301 circumcisionis,
473 248 528 289 non
542 232 585 288 his
600 239 704 288 tantum
727 233 773 305 qui
795 242 857 289 sunt
871 239 941 297 exA
955 235 1025 307 legis
1035 233 1189 304 justificari,
1206 234 1255 290 sed
1269 232 1336 290 fides
1348 233 1493 304 justificat,
1511 241 1578 290 teste
1593 233 1747 306 Scriptura.

112 320 358 389 «circumcisione,
384 322 433 376 sed
456 329 482 377 et
506 321 548 376 bis
571 321 618 393 qui
641 329 776 377 sectantur
790 322 904 394 vestigia
960 324 1030 393 Quid
1046 325 1122 379 euim
1144 324 1291 395 Scriptura
1308 323 1397 380 dicit?
1410 325 1469 380 Hoc
1479 323 1592 389 scilieet,
1608 323 1750 379 Abrabam

111 430 122 458 ι
140 407 214 477 fidei,
231 426 291 482 quea
305 419 345 466 εει
360 410 387 464 in
410 410 540 481 praeputio
563 410 647 481 patris
669 410 755 465 nostri
769 411 898 466 Abrahae.
954 412 1260 478 aredidttlleo,ctillud
1274 412 1387 468 credere
1397 413 1643 484 reputatumertei
1659 412 1750 483 adju-

111 518 122 548 «
139 498 201 554 Non
216 498 287 554 enim
305 515 356 570 per
378 498 467 570 legem
482 498 630 570 promissio
652 498 780 566 Abraliae,
797 507 842 554 aut
856 516 903 555 se·
954 501 1076 570 stitiam,
1091 500 1123 556 id
1145 509 1184 556 est
1200 517 1250 571 per
1265 499 1346 556 fidem
1361 517 1413 572 qua
1427 502 1486 556 Deo
1508 500 1633 570 credidit,
1649 501 1750 556 meruit

111 607 123 638 r
139 585 206 641 mini
218 587 285 656 ejus,
301 594 331 642 ut
345 588 512 643 lraeresesset
526 587 630 652 mundi,
647 588 696 642 sed
710 603 760 658 per
770 587 902 656 justitiam
951 587 1103 658 justificari.
1132 591 1303 660 deputatam
1323 594 1376 656 est,
1401 589 1464 645 ideo
1478 589 1552 657 dicit,
1570 589 1634 660 quia
1646 589 1749 645 multo-

110 672 212 730 ltidei.
230 675 342 731 Sienim
357 675 403 748 qui
418 692 451 731 ex
466 674 903 749 lege25haeredessunt,exi·
953 678 1004 732 ties
1032 684 1058 732 et
1090 677 1208 733 diversis
1241 678 1409 748 temporibus
1440 677 1591 748 repromisit
1626 677 1678 733 hoc
1711 677 1751 732 illi

110 783 121 815 ι
138 763 229 819 nauita
239 770 281 819 est
304 762 383 831 fides,
409 764 512 819 abolita
535 773 575 819 est
590 762 743 834 promissio.
760 764 814 818 Lex
829 763 903 819 ειιιιιι
952 765 1036 832 Deus,
1053 773 1079 821 et
1092 764 1165 820 nulla
1186 766 1245 822 vice
1264 766 1403 820 Abraham
1416 766 1558 832 haesitavit,
1570 766 1625 821 'sed
1639 782 1749 837 semper

108 851 900 923 uiramoperatur.Ubieuimnonestlex,nee'praerarlcatio.
952 853 1077 909 credidit.
1093 852 1164 922 Quia
1178 854 1245 908 dixit
1259 854 1293 909 de
1308 854 1456 923 Abrabam,
1473 871 1534 909 eum
1551 854 1653 909 scilicet
1666 854 1746 923 justi-

108 961 120 991 «
138 941 203 996 Ideo
216 956 249 997 ex
264 938 318 996 tide
332 948 361 995 ut
384 941 532 996 secundum
557 940 671 1013 gratiam
686 938 764 995 firma
783 940 817 995 sit
838 957 903 1011 pro·
952 940 1063 998 ticulum
1077 958 1127 1013 per
1141 940 1232 1009 fidem,
1248 950 1342 998 elnon
1365 959 1416 1015 per
1438 959 1520 1015 opera
1541 942 1620 1014 legis,
1638 942 1749 1013 adaptat

108 1052 119 1077 ι
136 1029 230 1084 ιιιιεειο
245 1029 318 1085 οιιιιιι
335 1028 432 1084 εειιιιιιι
448 1046 454 1085 :
471 1044 526 1084 non
537 1029 562 1084 ει
577 1029 623 1100 qui
639 1028 740 1101 exlege
751 1037 792 1084 est
802 1029 900 1095 solum,
951 1030 1077 1086 omnibus
1092 1031 1186 1086 diceus
1204 1048 1210 1084 :
1227 1031 1287 1087 Non
1304 1031 1355 1087 soli
1368 1032 1485 1087 Abrahae
1499 1031 1551 1087 hoc
1567 1030 1605 1097 tit,
1618 1029 1684 1084 nihil
1700 1030 1750 1085 sci·

108 1117 266 1174 ‹sedetei
281 1117 327 1189 qui
349 1134 381 1172 ex
397 1115 450 1172 lide
479 1125 520 1172 est
544 1118 670 1183 Abrahae,
702 1117 841 1188 quipater
860 1125 902 1172 cst
951 1118 1015 1174 lieet
1031 1117 1235 1189 iustificationis
1257 1120 1378 1176 invenire
1402 1120 1579 1191 exoperibus
1601 1119 1681 1192 legis,
1699 1118 1748 1174 sed

105 1228 116 1253 ι
136 1206 254 1262 omniurn
270 1215 390 1261 nostrum
408 1223 414 1258 :
431 1205 500 1261 sicul
514 1204 646 1275 scriptum
661 1213 726 1260 est:
745 1227 756 1252 ι
773 1204 842 1274 Quia
857 1221 901 1276 pa·
952 1207 1115 1262 etiamomni
1127 1209 1209 1280 siqui
1219 1213 1364 1280 operatur,
1377 1209 1405 1264 id
1415 1216 1456 1264 est
1466 1209 1513 1281 qui
1523 1208 1746 1279 legemoperum,

107 1316 117 1342 ι
134 1301 204 1349 trem
224 1293 370 1349 multarum
387 1293 508 1365 gentium
522 1293 601 1364 posui
621 1301 646 1348 tc
662 1294 871 1364 (Geu.xr11,5),
888 1318 899 1341 ι
951 1295 1033 1350 idest
1055 1304 1185 1361 veterem,
1211 1305 1238 1352 et
1257 1312 1312 1352 nou
1332 1296 1447 1368 gratiam
1470 1297 1590 1369 sequitur
1607 1313 1613 1351 ε
1629 1297 1747 1353 illinon

104 1406 115 1431 ι
133 1390 195 1438 ειιιε
211 1384 298 1439 Deum
318 1382 361 1439 cui
379 1381 521 1438 credidisti
539 1399 545 1434 :
562 1381 608 1453 qui
626 1379 743 1437 viviticat
765 1389 898 1448 mortuos,
950 1388 1134 1455 computatur
1147 1401 1253 1442 merces
1269 1387 1424 1442 secundum
1437 1387 1571 1457 qratiam,
1589 1384 1616 1439 id
1636 1392 1678 1439 est
1692 1384 1745 1440 iste

107 1491 117 1523 ι
136 1479 163 1527 ει
177 1479 256 1528 vocat
271 1487 304 1526 ea
320 1487 380 1543 quae
395 1486 449 1526 non
465 1477 537 1537 sunt,
555 1478 683 1542 tanquam
699 1486 730 1525 ea
744 1486 804 1542 quae
821 1478 898 1524 sunt:
951 1473 1228 1542 quaeritrcmunerari
1242 1489 1297 1528 non
1312 1474 1492 1547 pergratiam
1507 1473 1568 1541 Dei,
1583 1473 1632 1529 εειι
1641 1488 1746 1528 secuti-

104 1583 115 1608 ι
133 1559 186 1629 Qui
201 1567 295 1616 contra
310 1575 387 1630 spem
402 1558 429 1612 iu
445 1575 521 1629 spem
550 1558 673 1624 credidit,
690 1565 719 1612 ut
733 1557 809 1613 fieret
821 1566 937 1655 peterB
951 1561 1015 1616 dam
1030 1561 1164 1627 debita-m,
1181 1561 1210 1617 id
1220 1563 1415 1618 estsccundum
1431 1563 1505 1633 quod
1519 1561 1620 1616 meritis
1631 1576 1745 1631 operum

101 1669 113 1699 ι
133 1648 282 1703 ιιιιιιιειιιιιι
297 1647 416 1720 gentium
433 1646 582 1702 secuudum
597 1647 670 1716 quod
685 1645 843 1701 dictumest
858 1645 898 1700 ei:
951 1665 1060 1705 suorum
1071 1650 1194 1705 debetur.
1212 1652 1246 1706 ti
1256 1668 1319 1707 uero
1330 1652 1378 1724 qai
1387 1666 1445 1707 nan
1454 1655 1598 1722 operatur,
1609 1649 1636 1704 id
1647 1656 1689 1704 est
1698 1649 1746 1719 qui

103 1758 114 1788 ι
131 1735 176 1792 Sic
192 1737 243 1792 crit
258 1751 352 1791 semen
366 1743 449 1800 tuum,
467 1735 535 1791 sicut
549 1733 636 1789 stellae
646 1733 717 1803 coeli,
731 1742 757 1789 et
772 1742 901 1805 tanquam
950 1736 1159 1809 legemopcrum
1170 1754 1223 1794 non
1235 1740 1364 1811 sequitur,
1387 1740 1435 1795 sed
1444 1740 1613 1796 crederitiiu
1623 1741 1746 1812 eamqui

101 1847 112 1873 ι
133 1839 217 1879 arena
231 1823 316 1879 maris
330 1824 410 1894 (Gen.
428 1838 489 1887 ιιιιι,
508 1823 562 1891 15).
583 1846 594 1871 ι
619 1824 652 1876 Et
673 1838 728 1877 non
749 1821 900 1878 infirmatus
946 1826 1226 1898 justificatimpium,
1239 1827 1318 1883 idest
1329 1827 1375 1900 qui
1386 1843 1418 1884 ex
1428 1827 1521 1898 impio,
1534 1827 1557 1881 si
1567 1828 1715 1893 credidit‚t
1730 1858 1745 1869 ·

102 1936 113 1961 ι
134 1911 218 1968 estin
241 1909 307 1979 lide,
335 1927 386 1967 ιιεε
402 1909 584 1967 consideravit
598 1925 697 1981 corpus
712 1927 791 1965 suum
807 1925 899 1966 emor·
950 1913 986 1968 cit
997 1915 1112 1984 justum,
1132 1916 1210 1985 fides,
1225 1916 1346 1987 iuquam,
1363 1917 1423 1987 aias
1440 1915 1577 1971 credentis
1591 1920 1747 1989 reputatur

106 2009 210 2056 «tuum
226 2018 233 2054 τ
249 2016 311 2056 cum
323 2000 381 2069 jam
401 1998 460 2054 scre
484 2007 593 2054 centum
617 2006 690 2053 esset
714 2013 857 2065 annorum,
874 2005 901 2053 el
950 2001 989 2056 illi
1006 2002 1042 2057 ad
1062 2005 1228 2075 justitiam:
1245 2003 1309 2075 quia
1319 2002 1482 2072 justificatur
1505 2003 1564 2059 siue
1588 2005 1661 2059 omni
1684 2021 1746 2060 me-

109 2112 120 2141 «
138 2097 289 2145 emortuam
302 2087 412 2143 vulvam
428 2087 511 2142 Sarae.
536 2087 565 2141 ln
589 2085 804 2156 repromissione
819 2085 900 2142 etiam
950 2090 1001 2145 rito
1018 2108 1024 2144 :
1039 2107 1088 2161 per
1102 2091 1190 2146 solam
1203 2090 1303 2158 tidem,
1323 2091 1393 2149 sicut
1408 2107 1492 2163 supra
1506 2101 1645 2148 ostensum
1662 2101 1703 2148 cst
1718 2094 1747 2148 in

108 2200 120 2229 ι
137 2177 188 2233 Dei
211 2192 267 2233 non
280 2175 415 2231 haesitavit
438 2173 595 2240 diffidentia,
619 2174 667 2229 sed
682 2174 851 2230 confortatus
866 2191 900 2229 ειι
950 2179 1096 2234 Abraham.
1113 2180 1162 2236 Vel
1176 2180 1253 2235 aliter
1269 2194 1276 2234 ε
1292 2180 1365 2236 Licet
1379 2181 1494 2235 dixerim
1505 2179 1644 2251 perfidem
1658 2181 1746 2236 solam

111 2264 190 2320 «fide
217 2265 286 2320 dans
310 2263 425 2337 gloriam
450 2263 518 2328 Deo,
540 2262 697 2333 plenissime
724 2262 814 2317 sciens
837 2262 900 2333 quia
951 2267 1009 2322 sine
1024 2268 1085 2339 lege
1096 2267 1250 2337 justificari,
1277 2275 1368 2324 tamen
1389 2269 1415 2325 ci
1428 2270 1476 2341 qai
1491 2271 1636 2336 operatur,
1660 2269 1687 2323 id
1703 2277 1745 2325 est

107 2376 118 2405 ι
136 2368 305 2426 quaecunque
320 2351 445 2422 promisit
457 2351 541 2416 Deus,
561 2358 659 2421 potens
684 2358 725 2405 est
747 2359 774 2405 et
797 2350 898 2417 tacere,
950 2355 995 2427 qui
1012 2363 1118 2427 tempus
1132 2356 1215 2412 babet
1233 2356 1371 2428 operandi,
1389 2372 1442 2412 non
1457 2364 1498 2411 εει
1513 2357 1662 2413 vacandum
1678 2357 1743 2424 otio,

107 2441 199 2497 «ideo
222 2449 249 2497 et
272 2447 423 2511 reputatum
443 2447 484 2494 est
506 2438 544 2492 illi
560 2439 595 2493 ad
618 2437 758 2507 justiliam.
782 2439 843 2494 Non
858 2446 900 2493 est
950 2445 998 2499 sed
1013 2445 1083 2499 bene
1097 2445 1237 2515 operando
1252 2444 1418 2500 credendum
1438 2452 1480 2500 εει
1503 2445 1621 2500 venienti
1638 2445 1746 2517 gratiae.

108 2552 120 2582 ι
138 2537 229 2586 ειιιειιι
244 2528 375 2599 scriptum
398 2535 503 2581 tantum
526 2534 639 2598 propter
660 2525 759 2596 ipsum,
780 2526 844 2598 quia
857 2544 900 2582 re·
949 2533 1010 2587 Non
1025 2532 1096 2588 enim
1111 2532 1210 2588 talibus
1224 2533 1269 2606 qui
1284 2540 1389 2588 atatem
1405 2532 1534 2603 operandi
1548 2533 1648 2588 habent
1662 2534 1748 2605 impu·

108 2640 120 2671 a
136 2626 261 2690 putatum
283 2624 324 2672 est
347 2615 384 2670 illi
399 2615 582 2685 adjustitiam,
599 2615 648 2668 scd
663 2622 689 2669 et
712 2623 823 2685 propter
838 2630 897 2681 nos,
950 2627 1021 2676 tatur
1035 2636 1164 2688 merces;
1181 2622 1229 2676 sed
1244 2620 1273 2676 dt
1288 2621 1440 2687 retributio,
1456 2636 1510 2676 non
1525 2621 1614 2693 gratia
1629 2629 1744 2690 tantum,

109 2727 121 2757 ι
139 2707 237 2780 quibus
251 2705 418 2777 reputabitur
437 2702 611 2759 credentibus
630 2702 658 2757 in
673 2718 748 2759 eum.
768 2701 822 2771 Qui
837 2719 900 2758 sus·
950 2709 998 2765 scd
1005 2710 1154 2765 secuudum
1164 2709 1325 2775 debitum,id
1336 2717 1377 2764 est
1386 2709 1426 2765 sic
1436 2709 1536 2764 debent
1545 2710 1654 2777 mereri,
1665 2709 1745 2766 26

106 2796 226 2852 «citarit
253 2797 346 2850 lesum
383 2791 520 2848 Christum
555 2790 700 2846 Dominum
735 2798 857 2846 nostrum
884 2807 900 2847 a
950 2804 979 2870 ut
993 2813 1043 2868 per
1056 2797 1183 2853 meritum
1204 2797 1329 2865 adiuvent
1348 2797 1474 2869 gratiam.
1497 2797 1530 2852 b'i
1544 2813 1607 2853 vera
1621 2799 1669 2870 qui
1687 2815 1746 2854 noa

107 2906 119 2936 ι
136 2883 259 2940 mortuis.
276 2881 327 2951 Qui
342 2880 456 2936 traditus
467 2887 508 2935 εει
521 2888 632 2951 ριοριει
646 2878 744 2935 (ιειιειε
758 2888 861 2947 nostra,
874 2887 901 2936 ει
950 2889 1096 2957 operatur,
1112 2885 1140 2940 id
1155 2893 1196 2940 est
1212 2885 1258 2956 qui
1271 2899 1327 2940 non
1348 2885 1428 2939 babet
1443 2892 1549 2956 tempus
1570 2885 1703 2956 operandi
1718 2894 1748 2941 ut

911 2946 934 3008 0
949 2972 1028 3043 pueri
1043 2973 1132 3028 statim
1147 2973 1304 3040 morientes,
1320 2973 1504 3029 sed‘credenti
1514 2973 1542 3027 in
1557 2990 1618 3029 eum
1635 2973 1680 3046 qui
1697 2989 1747 3045 per

949 3058 1031 3116 fidem
1043 3059 1173 3131 justificat
1186 3060 1309 3132 impium,
1323 3060 1362 3115 illi
1375 3066 1527 3132 reputatur
1540 3062 1609 3131 tides
1634 3064 1695 3132 ejus
1710 3063 1746 3118 ad

416 3187 576 3228 mosmo·
944 3150 1102 3219 justitiam,
1118 3148 1145 3204 id
1160 3157 1201 3205 est
1216 3149 1276 3205 sola
1291 3147 1357 3204 fides
1372 3148 1469 3205 sufficit
1483 3151 1518 3204 ad
1525 3148 1746 3219 justificationem

949 3236 1018 3306 ejus,
1034 3236 1077 3293 cui
1091 3244 1184 3293 tenera
1199 3245 1265 3293 aetas
1280 3253 1363 3309 opera
1377 3237 1501 3310 negavit.

138 3336 273 3408 Quoniam
283 3332 393 3406 quidem
408 3347 441 3388 ex
455 3330 583 3402 operibus
596 3328 667 3403 legis
681 3328 755 3385 nulla
767 3327 899 3399 justifica·
985 3324 1060 3381 Sicut
1088 3325 1212 3397 superius
1232 3326 1357 3397 probarit
1377 3342 1426 3397 per
1448 3325 1602 3398 exemplum
1616 3326 1743 3393 Abrahae,

101 3431 150 3497 tio,
167 3427 217 3483 sed
231 3422 369 3497 perfidem
380 3427 493 3485 tantum,
506 3435 568 3491 erqo
578 3419 779 3492 quiddicamas
791 3418 805 3472 ι
816 3419 899 3475 Abra·
949 3428 1059 3470 omnem
1072 3415 1229 3470 credentem
1241 3413 1385 3483 justificari
1400 3430 1451 3485 per
1463 3413 1554 3483 fidem,
1571 3415 1609 3469 ita
1623 3413 1667 3469 hic
1679 3428 1743 3482 pro-

104 3520 170 3575 tam
183 3519 295 3588 patrem
309 3514 441 3569 nostrum
451 3508 491 3564 sic
506 3507 628 3581 gentium
643 3516 671 3562 ut
685 3508 842 3563 ludaeorum
858 3522 900 3562 se·
949 3502 1012 3557 bare
1026 3502 1119 3572 incipit
1133 3518 1184 3574 per
1206 3501 1388 3558 auctoritatem
1404 3501 1499 3566 David,
1512 3516 1630 3566 omnem,
1640 3497 1740 3568 justifi-

102 3606 221 3665 cuudum
235 3600 318 3655 fidem
328 3593 793 3662 iuvenissesecuottumcarnem,id
804 3602 845 3649 est
856 3610 900 3650 se-
949 3591 1080 3646 cationem
1097 3605 1158 3644 esse
1173 3605 1206 3643 ex
1223 3589 1320 3662 gratia.
1337 3589 1412 3644 Sicut
1436 3587 1508 3642 enim
1522 3585 1590 3641 fides
1613 3603 1663 3658 per
1677 3603 1743 3658 gra-

102 3694 221 3752 cumlum
237 3687 352 3747 carnalis
365 3685 436 3756 legis
451 3680 676 3739 observantiam?
692 3679 741 3735 Vel
754 3681 792 3735 ita
807 3698 814 3735 :
828 3681 898 3750 Quid
948 3676 1022 3744 tiam,
1035 3677 1071 3730 ita
1093 3676 1196 3745 justitia
1211 3691 1244 3732 ex
1264 3675 1322 3730 sola
1345 3675 1431 3749 gratia
1445 3674 1496 3731 Dei
1520 3676 1644 3730 habetur.
1662 3677 1743 3733 Unde

103 3784 228 3839 dicemus
238 3776 379 3833 inuenisse
393 3771 524 3828 excarnis
538 3768 743 3826 circumcisione
757 3767 898 3824 Abrabam
948 3764 988 3821 sic
1003 3763 1041 3818 ait
1057 3781 1064 3818 ε
1083 3785 1093 3814 ι
1110 3762 1191 3819 Fides
1217 3770 1357 3835 reputatur
1371 3762 1445 3819 omni
1468 3762 1589 3819 eredenti
1614 3763 1648 3818 ad
1661 3763 1741 3833 justi·

103 3871 217 3943 patrem
232 3866 372 3925 uestram,
389 3859 416 3914 id
431 3864 472 3914 est
486 3856 654 3924 ludaeorum,
670 3854 819 3911 seeundum
834 3870 897 3910 car·
948 3852 1013 3907 tiam
1026 3867 1032 3907 ε
1044 3850 1448 3922 lquaejustitiaestsecuadarn
1456 3853 1633 3924 propositum
1642 3855 1744 3922 pratia

103 3972 178 4026 uem,
193 3952 221 4008 id
236 3957 277 4006 εει
291 3946 441 4004 seeundum
455 3943 635 4017 propaginem
649 3942 739 3998 carnis
755 3960 762 4008 ;
779 3941 824 4014 qui
839 3957 899 3998 orn·
949 3941 1008 4007 Det,
1025 3939 1053 3995 id
1067 3947 1109 3995 est
1123 3939 1211 3994 omnis
1230 3939 1386 4009 justificatio
1409 3938 1438 3994 ιιι
1459 3956 1508 4010 ρει
1525 3939 1640 4012 gratiam
1664 3940 1742 3995 Dei:

104 4045 180 4101 nium
200 4036 368 4096 credentium
390 4042 469 4107 paler
483 4039 524 4088 est
539 4031 689 4088 seeundum
703 4029 898 4087 iustitutionem
948 4028 1102 4102 quaegratia
1116 4028 1256 4100 proposita
1270 4035 1297 4084 et
1307 4035 1507 4099 praeparataest
1517 4028 1591 4084 omni
1601 4028 1738 4084 credenti.

103 4130 188 4189 fidei?
204 4126 312 4185 Nullam
327 4123 420 4195 utique
429 4119 652 4192 justificationem
667 4135 700 4175 ειι
715 4119 844 4190 ορειιιιιιε
858 4117 898 4174 le·
946 4116 1052 4172 lustitia
1067 4116 1158 4188 utique
1172 4115 1201 4171 lit
1215 4132 1265 4187 per
1293 4116 1411 4189 gratiam
1425 4117 1484 4186 Dei,
1509 4117 1585 4172 sic-at
1605 4131 1661 4171 non
1691 4132 1743 4187 ego

101 4222 144 4296 gis
159 4215 260 4275 invenit
273 4213 410 4269 Abrabam
425 4227 432 4264 ι
450 4209 522 4282 quod
532 4208 570 4263 ita
582 4209 687 4279 probat,
699 4223 750 4279 per
760 4207 896 4279 quoddam
948 4205 1033 4271 solus,
1052 4205 1101 4260 sed
1115 4208 1144 4261 et
1158 4205 1246 4261 David
1256 4204 1346 4260 dicit:
1362 4206 1423 4269 hoc,
1437 4203 1539 4260 seilicet
1553 4204 1611 4273 ejus
1620 4205 1743 4260 bominis

102 4305 306 4366 inconveniens.
322 4301 393 4357 Vere
408 4298 544 4354 Abraham
554 4312 608 4352 nou
620 4303 661 4352 est
673 4295 836 4367 justificatus
846 4296 931 4367 perI)
950 4309 1011 4348 esse
1026 4292 1242 4359 beatitudinem,
1259 4292 1286 4347 id
1305 4300 1347 4348 est
1365 4292 1425 4348 ritae
1439 4292 1518 4360 huius
1532 4291 1700 4355 munditiam,
1717 4299 1745 4347 et

103 4398 204 4469 legem.
215 4387 502 4462 Nameijustificatus
512 4401 574 4441 esse
584 4385 712 4441 credatur
722 4401 759 4441 eu
770 4385 897 4456 operibus
948 4382 975 4436 iu
990 4380 1079 4437 futuro
1094 4381 1175 4437 vitam
1193 4389 1322 4437 aeternam
1338 4400 1345 4448 ;
1362 4382 1409 4437 aui
1423 4382 1496 4437 Deus
1520 4385 1642 4452 accepto,
1659 4379 1743 4435 idest

106 4486 183 4559 lepis,
195 4479 277 4540 babet
293 4476 405 4552 quidem
419 4475 539 4548 qtoriam
554 4474 626 4545 apud
640 4473 774 4536 homines,
785 4472 898 4530 sednon
948 4469 1107 4541 acceptabili
1121 4470 1179 4526 Deo
1195 4485 1202 4525 τ
1219 4469 1262 4526 vel
1276 4471 1324 4526 aui
1333 4471 1405 4525 Deus
1420 4474 1541 4540 accepto,
1558 4468 1585 4522 id
1600 4475 1641 4523 est
1656 4469 1744 4540 gratis

104 4573 179 4647 apud
194 4573 282 4627 Deam
292 4564 487 4640 gloriosusest,
501 4562 564 4635 quia
576 4577 626 4618 nce
636 4561 665 4616 in
679 4567 825 4632 conspeetu
840 4560 898 4630 eJ'us
948 4558 1006 4615 sine
1021 4558 1118 4614 merito
1128 4561 1186 4630 [ert
1188 4558 1346 4629 justitiam,
1357 4557 1385 4611 id
1395 4564 1524 4629 estquem
1530 4557 1604 4612 Deus
1612 4571 1645 4611 eu
1655 4556 1744 4628 gratia

100 4658 260 4732 justificatus
280 4662 329 4724 εει,
353 4652 426 4726 quod
441 4649 608 4722 impossibile
624 4657 665 4705 cst
687 4656 716 4705 ut
726 4648 839 4721 quilibet
850 4648 898 4718 ju·
945 4645 1084 4716 justificat,
1100 4648 1161 4702 sine
1176 4646 1303 4719 operibus
1313 4644 1533 4715 justificationem
1556 4643 1743 4716 promerenti-

104 4747 234 4805 slilicatus
248 4742 321 4816 apud
349 4742 437 4796 Deum
456 4739 490 4794 sit
508 4737 683 4811 ingloriosus.
713 4736 762 4793 Vel
790 4736 849 4792 ita:
876 4735 899 4791 si
949 4736 1010 4791 bus.
1027 4736 1084 4791 Hoc
1098 4734 1188 4806 utique
1203 4734 1240 4792 ait
1258 4733 1346 4790 David
1361 4733 1398 4789 ita
1418 4734 1513 4789 dicens
1528 4734 1644 4804 (Psalm.
1661 4747 1742 4799 xxxi,

104 4837 244 4895 Abrabam
262 4829 441 4904 justificatas
457 4831 499 4883 est
514 4843 547 4882 ex
562 4825 634 4897 lege,
651 4825 733 4881 habel
748 4824 811 4879 inde
826 4824 899 4880 ιειε-
949 4824 977 4895 l)
994 4825 1092 4880 :Beati
1101 4831 1164 4878 sunt
1173 4822 1211 4877 illi
1221 4838 1339 4895 quorum
1350 4822 1520 4894 iniquitates
1531 4820 1741 4876 remisserunt.

104 4925 219 4982 rendam
232 4919 349 4993 gloriam
364 4915 466 4972 meritis
484 4915 550 4980 suis,
567 4915 615 4970 sed
633 4929 693 4969 aaa
708 4911 784 4986 apud
799 4914 897 4980 Deam,
948 4912 1009 4967 Non
1024 4911 1183 4967 determinat
1197 4926 1246 4983 per
1256 4925 1345 4982 quem,
1362 4910 1410 4965 sed
1422 4925 1645 4981 sequeusrersus
1655 4908 1744 4964 innuit

105 5013 134 5071 id
148 5020 188 5068 est
202 5025 258 5067 non
271 5006 396 5064 essehoc
411 5002 583 5060 referendum
595 5001 687 5074 gratiae
699 5001 750 5056 Dei
765 5018 772 5054 :
788 5000 838 5056 sed
851 5000 899 5056 de·
948 5016 963 5055 a
977 4999 1094 5056 Domino
1109 5001 1158 5054 has
1172 4997 1280 5054 remitti.
1296 4998 1337 5053 llli
1350 4997 1442 5070 utique
1455 5005 1517 5053 sunt
1531 4999 1605 5054 beriti
1617 5013 1623 5051 :
1635 4998 1744 5069 iniqui·

105 5115 205 5175 rogare
219 5095 315 5170 gratia
330 5094 390 5163 Dei,
407 5100 434 5148 ει
455 5092 634 5162 derogantem
643 5087 787 5158 justificari
804 5087 850 5161 qui
861 5087 899 5142 in·
950 5092 1024 5144 tates
1039 5104 1166 5160 quorum,
1183 5085 1211 5140 id
1226 5093 1268 5141 εει
1282 5085 1310 5141 in
1325 5085 1423 5157 quibus
1436 5085 1568 5141 naturalis
1584 5084 1670 5140 lomes
1681 5099 1741 5155 ρεε

102 5191 190 5261 justus
203 5194 254 5255 est,
272 5182 351 5239 simul
367 5197 429 5237 esse
445 5195 498 5235 nou
514 5186 639 5250 possunt.
658 5176 788 5233 Probarit
801 5192 850 5247 per
859 5175 899 5231 le-
949 5176 1000 5232 cati
1015 5175 1147 5231 remissus
1161 5182 1187 5230 ει
1201 5174 1354 5229 debilitatus
1369 5181 1421 5240 est,
1437 5174 1510 5246 quod
1520 5174 1577 5243 jam
1601 5173 1629 5227 in
1651 5181 1741 5228 actum

105 5294 167 5352 gem
181 5292 237 5332 non
249 5287 332 5345 posse
342 5267 494 5342 justificari,
519 5283 569 5339 per
583 5265 752 5338 praemissum
767 5264 898 5321 inconve·
949 5259 1064 5316 transire
1075 5275 1129 5315 non
1144 5265 1244 5329 potest,
1261 5258 1284 5314 si
1298 5258 1382 5314 velint
1395 5257 1433 5313 uti
1447 5258 1534 5313 libero
1549 5256 1659 5312 arbitrio
1674 5273 1741 5312 con·

106 2996 118 3022 ι
136 2970 285 3028 resurrexit
299 2978 408 3043 propter
418 2967 638 3039 justificationem
652 2974 787 3023 nostram.
811 2991 822 3016 ι

105 5366 185 5423 niens
207 5362 304 5436 probat
322 5375 372 5431 per
392 5356 478 5425 tidem⁴
492 5354 646 5426 justificari,
666 5370 717 5427 per
740 5360 898 5425 sequentem
948 5348 1057 5405 iorlato.
1074 5346 1129 5403 Sed
1150 5346 1213 5419 quia
1235 5346 1380 5403 remissum
1405 5362 1466 5402 esse
1490 5344 1613 5401 fomitem
1636 5345 1740 5415 peccati

105 5453 303 5523 auctoritatem,
327 5447 422 5506 dicem
439 5443 634 5521 :Impossibile
657 5450 747 5501 estex
769 5441 898 5517 operibus
948 5452 1003 5494 non
1017 5434 1151 5494 sufficeret
1164 5434 1199 5491 ad
1214 5435 1339 5505 salutem,
1357 5433 1409 5491 nisi
1422 5432 1560 5505 preterita
1582 5433 1687 5504 peccati
1701 5432 1743 5488 di-
