3742 5986
139 156 230 265 vliiii
290 254 294 277 ,
583 205 755 265 GUIGONIS
778 206 791 260 l
811 196 1016 259 athanasia
1037 196 1185 254 attolus
1198 195 1337 253 PlllOlllS
1361 196 1394 252 V.
1705 171 1708 176 ’
1773 194 1822 248 act

177 341 264 388 strum
274 339 302 387 et
317 331 396 387 totius
410 331 542 387 Ecclesiae
561 331 699 404 gaudium,
712 327 854 385 clementia
877 324 969 381 divina
982 323 1008 385 A
1021 321 1255 377 sccmdcmcntc
1266 318 1560 390 Oreb(dcocl.xxa1n‚
1572 319 1611 388 5).
1624 316 1824 388 ltemquealias

177 428 330 476 conservet.
347 420 425 491 Apud
440 419 538 474 iratres
552 429 661 475 nostros
680 426 770 474 nostra
794 414 971 473 commenda·
1021 408 1086 463 luxit
1103 409 1228 479 populus,
1244 415 1270 463 et
1289 407 1379 463 nullus
1397 422 1492 463 eorurn
1506 405 1616 460 indutus
1632 413 1675 460 est
1694 421 1730 459 ex
1749 405 1820 460 culto

176 507 249 564 tione
268 524 323 563 non
346 508 484 579 indigetis,
517 509 633 578 ipsemet
656 506 728 561 enim
751 503 848 561 vestris
870 500 972 557 meritis
1021 512 1082 552 suo.
1094 495 1388 553 SicutetNinivitarum
1400 510 1458 562 rex,
1470 492 1822 566 homogentilis,adanius

177 596 330 668 vestrisque
345 596 441 651 litteris
455 612 548 651 eorum
564 594 716 651 visceribus
734 600 851 649 vestram
864 605 971 646 merno-
1022 584 1139 640 hominis
1154 585 1239 657 ignoti
1248 600 1344 640 vocem
1355 592 1381 638 ct
1398 582 1535 652 naufragi,
1551 582 1697 637 descendit
1709 581 1744 636 de
1759 582 1824 636 solio

178 684 247 740 riam
261 683 441 740 insolubiliter
454 684 597 757 alligastis.
1021 689 1082 738 suo,
1099 677 1127 729 et
1141 674 1242 742 abiecit
1255 674 1425 730 vestimento
1444 687 1524 726 cuno
1538 687 1584 734 cc,
1600 674 1631 725 et
1644 669 1768 726 indoctus
1783 673 1823 725 cst

1021 777 1111 828 cccco,
1128 760 1234 816 ctaedit
1248 762 1280 816 ιἰι
1289 762 1415 834 pulnere,
1432 763 1459 815 et
1470 759 1604 815 clamavit
1619 758 1656 812 cd
1673 759 1824 813 Dominum

565 826 612 881 ΠΙ·
1022 849 1096 919 (lon.
1109 863 1150 916 ru,
1166 848 1212 919 6);
1229 849 1353 904 eamdem
1363 847 1545 903 austeritatem
1560 861 1615 900 non
1631 844 1723 901 solum
1738 846 1824 901 omnis

176 957 218 1014 Ac
237 959 436 1030 lluymerimrm
455 956 631 1013 cardinalem
646 958 674 1010 ee
689 953 905 1008 cancellarium,
937 981 971 991 ..
1021 937 1109 992 artatis
1124 944 1150 991 et
1166 953 1247 991 sexus
1262 936 1395 1000 homines,
1412 935 1461 990 sed
1483 935 1604 1004 jumenta
1628 933 1725 988 subire
1747 949 1823 989 eom·

213 1027 304 1084 lionct
318 1028 386 1083 duos
406 1043 464 1083 esec
487 1026 581 1082 hostes
603 1026 766 1098 quibuscum
786 1024 913 1078 maxime
933 1022 971 1076 ait
1022 1024 1137 1095 pellens.
1153 1026 1185 1078 Et
1201 1040 1252 1079 nos
1265 1024 1356 1096 itaque
1375 1023 1509 1079 Dominici
1534 1021 1666 1092 corporis,
1695 1021 1769 1092 quod
1784 1030 1824 1075 est

211 1098 406 1181 Wandumr
424 1101 563 1180 mmm
578 1096 710 1177 Εθθῖθιῑρῑ
723 1093 897 1177 αόυθιιανὶξιι
913 1108 971 1176 ΜΡ
1021 1112 1154 1178 Ecclesia,
1171 1120 1312 1167 eruentem
1336 1111 1507 1176 scissionem,
1531 1125 1614 1181 quam
1637 1109 1750 1164 nonnisi
1774 1125 1823 1164 uo-

212 1184 301 1223 ΝΜ
315 1168 517 1240 ⁶⁰rp⁰''⁰l²b“⁵’
528 1166 787 1222 ‘mmmmm‘
802 1167 971 1234 mmmm
1022 1200 1086 1255 stris
1101 1200 1226 1255 evenisse
1242 1200 1408 1255 credendum
1431 1206 1473 1254 est
1494 1197 1607 1263 meritis,
1630 1212 1684 1252 nec
1707 1197 1824 1252 immotis

211 1239 361 1294 utendum
497 1332 502 1343 .
695 1347 701 1358 ,
1023 1287 1182 1352 visceribus,
1205 1302 1256 1343 nec
1280 1287 1361 1343 siccis
1384 1285 1547 1357 aspiciamus
1569 1285 1677 1350 oculis;
1704 1284 1822 1356 alioquin

211 1333 294 1406 (ΟΨ
311 1333 340 1389 S'
357 1335 441 1389 ΒΜ·
461 1332 524 1389 edss‘
542 1332 668 1396 Mfflffl‘
685 1330 782 1397 *01'11'
799 1345 825 1401 ρ’
844 1329 936 1399 ΗΜ)
1021 1375 1149 1446 pretiosis
1164 1375 1253 1430 ornati
1267 1375 1397 1440 vestibus
1415 1375 1557 1429 herminiis
1570 1382 1595 1430 et
1605 1372 1709 1446 griseis
1723 1371 1825 1428 conloti

211 1465 501 1522 l.Domiuoetamico
516 1464 543 1519 in
558 1461 971 1528 Christnreverendissimo,sc·
1021 1463 1148 1535 pellibus,
1173 1463 1327 1519 numerosis
1349 1470 1375 1518 et
1409 1462 1548 1535 exquisitis
1576 1461 1672 1517 relecti
1697 1461 1822 1533 dapibus,

174 1553 217 1609 dis
231 1554 389 1626 apostolice
408 1551 571 1610 cancellario
595 1553 766 1616 lltvunnrao,
781 1550 860 1606 amici
875 1550 909 1616 (si
929 1557 972 1604 ta·
1021 1552 1119 1623 plumis
1134 1552 1219 1606 instar
1239 1551 1417 1622 Sardanapali
1440 1567 1496 1607 non
1519 1559 1573 1606 tam
1594 1550 1719 1621 impositi
1742 1565 1823 1621 quem

176 1657 239 1697 men
253 1642 366 1713 dignum
380 1641 432 1714 est)
447 1642 516 1712 ejus,
532 1647 560 1697 et
573 1640 614 1696 sui
636 1639 843 1696 carthusienses
860 1635 1007 1732 iratres,B
1023 1640 1143 1694 immersi
1158 1640 1295 1708 mollibus,
1309 1639 1428 1694 divinam
1452 1639 1668 1712 indignationem
1685 1639 1822 1710 quomodo

175 1738 284 1786 terrena
299 1730 452 1802 despicere,
468 1735 494 1785 et
509 1744 601 1784 amare
615 1727 748 1784 coelestia.
1022 1728 1123 1783 nostris
1137 1736 1264 1799 putamus
1279 1727 1441 1799 placandam
1465 1727 1616 1799 precihus?
1635 1733 1661 1782 et
1685 1741 1741 1781 non
1768 1741 1823 1780 rna-

212 1818 302 1888 Quam
315 1827 393 1892 grata
409 1818 486 1874 fuerit
500 1817 578 1873 nobis
604 1824 694 1872 vestra
717 1815 863 1887 presentia
877 1829 972 1871 recor·
1022 1816 1065 1888 gis
1079 1816 1223 1871 metuimus
1238 1831 1272 1871 ue
1288 1824 1343 1870 turn
1366 1816 1526 1887 prophetica
1541 1823 1635 1871 contra
1658 1829 1711 1870 nos
1725 1814 1823 1888 diriga-

175 1910 283 1966 datione
297 1907 428 1964 sentimus
443 1906 525 1970 unde,
541 1921 707 1977 quaesumus,
726 1904 765 1959 sic
780 1904 852 1976 agite
868 1911 896 1958 ut
910 1918 971 1959 eum
1022 1913 1066 1959 tur
1079 1904 1206 1970 invectio,
1223 1904 1383 1976 dicaturque
1399 1920 1406 1959 τ
1427 1906 1468 1961 l'oe
1478 1906 1527 1977 qui
1550 1906 1683 1976 opulenti
1702 1904 1772 1959 estis
1794 1905 1824 1959 ιιι

175 1999 211 2054 ab
225 1998 267 2052 his
281 1995 438 2066 diebusqni
461 1995 610 2049 secundum
631 1992 791 2064 Apostolum
814 1991 877 2046 mali
899 1998 971 2060 sant,
1022 1994 1099 2058 Sion,
1112 1997 1139 2049 et
1150 1993 1295 2062 confiditis
1305 1995 1336 2048 in
1346 1993 1593 2056 monteSomoriae,
1605 1994 1771 2063 optimates,
1783 2007 1824 2047 cu·

175 2094 202 2143 et
216 2084 365 2140 secundum
390 2082 559 2137 Psalmistam
581 2081 651 2136 sicut
674 2080 771 2134 umbra
784 2078 921 2143 deficiunt,
938 2077 972 2133 ad
1022 2083 1083 2153 pita
1103 2081 1282 2154 populorum,
1310 2080 1503 2151 ingredientes
1528 2081 1689 2152 pompatice
1711 2079 1823 2136 domum

175 2174 235 2231 dies
258 2173 345 2227 bonos
369 2178 396 2226 et
418 2185 503 2224 annos
526 2177 644 2224 aeternos
667 2167 835 2234 transieritis,
861 2183 915 2222 non
938 2166 972 2222 de
1023 2170 1127 2224 lsrael!
1143 2170 1191 2243 qui
1205 2169 1351 2250 comeditis
1363 2185 1467 2240 egnum
1476 2169 1509 2224 dc
1523 2184 1616 2240 prcpc,
1633 2173 1661 2223 et
1677 2168 1783 2223 vitulos
1792 2167 1823 2222 de

177 2269 268 2316 nostra
278 2258 356 2332 (quid
371 2258 444 2314 enim
458 2273 508 2311 nos
533 2256 576 2313 vel
592 2272 685 2310 sumus
710 2255 753 2311 vel
776 2254 909 2325 erimus‘l)
924 2253 973 2308 scd
1022 2257 1113 2313 medio
1121 2259 1257 2318 armenti.
1269 2257 1453 2330 quidermitia
1463 2258 1495 2311 in
1508 2257 1589 2313 lectis
1598 2256 1739 2322 eburneis,
1748 2259 1776 2311 et
1784 2256 1824 2311 la·

176 2349 211 2404 de
225 2346 298 2401 illius
321 2345 425 2401 visione
440 2352 467 2401 et
490 2343 620 2401 societate
644 2357 706 2399 curn
726 2343 827 2397 sanctis
847 2342 973 2396 omnihus
1023 2347 1130 2401 reicitis
1145 2348 1176 2400 in
1190 2345 1421 2402 atrotmvcctris!
1436 2344 1531 2414 (Amos
1550 2360 1588 2409 vr,
1611 2344 1668 2413 to.)
1678 2344 1821 2415 dequibus

177 2434 313 2500 laetcmiui,
347 2441 458 2506 propter
481 2449 563 2505 quem
586 2439 708 2487 nostram
730 2438 757 2487 et
779 2430 973 2486 obscuritatem
1023 2434 1202 2501 concluditur,
1218 2437 1246 2490 et
1261 2435 1337 2489 nihil
1350 2434 1537 2506 potiebantur·
1551 2449 1637 2505 super
1646 2434 1821 2490 contritione

176 2540 268 2592 nosse,
302 2530 329 2579 et
353 2522 541 2578 necessitatem
567 2520 706 2592 supplere,
733 2527 768 2585 et,
794 2518 866 2592 quod
890 2519 974 2590 longe
1023 2523 1131 2595 ioseph.

176 2612 260 2685 pluris
275 2611 410 2680 ducimus,
434 2618 474 2666 tot
494 2617 520 2665 et
543 2609 625 2665 tantis
648 2607 848 2675 ecclesiasticis,
874 2607 973 2678 quibas
1059 2614 1085 2665 3.
1101 2610 1301 2666 Erubescamus
1310 2610 1343 2665 ad
1352 2611 1414 2677 hoo,
1433 2609 1600 2677 dulcissime,
1623 2625 1685 2665 sero
1701 2609 1820 2682 cognite,

176 2716 315 2771 nunquam
331 2698 439 2768 caretis,
456 2696 622 2767 interpositis
644 2696 772 2767 negotiis,
788 2694 906 2750 latebras
920 2710 971 2749 no·
1023 2699 1100 2754 brevi
1114 2706 1270 2768 conspecte,
1294 2699 1347 2754 cito
1372 2707 1457 2770 rapte,
1475 2706 1501 2754 et
1524 2697 1712 2768 corporalibus
1736 2697 1821 2753 oculis

177 2795 256 2858 atras,
273 2802 327 2842 nun
351 2786 439 2843 solum
462 2785 607 2851 humiliter,
624 2785 714 2839 sedet
735 2783 972 2853 laborioscpene·
1023 2801 1161 2858 nunquam
1175 2786 1305 2857 deinceps
1330 2787 1399 2842 sorte
1421 2786 1638 2858 conspiciende:
1662 2786 1697 2840 ab
1721 2785 1821 2841 amoris

177 2884 258 2938 trare,
275 2891 381 2947 nosque
394 2874 469 2945 ipsos
484 2871 563 2929 oculo
573 2873 607 2926 ad
617 2871 724 2927 oculum
740 2870 868 2934 invisere,
885 2877 911 2925 et
924 2886 972 2926 ore
1023 2883 1114 2930 tamen
1146 2875 1231 2929 nostri
1254 2874 1442 2946 complexibus
1475 2874 1555 2930 nullis
1586 2874 1707 2941 casibus,
1739 2874 1822 2930 nullis

175 2965 209 3021 ad
225 2981 257 3020 os
272 2963 355 3036 loqui,
373 2969 479 3017 nonest
493 2960 640 3033 dedignata
663 2967 754 3015 vestra
773 2957 941 3025 sublimitas;
957 2974 972 3012 a
1023 2963 1165 3018 avellende
1181 2963 1358 3035 temporibus.
1369 2964 1572 3019 Erubescamus
1586 2963 1620 3017 ad
1637 2962 1699 3030 hoc,
1716 2978 1821 3035 nosque

175 3069 229 3126 quo
245 3052 304 3109 solo
319 3067 426 3106 summo
439 3047 571 3105 beneficio
587 3054 614 3104 et
628 3047 709 3114 bono,
727 3048 854 3102 societate
869 3045 973 3102 scilicet
987 3025 1010 3085 ⁰
1022 3051 1106 3122 ipsos,
1123 3052 1146 3105 si
1160 3067 1318 3123 possumus,
1334 3051 1493 3120 defleamus,
1510 3051 1582 3123 quod
1598 3059 1625 3106 et
1638 3050 1780 3107 iudaicam
1794 3058 1820 3105 et

175 3149 202 3197 ct
217 3141 321 3197 visione
336 3139 396 3204 Dei,
412 3154 467 3193 nou
491 3136 583 3209 spatiis
606 3136 729 3191 locorum
752 3143 799 3190 aul
822 3142 972 3206 temporum
1022 3117 1307 3212 gentilem⁹videamur
1320 3155 1465 3210 superasse
1488 3140 1626 3207 duritiam,
1643 3139 1710 3194 dum
1724 3139 1763 3194 illi
1777 3138 1820 3194 di·

174 3231 297 3302 (semper
309 3228 382 3283 enim
397 3235 438 3283 cst
461 3233 488 3281 et
510 3224 621 3298 ubique,
639 3223 740 3296 etipse
760 3223 885 3289 vivimus,
910 3238 972 3278 mo-

175 3333 272 3374 vemur
287 3325 314 3373 et
328 3317 432 3387 sumus)
453 3316 501 3371 sed
523 3314 628 3369 meritis
652 3313 821 3386 sejungimur
844 3319 971 3383 peccato-

174 3423 245 3471 rum,
261 3405 330 3463 siout
344 3404 476 3476 scriptum
490 3411 531 3459 est
548 3417 554 3458 :
573 3403 632 3459 Non
647 3406 688 3458 est
699 3402 858 3457 abbreviato
868 3416 971 3456 monus

126 3540 128 3552 .
173 3494 295 3560 Domini,
308 3494 460 3549 accentuare
470 3495 591 3565 nequent
603 3510 612 3557 ;
626 3507 716 3563 neque
731 3493 882 3561 approvato
892 3489 971 3543 curis

174 3586 245 3658 ejus,
255 3587 288 3639 ut
296 3599 354 3639 non
365 3581 522 3638 exaudiet:
533 3581 580 3636 scd
587 3583 703 3652 peccatu
713 3582 804 3634 cestra
814 3578 972 3632 diviserunt

174 3664 971 3753 intervosetlicemvestrum(lsa.arx,l).Quaequoniarn

174 3775 245 3831 pene
259 3766 354 3816 cuncta
379 3757 413 3812 de
436 3757 535 3812 mentis
556 3756 673 3812 elatione
697 3753 788 3808 autde
813 3753 901 3808 earnis
925 3768 971 3809 ve·

174 3847 251 3903 niunt
266 3846 413 3910 voluntate,
430 3860 545 3916 quorum
560 3843 639 3898 nobis
654 3843 768 3896 alterum
784 3856 845 3896 cum
861 3840 968 3906 belluis,

174 3933 288 3990 alterum
303 3948 366 3988 curn
388 3931 495 4003 angelis
515 3939 557 3986 est
580 3945 733 3995 commune,
759 3928 806 3982 scd
835 3928 969 3999 reprobis,

173 4020 312 4078 nitendum
324 4034 498 4091 summopere
508 4026 549 4074 est
564 4026 592 4074 ut
607 4027 633 4074 et
648 4016 746 4072 mentis
765 4016 893 4087 superbia
909 4032 971 4087 pre·

173 4116 262 4164 matur
276 4107 435 4173 humilitate,
452 4114 479 4162 et
494 4107 586 4163 carnis
610 4105 713 4161 luxuria
729 4103 885 4159 sobrietate.
902 4105 970 4161 llinc

1021 3227 1111 3284 vinam
1127 3227 1297 3284 severitatem
1311 3228 1401 3283 media
1425 3229 1547 3284 ciborum
1571 3236 1597 3284 et
1618 3228 1723 3285 vilitate
1741 3226 1821 3283 simul

1021 3324 1102 3387 atque
1117 3316 1263 3388 asperitate
1282 3316 1407 3389 mitigant
1428 3317 1553 3382 vestium,
1577 3332 1627 3371 nos
1651 3315 1680 3371 in
1701 3317 1821 3388 peccatis

1021 3405 1110 3459 multis
1126 3414 1206 3476 atque
1220 3404 1357 3475 perieulis,
1383 3419 1435 3460 nec
1459 3405 1554 3477 gloriae
1578 3403 1689 3460 modam
1713 3404 1819 3472 damus,

1020 3509 1109 3565 neque
1125 3493 1237 3548 deliciis.
1253 3493 1349 3565 Neque
1373 3493 1445 3548 enim
1470 3493 1640 3564 agnumjum
1663 3493 1699 3547 dc
1723 3509 1820 3567 grege,

1021 3588 1067 3636 aut
1083 3581 1181 3636 vitulos
1195 3588 1297 3635 tanturn
1318 3582 1352 3636 de
1375 3581 1466 3636 medio
1489 3581 1614 3647 armenti,
1641 3581 1690 3636 sed
1719 3597 1820 3654 greges

1020 3669 1144 3741 integros
1159 3678 1185 3724 et
1209 3677 1330 3724 armenta
1354 3677 1409 3725 tota
1432 3669 1626 3726 consumimus.
1652 3669 1683 3724 ln
1708 3670 1820 3725 modum

1021 3759 1122 3829 quippe
1146 3757 1284 3824 Amalech,
1312 3773 1373 3814 cum
1406 3757 1549 3813 innumera
1572 3757 1744 3815 multitudine
1766 3758 1820 3814 bo-

1021 3845 1123 3900 minum
1148 3854 1174 3900 et
1203 3846 1390 3914 jumentorum
1432 3845 1656 3917 supervenientes
1696 3845 1821 3902 ecclesiis

1021 3943 1119 3990 cuncta
1135 3934 1314 4004 complemus,
1331 3934 1462 4006 quidquid
1479 3934 1657 4006 tetigerimus,
1673 3934 1820 3991 devastan-

1020 4031 1079 4089 tes,
1096 4039 1146 4077 nee
1161 4022 1202 4076 his
1217 4023 1345 4087 contenti,
1362 4022 1469 4088 tibulas,
1487 4038 1593 4090 cruces,
1610 4021 1722 4088 calices,
1737 4031 1765 4079 et
1779 4038 1820 4078 sa·

1020 4126 1081 4166 oras
1096 4110 1244 4181 spoliamus
1259 4110 1402 4183 imagines.
1420 4111 1454 4165 Et
1475 4117 1503 4164 ut
1527 4109 1590 4182 quid
1605 4111 1682 4166 hocl
1697 4110 1768 4166 torte
1791 4119 1818 4166 ut

172 4186 305 4254 Dominus
322 4214 328 4250 :
348 4192 863 4268 Videteinquit,nepr·cventer·cordo
878 4197 971 4248 oestro
1020 4214 1156 4270 pauperes
1185 4206 1380 4264 sustententur,
1425 4198 1589 4253 monasteria
1618 4206 1818 4264 construantur,

171 4282 968 4356 incrapulc,etebrielctc,etcuriclrujuauitoetluc.xxr,
1020 4286 1117 4358 captivi
1133 4286 1327 4341 redimantur?
1340 4287 1401 4342 Non
1417 4286 1455 4342 ita
1470 4305 1477 4342 :
1495 4287 1543 4342 sed
1563 4286 1654 4358 potius
1676 4295 1707 4343 ut
1729 4287 1764 4342 ad
1779 4287 1821 4342 in·

171 4372 230 4445 al).
250 4374 371 4444 itemque
388 4386 394 4426 :
411 4371 757 4444 Discitcomequiacnitis
768 4368 968 4425 scrnettcmt-
983 4377 1009 4437 Ι)
1022 4374 1192 4430 terhciendos
1207 4373 1373 4436 Christianos
1397 4382 1423 4429 et
1444 4375 1587 4447 sagittarii,
1613 4383 1640 4431 et
1663 4374 1817 4443 ballistarii,

172 4462 206 4517 lic
221 4461 301 4517 corde
316 4459 426 4530 (hatto.
444 4475 480 4526 ιιι,
492 4462 549 4530 ιιι).

206 4553 237 4607 2.
254 4547 317 4603 Non
331 4562 399 4620 ergo
414 4547 441 4601 in
456 4547 540 4605 multa
555 4554 647 4602 nostra
666 4545 830 4602 diffundatur
844 4547 966 4604 intentio.

169 4638 230 4694 Duo
244 4643 307 4692 sunt
321 4643 424 4691 tantum
439 4635 572 4691 adversus
590 4651 650 4707 quae
673 4635 752 4689 nobis
768 4635 830 4689 totis
845 4643 886 4690 est
899 4637 967 4692 viri·

168 4725 219 4781 bus
233 4723 415 4780 dimicandum
432 4737 438 4778 :
455 4723 536 4779 elatio
551 4724 578 4778 in
594 4731 696 4789 mente,
721 4721 846 4794 voluptas
860 4723 887 4778 in
902 4740 967 4781 cor-

168 4829 243 4884 pore.
260 4813 308 4871 liis
331 4811 475 4882 superatis,
499 4811 537 4866 nil
559 4810 709 4866 remanebit
731 4811 904 4881 vincendum,
930 4812 968 4867 nil

167 4902 302 4972 supererit
318 4899 502 4956 metuendum.
529 4898 667 4970 Cupiditas
690 4898 762 4954 enim
784 4915 875 4955 rerum
889 4908 967 4957 exte·

165 4984 272 5044 riorum
282 5004 336 5043 non
350 4988 385 5043 oh
400 4986 474 5043 aliud
496 4985 685 5051 inflammatur,
711 4987 762 5042 nisi
777 4995 806 5042 ut
821 4988 863 5042 his
878 4989 967 5043 modis

167 5076 294 5133 omnihus
315 5076 459 5131 serviatur.
486 5075 586 5130 Contra
610 5092 671 5146 quae
692 5075 714 5130 si
742 5084 865 5131 nostrum
880 5077 966 5133 senti-

166 5180 227 5219 mus
240 5178 295 5219 non
312 5162 377 5217 satis
398 5179 459 5218 esse
483 5170 619 5228 conatum,
645 5163 766 5218 divinum
789 5164 967 5235 imploremus

166 5252 314 5317 auxilium;
342 5251 390 5307 sed
412 5250 589 5323 imploremus
617 5252 762 5315 humiliter,
788 5251 966 5323 imploremus

164 5342 272 5405 devote,
301 5340 393 5406 corde,
417 5356 475 5406 cre,
501 5349 573 5405 acta,
595 5327 697 5394 habitu.
727 5340 835 5394 Dictum
865 5341 966 5411 qnippe

165 5428 324 5495 Israelitico,
342 5442 402 5484 cum
428 5434 581 5500 peccasset.
607 5435 648 5482 est
671 5426 772 5499 populo
790 5443 795 5482 :
812 5428 874 5483 iam
887 5443 966 5484 nunc

164 5518 387 5588 praeornatum
411 5519 503 5573 tutem.
527 5517 724 5587 deposcerunt
747 5531 812 5587 crgo
831 5520 966 5574 ornatam

1019 4459 1123 4531 equites
1137 4465 1163 4514 et
1177 4458 1308 4514 lancearii
1323 4459 1509 4514 conducantur
1521 4479 1527 4525 ;
1544 4467 1571 4514 et
1583 4459 1625 4514 his
1641 4459 1756 4530 eripiant
1775 4476 1820 4515 res

1019 4556 1046 4602 et
1059 4548 1165 4603 animas
1181 4589 1188 4615 ,
1204 4562 1255 4617 pro
1270 4547 1527 4618 quibusdebuerunt
1538 4563 1641 4619 ponere
1656 4563 1729 4602 suas.
1746 4548 1818 4603 Proh

1019 4633 1113 4691 dolorl
1130 4651 1146 4690 a
1166 4635 1279 4692 summis
1304 4635 1384 4690 hodie
1409 4634 1591 4706 pontificibus,
1608 4620 1645 4690 et'
1657 4651 1708 4706 per
1732 4644 1818 4691 totum

1018 4739 1088 4794 pene
1103 4723 1207 4788 orbem,
1224 4723 1348 4794 exemplo
1359 4724 1433 4779 sedis
1445 4723 1611 4794 apostolicae,
1625 4722 1711 4778 irater
1720 4724 1748 4779 in
1759 4723 1818 4780 ira-

1018 4819 1098 4879 trem,
1113 4811 1141 4866 id
1156 4819 1197 4866 est
1212 4811 1378 4866 Christianus
1393 4811 1422 4866 in
1442 4811 1637 4878 Christianum,
1661 4826 1742 4867 saera
1767 4829 1818 4884 pe·

1018 4900 1096 4956 cunia
1111 4899 1272 4955 conducitur
1294 4908 1319 4954 et
1346 4907 1484 4966 armatur;
1501 4908 1528 4956 et
1548 4900 1647 4955 talibus
1672 4900 1818 4972 triumphis

1017 4988 1143 5043 Ecclesia
1158 4997 1244 5042 mater
1259 4987 1418 5060 gralmatur,
1430 4997 1526 5059 etpost
1537 4990 1594 5044 haec
1609 4989 1672 5044 totis
1687 4989 1816 5044 manibus

1018 5084 1132 5131 cruenta
1155 5075 1322 5131 conscientia
1347 5076 1440 5131 divina
1460 5077 1585 5149 pergitur
1607 5077 1641 5131 ad
1664 5075 1812 5134 sacrificia.

1018 5163 1047 5218 Si
1061 5162 1113 5219 hoc
1127 5164 1278 5226 ferendum,
1295 5163 1361 5235 quid
1375 5164 1655 5235 reprehendendum?

1053 5253 1078 5306 ι.
1095 5254 1128 5306 At
1143 5252 1253 5324 regalia,
1270 5253 1354 5319 aiunt,
1371 5253 1429 5308 haec
1450 5262 1521 5320 sunt,
1538 5260 1565 5308 ct
1585 5253 1619 5308 de
1643 5253 1818 5324 imperatoris

1018 5348 1125 5410 sumpta
1140 5341 1251 5411 palatio.
1267 5342 1328 5396 Non
1343 5357 1484 5413 negamus.
1502 5343 1590 5412 Atque
1607 5341 1712 5397 utinam
1725 5342 1754 5397 in
1771 5358 1820 5414 pa·

1016 5428 1088 5483 latiis
1116 5428 1280 5484 mansissent
1311 5444 1427 5501 semper,
1453 5445 1508 5484 non
1531 5429 1558 5484 in
1587 5431 1727 5496 sacrariis,
1763 5431 1819 5487 imo

1016 5517 1106 5591 magis
1120 5531 1172 5572 nec
1185 5515 1214 5572 in
1228 5515 1337 5591 palatiis
1352 5532 1472 5593 uuquam
1496 5516 1620 5585 luissent,
1644 5534 1695 5574 aec
1720 5519 1748 5575 iu
1773 5536 1818 5577 ee·
