3750 5984
78 177 134 236 357
335 173 525 234 EXPOSlTIO
553 172 592 229 IN
618 167 811 229 EPISTOLAS
837 172 951 230 PAULI.
978 202 1013 216 -
1041 173 1206 232 lancisa.
1235 173 1283 232 sb
1312 173 1457 231 l‘lllhll’l’.
1667 178 1720 234 888

79 303 148 376 ocia
156 317 213 360 non
223 299 395 373 confundar,
407 299 436 354 id
450 305 553 355 estnon
563 297 724 354 erubescam
735 295 763 351 in
773 295 874 369 aliquo,
886 299 912 359 A
927 307 970 353 est
982 315 1033 370 pro
1043 297 1254 365 meritoChristi,
1265 300 1422 356 nouaclum
1431 303 1465 354 at
1474 297 1596 355 medatis
1604 300 1637 355 ia
1644 315 1719 369 ιιιιι,

63 393 108 445 ιι
122 404 175 463 ego
189 387 312 445 deficiam
327 387 355 442 iu
369 386 521 459 Evangelio
535 384 635 442 Christi
650 392 760 456 propter
774 384 876 440 matan-
925 387 974 443 sed
987 389 1074 443 etiam
1084 391 1118 442 ιι
1131 387 1345 460 patiamioipro
1358 388 1419 442 illo.
1431 387 1486 442 Vos
1500 385 1572 453 dico,
1589 387 1723 445 babentes

80 476 360 534 temtribulationem.
368 477 428 532 Nan
438 474 608 546 confundar,
617 473 747 529 sedabat
756 488 874 545 semper,
924 475 1151 531 idamccrtamca
1160 476 1242 549 quale
1252 476 1284 532 ia
1292 474 1401 557 addatis
1410 476 1442 530 ia
1451 489 1506 541 ma,
1518 489 1581 531 cum
1590 475 1663 546 apud
1673 491 1724 531 vos

79 566 109 622 id
123 573 165 622 est
179 565 214 621 dc
228 564 368 635 praeterito
381 562 572 637 magnificatus
596 569 647 628 est,
670 562 712 617 ita
733 565 762 618 ct
785 577 874 627 nanc,
925 578 1025 628 essem,
1042 562 1167 634 alquale
1182 578 1261 618 nanc
1285 562 1406 618 audistis
1429 563 1463 619 dc
1482 577 1527 618 ma
1542 562 1616 634 quod
1628 563 1719 634 patior

79 653 109 709 id
122 652 202 709 estin
216 651 308 708 iuturo
325 651 554 723 magnificabitur
565 649 703 717 Christus,
714 664 769 704 non
787 649 876 704 solum
925 650 1029 706 Romae.
1046 652 1101 706 Vos
1114 659 1204 706 antem
1218 649 1360 705 imitamini
1374 650 1446 722 quod
1461 664 1505 706 me
1531 651 1558 705 iu
1572 649 1722 707 humilitate

79 741 108 796 in
134 740 233 810 anima,
258 739 407 796 sedetiam
429 739 458 794 in
479 737 613 810 fragiliori
636 745 723 809 parte,
744 737 773 792 id
787 745 829 793 est
843 739 876 793 ia
923 737 980 810 pati
993 738 1101 807 videtis,
1117 745 1254 796 sectantes
1269 738 1426 810 patientiam
1436 745 1463 794 et
1477 738 1666 795 humilitatem.

78 842 194 902 corpora
207 842 278 884 mco.
301 825 627 898 llagaificabitorutique
644 825 702 881 sive
720 840 772 898 per
786 827 875 881 vitam

78 918 137 974 stoc
157 932 208 989 per
233 920 363 983 mortam,
382 915 413 969 'id
441 921 483 970 est
510 914 537 968 in
566 913 622 969 vita
649 914 773 984 corporis
801 921 828 968 et
848 913 876 968 in
1235 931 1405 989 mppr-11,

78 1012 178 1061 morte.
206 1003 301 1059 Debeo
327 1001 505 1075 magnificare
529 1001 665 1058 Christum
687 1017 738 1072 per
766 1001 874 1070 vitam,

79 1091 203 1150 259
218 1106 282 1146 narn
298 1090 426 1146 Christos
439 1094 467 1146 et
476 1087 657 1155 ιιιιιιιιὶιὶ,
673 1089 757 1144 idest
774 1103 827 1160 ego
841 1088 875 1144 ad
962 1109 974 1140 ι
993 1086 1022 1144 Si
1035 1104 1089 1160 qua
1102 1103 1170 1162 ergo
1184 1087 1336 1144 consolatio
1358 1087 1386 1143 in
1401 1087 1518 1157 Christo,
1545 1089 1567 1146 si
1583 1091 1657 1162 quod
1671 1107 1719 1149 ιο-

77 1180 152 1237 aliud
167 1196 222 1236 non
236 1179 309 1247 vivo,
326 1179 379 1233 nisi
393 1185 423 1232 ut
446 1176 618 1250 magnificem
644 1177 792 1233 Christum.
817 1178 875 1232 De·
927 1198 938 1223 ι
956 1175 1051 1230 latium
1065 1176 1214 1242 charitatis,
1230 1176 1254 1231 si
1276 1191 1331 1248 qua
1355 1175 1471 1233 societas
1486 1177 1608 1249 spiritus,
1625 1179 1648 1234 si
1662 1194 1718 1252 qua

77 1269 133 1326 beo
147 1267 324 1342 magnificare
337 1274 515 1338 permortem
528 1285 535 1331 ;
550 1281 613 1320 nam
623 1264 876 1321 Christusestmihi
927 1265 1060 1320 «viscera
1083 1264 1275 1330 miserationis,
1297 1263 1408 1334 implete
1421 1265 1550 1337 gaudium
1571 1282 1671 1333 meum,
1687 1274 1716 1322 ut

80 1358 194 1414 caeram
208 1355 290 1423 morl,
319 1355 347 1410 id
375 1363 416 1411 est
430 1355 464 1410 ad
483 1354 666 1420 moriendum,
687 1353 776 1424 ipsum
801 1353 875 1409 enim
927 1351 1027 1408 uidem
1043 1353 1166 1422 sapiatis,
1183 1352 1309 1408 eamdem
1323 1352 1482 1408 charitatem
1497 1354 1640 1422 hahentes,
1656 1371 1720 1411 uua·

78 1443 218 1501 Christum
233 1442 370 1514 accipiens
393 1442 492 1509 lucror,
518 1441 542 1496 si
558 1457 610 1513 pro
632 1441 740 1496 Christo
754 1440 869 1497 morior.
927 1463 938 1488 ι
955 1441 1043 1496 nimes
1057 1440 1174 1513 idipsum
1190 1439 1349 1495 sentientes.
1365 1440 1438 1494 Nihil
1448 1456 1498 1511 per
1507 1442 1718 1511 contentionem,

76 1531 129 1588 Vel
143 1532 181 1586 ita
195 1548 203 1585 r
218 1531 273 1586 Per
284 1537 401 1586 mortem
415 1529 504 1586 debeo
525 1527 702 1601 magnificare
717 1528 875 1596 Christum
927 1551 938 1575 ι
955 1544 1044 1600 neque
1058 1544 1109 1599 per
1123 1528 1230 1583 inanem
1245 1527 1370 1599 gloriam,
1387 1527 1479 1582 sedin
1501 1528 1655 1586 hnmilitate
1670 1548 1719 1587 su·

75 1635 142 1675 narn
155 1618 226 1675 mori
238 1625 279 1674 est
294 1617 361 1672 mihi
374 1617 493 1684 luorum,
505 1616 533 1671 id
548 1626 591 1672 est
604 1631 669 1671 nam
683 1616 712 1671 in
727 1623 815 1672 morte
830 1616 874 1671 lu·
888 1646 915 1707 B
927 1638 938 1663 ιι
955 1616 1078 1686 periorcs
1097 1615 1150 1670 sibi
1172 1614 1290 1671 invicem
1312 1614 1485 1682 arbitrantes,
1511 1631 1566 1673 non
1589 1634 1651 1690 quae
1671 1636 1720 1674 sua

76 1722 142 1764 cror
155 1721 218 1779 ego,
232 1705 370 1776 accipiens
385 1705 413 1760 in
426 1704 505 1760 omlis
519 1704 726 1760 retributionem
749 1703 873 1760 laborum
927 1726 938 1751 ι
954 1712 1017 1759 ιιιι
1031 1703 1130 1776 singuli
1144 1703 1358 1768 considerantes,
1383 1703 1432 1758 sed
1453 1719 1485 1759 ea
1511 1720 1574 1775 quar
1587 1705 1717 1764 aliomm.

75 1809 214 1850 meorum.
243 1795 278 1849 Et
303 1808 366 1849 cum
388 1792 458 1848 mori
481 1792 516 1847 sit
536 1791 602 1846 mihi
616 1791 731 1861 lucrum,
753 1797 834 1847 restat
848 1799 875 1846 ιι
927 1793 1014 1847 ιΗοι
1041 1791 1113 1846 enim
1129 1791 1226 1847 sentite
1240 1791 1269 1845 in
1291 1790 1379 1856 vobis,
1408 1791 1482 1862 quod
1509 1800 1535 1847 et
1556 1792 1584 1847 in
1612 1793 1720 1852 Christo

76 1882 181 1955 eligam
195 1889 322 1937 mortem.
928 1901 939 1927 ι
956 1880 1032 1935 lesu.
1048 1878 1102 1948 Qui
1115 1893 1178 1935 cura
1193 1879 1221 1934 ia
1235 1878 1322 1935 forma
1334 1877 1386 1933 Dei
1409 1885 1493 1947 esset,
1513 1895 1569 1935 uon
1595 1881 1720 1952 rapinam

115 1970 240 2026 Adversa
254 1968 398 2035 sententia,
427 1968 477 2023 sed
491 1979 582 2023 tamen
603 1967 667 2024 licet
689 1967 758 2023 mori
780 1967 816 2022 sit
835 1966 877 2022 lu·
927 1966 1102 2022 «arbitratus
1117 1975 1159 2023 est
1174 1983 1236 2023 esse
1250 1983 1280 2022 ιι
1303 1966 1436 2038 aeqtralem
1460 1967 1528 2033 Deo,
1551 1968 1602 2024 sed
1616 1978 1721 2027 semet-

78 2073 169 2126 cmm,
184 2059 276 2113 vicere
296 2059 328 2112 in
352 2072 439 2112 ιιιιιι
454 2060 497 2112 ιιι
510 2057 582 2112 mita·
591 2059 706 2127 [ιιιιιιι
720 2056 821 2127 operis,
831 2055 876 2111 hio
928 2077 939 2102 ι
956 2054 1046 2126 ipsum
1059 2054 1214 2120 exinanivit,
1236 2054 1353 2110 formam
1367 2054 1440 2110 servi
1462 2055 1610 2128 accipiens,
1636 2057 1664 2112 in
1680 2058 1715 2114 si·

77 2144 183 2202 scilicet
198 2144 272 2216 quod
286 2160 337 2215 per
351 2144 435 2199 vitam
450 2143 669 2217 magnificabitur
684 2142 818 2199 Christus.
841 2144 877 2198 Et
928 2165 939 2190 ι
955 2143 1134 2198 militudinem
1148 2141 1289 2198 homiuum
1316 2142 1413 2211 lactus,
1438 2150 1465 2198 et
1479 2143 1573 2199 habitu
1594 2145 1721 2203 inventus

77 2233 144 2305 quia
168 2233 239 2289 mori
265 2232 331 2286 mihi
358 2239 400 2287 est
426 2232 533 2287 lucrum
556 2239 638 2287 tantae
649 2231 833 2297 beatitudiuis,
849 2238 877 2286 ιι
928 2251 940 2282 a
956 2239 984 2286 ut
998 2232 1091 2288 homo.
1108 2230 1265 2287 llumiliarit
1279 2231 1471 2302 semetipsum,
1488 2230 1577 2288 lactus
1589 2233 1722 2290 obediens

77 2320 171 2377 rivere
184 2320 213 2376 iu
227 2335 308 2376 carne
329 2326 370 2374 est
389 2318 456 2374 mihi
470 2318 575 2375 fructus
589 2318 780 2392 magnificandi
796 2318 876 2375 Chri·
928 2341 939 2366 ιι
956 2319 1092 2392 usquead
1107 2326 1231 2385 mortem,
1246 2326 1362 2375 mortem
1376 2326 1467 2375 autem
1491 2320 1591 2376 crucis.
1608 2322 1723 2393 Propter

76 2415 161 2478 stum,
176 2423 222 2474 en,
237 2407 321 2463 idest
336 2422 411 2472 ecce,
433 2407 500 2478 qaid
515 2407 611 2462 horum
640 2408 743 2479 eligam
766 2408 874 2479 ignoro,
928 2429 940 2454 ι
956 2407 1030 2478 quod
1045 2414 1072 2462 ιι
1086 2408 1160 2462 Deus
1174 2406 1301 2462 exaltavit
1317 2405 1403 2470 illum,
1424 2414 1451 2461 et
1470 2406 1580 2463 donavit
1603 2408 1643 2464 illi
1669 2425 1722 2466 no-

75 2496 163 2552 vitam
176 2510 212 2551 aa
226 2503 352 2561 mortem,
360 2495 423 2551 ideo
436 2495 536 2568 ignoro
542 2495 606 2567 quia
614 2502 750 2551 coarctor.
761 2494 812 2550 Vel
822 2509 877 2549 noa
929 2517 940 2543 ι
958 2511 1021 2550 men
1036 2493 1108 2566 qraod
1123 2501 1164 2551 ιιι
1184 2510 1268 2565 super
1287 2509 1369 2550 omne
1391 2509 1492 2550 nomen
1508 2512 1515 2549 :
1531 2503 1561 2551 ut
1573 2496 1722 2555 innomine

77 2582 878 2655 solumignoro,sedetiamcoarctor,habensdesideriuma
930 2604 942 2635 a
958 2583 1023 2639 lesu
1037 2598 1119 2638 omne
1132 2582 1344 2653 genuflectatur,
1363 2581 1524 2649 coelestium,
1540 2585 1719 2654 terrestrium,

78 2671 196 2738 daubo,
207 2671 323 2727 idestde
331 2670 453 2736 dissolvi,
470 2670 546 2726 etde
561 2686 722 2742 permanere
736 2671 765 2725 in
778 2685 876 2738 carne;
929 2693 941 2720 a
958 2678 985 2726 et
999 2669 1178 2726 infernorum.
1204 2670 1239 2724 Et
1257 2669 1346 2725 omnis
1365 2669 1459 2743 lingua
1473 2669 1643 2742 confiteatur,
1658 2673 1723 2745 quia

79 2758 130 2814 sed
144 2759 260 2815 dissolui
270 2757 489 2816 etcamdbriato
503 2759 780 2825 casamaltomellas,
791 2773 878 2830 quau·
930 2782 941 2807 ι
958 2759 1092 2814 Dominus
1105 2758 1170 2813 lesu
1184 2757 1310 2813 Christus
1329 2758 1357 2812 ia
1384 2757 1475 2831 gloria
1497 2765 1539 2814 est
1553 2759 1604 2815 Dei
1617 2760 1718 2818 Patris.

78 2855 137 2902 tum
148 2846 182 2902 ad
196 2863 251 2902 me.
263 2849 434 2903 Permanere
441 2850 539 2902 autem
547 2848 579 2902 ia
590 2862 676 2903 cama
686 2848 878 2902 necessariam
930 2869 942 2894 ιι
957 2847 1063 2918 ltaque,
1091 2844 1243 2902 charissimi
1256 2845 1321 2911 mei,
1338 2844 1420 2915 (sicut
1446 2861 1556 2917 semper
1577 2847 1722 2916 obedistis)

77 2938 124 2991 cst
135 2938 252 3006 propter
260 2950 317 3001 vos,
338 2941 367 2989 ιι
393 2933 516 2989 Christus
544 2950 593 3005 per
621 2950 664 2989 me
688 2931 878 3005 magnificetur
929 2950 1013 2990 «non
1026 2934 1055 2989 in
1068 2933 1213 3005 praesentia
1228 2948 1288 2988 mea
1305 2939 1418 2998 tantum,
1448 2935 1499 2990 scd
1521 2934 1606 2990 multo
1634 2937 1722 3009 magis

78 3022 210 3078 innobis.
227 3024 262 3078 at
282 3022 342 3089 boc,
358 3022 386 3077 id
407 3029 448 3077 ιιι
463 3022 537 3094 quod
563 3021 736 3078 necessarius
754 3030 781 3077 et
804 3022 878 3077 utilis
894 2994 917 3055 ⁰
930 3043 941 3071 ι
959 3037 1032 3078 nuno
1045 3021 1073 3076 iu
1087 3022 1213 3077 absentia
1227 3019 1356 3078 260
1371 3035 1444 3088 mea,
1459 3036 1521 3076 cum
1535 3028 1609 3078 mela
1624 3030 1651 3079 et
1664 3031 1723 3080 tre-

79 3125 130 3166 ero
143 3110 297 3179 confidens.
313 3111 374 3166 Scio
398 3112 532 3182 qnoniam
555 3110 672 3166 manebo
695 3117 722 3165 et
735 3109 817 3165 etiarn
832 3109 878 3165 diu
931 3132 942 3157 ιι
959 3125 1036 3165 more
1051 3117 1172 3165 vestram
1186 3108 1300 3164 salutem
1314 3108 1477 3179 operamini.
1494 3109 1568 3165 Deus
1582 3118 1624 3166 ιιι
1639 3110 1721 3177 enim,

78 3198 249 3271 prcrmaocbo
264 3199 393 3255 omnibus
403 3198 477 3254 vobis
487 3198 524 3255 ad
533 3201 693 3270 profectam
703 3202 837 3264 vestram,
849 3202 878 3254 ιι
930 3219 942 3244 ι
960 3197 1007 3268 qui
1020 3204 1149 3268 operatur
1163 3196 1191 3250 in
1213 3196 1291 3252 vobis
1321 3204 1348 3251 et
1369 3196 1449 3263 velle,
1474 3205 1501 3252 et
1513 3196 1657 3269 perlicere,
1673 3215 1725 3271 pro

79 3284 117 3340 ad
130 3285 269 3356 paediam
287 3285 353 3355 fidei
366 3289 476 3352 vestra,
492 3285 520 3340 id
535 3293 577 3340 est
599 3293 628 3340 ut
642 3285 676 3341 de
701 3284 800 3342 merito
814 3284 878 3341 fidei
930 3309 941 3333 ιι
959 3285 1032 3341 bona
1050 3285 1195 3340 voluntate.
1214 3283 1312 3340 Omnia
1326 3292 1419 3340 autem
1433 3277 1513 3341 tacite
1527 3285 1586 3343 sine
1600 3304 1724 3344 murmu-

80 3372 235 3444 gaudeatis.
250 3373 327 3429 'lunc
340 3373 424 3428 habet
435 3372 525 3442 justus
542 3372 672 3445 gaudium
687 3372 722 3428 de
736 3371 800 3438 fide,
815 3387 878 3428 cum
930 3395 942 3421 ιι
960 3372 1112 3428 rationibus
1134 3380 1161 3427 et
1189 3370 1404 3428 haesitationibus
1432 3373 1457 3444 (l
1468 3376 1547 3429 Patr.
1571 3389 1610 3441 ιι,
1640 3375 1679 3448 9),
1694 3384 1725 3433 ιι

76 3460 136 3530 jam
150 3475 206 3517 non
219 3459 295 3516 timet
309 3460 435 3526 adversa,
460 3468 487 3516 et
510 3475 624 3516 secums
648 3466 691 3515 est
704 3460 739 3515 de
753 3460 877 3531 praemio.
931 3461 1018 3515 «sitis
1033 3460 1092 3515 sine
1107 3459 1229 3531 querela,
1258 3467 1286 3514 et
1307 3459 1445 3531 simplices
1466 3459 1514 3515 filii
1526 3461 1587 3532 Dei,
1604 3463 1664 3519 sine
1678 3480 1724 3520 re·

79 3544 250 3604 Permanebo
263 3547 342 3603 vohis
355 3548 391 3605 ad
405 3545 567 3619 proiectum,
579 3549 623 3603 tta
633 3547 839 3618 alpratalatia,
850 3547 879 3602 id
931 3570 942 3595 ι
960 3547 1143 3620 prehensione
1155 3546 1183 3600 in
1197 3546 1288 3601 medio
1301 3545 1419 3601 nationis
1429 3562 1520 3618 pravae
1530 3556 1558 3604 et
1569 3565 1723 3621 perversam

79 3643 124 3692 est
137 3634 281 3691 exsultatio
300 3644 403 3701 vestra,
429 3634 473 3691 vel
491 3635 561 3691 actio
588 3634 746 3707 gratiarum,
771 3641 878 3690 utrum-
931 3657 943 3682 ιι
960 3636 1031 3691 inter
1045 3650 1114 3706 quos
1128 3633 1226 3690 lucetis
1240 3633 1311 3689 siout
1326 3633 1469 3690 luminaria
1482 3636 1510 3690 iu
1525 3637 1627 3694 mundo
1642 3657 1650 3705 ;
1666 3655 1726 3696 ver-

78 3739 135 3797 que
149 3723 222 3779 enim
246 3722 382 3794 significat
406 3722 539 3796 gratulor,
565 3731 591 3778 et
605 3722 712 3795 gaudeo
727 3731 754 3777 et
774 3723 879 3794 gratias
930 3724 1026 3778 «bum
1049 3723 1111 3779 vitas
1138 3722 1308 3778 continentes
1329 3721 1363 3777 ad
1385 3722 1500 3794 gloriam
1522 3740 1612 3780 meam
1631 3725 1659 3781 in
1681 3727 1726 3785 die

79 3827 146 3885 ago,
162 3811 317 3884 gratulatio,
327 3811 449 3883 inquam.
461 3819 554 3868 vestra
569 3811 694 3867 ιιιιιιιι
707 3811 739 3865 ia
756 3809 877 3877 Christo,
931 3832 943 3863 a
960 3810 1070 3880 Christi,
1098 3810 1160 3882 quia
1180 3827 1237 3867 non
1259 3810 1287 3865 iu
1306 3826 1423 3867 vacuum
1446 3813 1565 3880 cucurri,
1584 3830 1675 3887 neque
1697 3816 1726 3871 in

77 3899 109 3955 id
123 3907 166 3955 est
179 3899 207 3954 in
220 3899 330 3956 laudern
344 3899 445 3955 Christi
459 3901 535 3966 leco,
548 3900 580 3955 ia
594 3914 650 3966 ma,
674 3898 703 3954 id
717 3898 799 3954 estin
813 3914 879 3955 aon·
931 3916 1077 3957 ‹vacuum
1091 3899 1223 3955 laboravi.
1241 3899 1295 3955 Sed
1309 3899 1373 3955 etsi
1397 3900 1525 3957 immolor
1538 3918 1621 3975 supra
1637 3904 1719 3961 sacri-

79 3987 246 4043 sideratioue
260 3987 324 4043 mei.
340 3988 467 4043 abundet
479 3987 541 4043 dico
555 4003 607 4059 per
620 4002 715 4044 meam
725 3987 878 4044 aduentam
931 4010 943 4039 ι
961 3988 1062 4056 ficium,
1079 3996 1106 4043 et
1119 3988 1281 4060 obsequium
1296 3987 1360 4044 fidei
1369 3997 1476 4056 vestrae,
1488 3991 1605 4063 gaudeo,
1621 3999 1649 4048 et
1662 4008 1727 4050 con-

78 4077 188 4131 itaram
202 4073 304 4131 iactum
328 4075 364 4131 od
378 4091 435 4132 ιιι.
456 4075 615 4131 abundabit
630 4075 723 4147 utique
748 4079 879 4132 ιιιιιιιι-
931 4076 1085 4150 «gratulor
1108 4075 1235 4131 omnibus
1255 4075 1344 4131 vobis.
1370 4075 1491 4148 ldipsum
1513 4088 1602 4135 autem
1626 4088 1654 4136 et
1676 4097 1726 4137 vos

77 4163 160 4220 modo
173 4162 264 4218 videte
278 4167 370 4219 alvos
390 4164 597 4219 conversemini
620 4163 704 4235 digne
729 4164 878 4235 Evangelio
931 4164 1078 4237 «gaudete
1093 4172 1121 4220 et
1133 4163 1363 4237 congratulamini
1375 4164 1452 4219 mihi.
1474 4165 1561 4237 Spem
1585 4176 1674 4224 autem
1698 4169 1727 4225 in

81 4251 205 4317 Christo,
217 4250 298 4306 idest
312 4250 381 4306 sicut
391 4252 470 4307 decet
480 4259 506 4306 ιι
513 4250 593 4307 docet
602 4250 792 4322 Evangelinm,
804 4251 879 4322 quod
930 4273 943 4302 ι
960 4253 1077 4308 Domino
1089 4252 1169 4318 lesu,
1186 4251 1356 4307 Timotheum
1370 4268 1415 4308 me
1429 4252 1483 4309 cito
1496 4255 1602 4311 mittere
1615 4256 1650 4312 ad
1666 4272 1725 4327 vos,

79 4338 233 4409 accepistis.
251 4339 291 4393 lta
305 4339 399 4412 digne,
415 4343 449 4395 at
462 4340 520 4395 aiva
533 4355 598 4395 cam
611 4355 712 4398 venero
733 4343 762 4396 ct
781 4339 875 4398 cidara
888 4341 916 4403 D
932 4362 944 4388 ι
960 4348 989 4395 ιι
1003 4348 1030 4396 ιι
1044 4355 1098 4413 ego
1112 4340 1185 4395 bono
1199 4339 1291 4395 auimo
1305 4338 1367 4406 sim,
1383 4340 1501 4413 cognitis
1515 4358 1576 4413 quae
1590 4343 1665 4401 circa
1678 4360 1728 4401 vos

81 4441 139 4492 aas,
154 4427 212 4482 sive
225 4425 326 4483 ιιιιιι
339 4442 502 4499 quocunque
517 4427 598 4483 modo
613 4426 704 4494 luero,
719 4426 763 4484 vel
778 4427 880 4483 absens
935 4451 946 4476 ιι
963 4436 1035 4484 sunt.
1050 4427 1195 4483 Neminem
1208 4427 1282 4483 enim
1303 4428 1393 4484 habeo
1419 4435 1475 4484 tam
1499 4430 1666 4500 unanimem,
1681 4434 1727 4506 qui

79 4513 126 4570 rel
137 4529 259 4585 presens
272 4515 382 4570 audiam
396 4515 431 4571 de
445 4514 524 4572 vobis
534 4517 596 4582 hoc,
608 4517 674 4588 oola
683 4517 767 4573 static
780 4516 813 4571 ιι
822 4532 880 4574 ano
934 4539 945 4565 ι
963 4515 1071 4573 sincera
1086 4514 1229 4573 affectione
1241 4530 1293 4588 pro
1307 4515 1387 4572 vobis
1412 4517 1545 4574 sollicitus
1559 4519 1603 4575 sit.
1624 4520 1728 4578 Omnes

80 4601 184 4674 Spiritu
212 4592 310 4660 sancto
329 4601 495 4673 justificante
519 4619 578 4659 vos.
604 4604 640 4658 ιιι
661 4603 726 4676 qaia
739 4603 767 4658 in
782 4603 880 4660 eodem
935 4604 1037 4661 renim
1053 4620 1114 4678 quae
1128 4619 1176 4660 sua
1190 4612 1254 4660 sunt
1273 4613 1407 4676 quarunt,
1422 4621 1479 4662 non
1505 4623 1566 4679 quae
1586 4617 1648 4663 sunt
1661 4609 1727 4666 lesu

79 4689 179 4762 spiritu
193 4698 266 4746 stare
284 4699 397 4762 possent
412 4709 420 4756 3
435 4691 479 4747 hic
498 4691 526 4746 in
550 4690 712 4761 humihtate,
729 4692 773 4748 hio
793 4694 822 4746 ia
835 4707 881 4748 ca-
935 4715 946 4741 ι
964 4693 1065 4749 Christi
1077 4694 1104 4767 (l
1116 4691 1176 4750 Cor.
1193 4707 1257 4762 xttl,
1272 4689 1310 4763 bl.
1325 4693 1550 4765 Experimentum
1564 4703 1655 4753 autern
1669 4696 1728 4766 ejas

79 4777 192 4845 scitate3
206 4786 298 4834 tamen
322 4795 376 4835 aon
397 4779 530 4834 habentes
549 4779 619 4835 inter
641 4795 672 4836 ιι
695 4778 880 4850 dilectionem,
935 4782 1147 4854 «cognoscite,
1176 4782 1263 4853 quia,
1295 4781 1366 4837 siout
1392 4781 1464 4853 patri
1499 4781 1591 4853 filius,
1608 4800 1728 4842 mecum

80 4864 145 4921 idea
158 4866 234 4921 addit
246 4868 398 4923 unanimes
411 4867 440 4922 ia
462 4866 616 4936 dilectione,
632 4874 661 4922 ιι
674 4867 882 4924 collaborantes
936 4891 947 4916 ι
965 4869 1074 4926 servivit
1088 4870 1116 4925 in
1130 4868 1291 4943 Evangelio.
1307 4870 1385 4925 llunc
1398 4868 1483 4944 igitur
1496 4886 1578 4943 spero
1592 4888 1638 4929 me
1662 4873 1728 4929 mit-

79 4968 133 5024 per
146 4952 303 5025 patientiam
317 4954 521 5011 tribulationum
535 4955 602 5025 ,idei
625 4955 781 5026 Evangelii,
797 4954 883 5011 idest
935 4964 1024 5013 «tere
1037 4957 1072 5012 ad
1085 4971 1146 5024 vos,
1161 4973 1225 5013 mox
1240 4963 1270 5013 nt
1283 4957 1377 5013 videro
1400 4974 1462 5030 quaa
1483 4959 1556 5016 circa
1579 4976 1624 5017 me
1647 4971 1724 5019 ιιιιι

81 5056 167 5112 qnam
191 5040 273 5098 iidem
287 5043 315 5097 in
336 5043 485 5117 Evangelio
499 5042 642 5099 didicistis.
658 5043 773 5099 Audiam
800 5043 882 5100 etiarn
936 5066 948 5092 ι
965 5043 1078 5102 Confido
1103 5053 1192 5101 autem
1213 5044 1242 5100 iu
1257 5045 1384 5112 Domino,
1405 5047 1534 5118 quoniam
1554 5057 1582 5104 ιι
1604 5048 1664 5122 ipsa
1678 5067 1730 5108 vc·

82 5129 159 5201 qnod
173 5145 223 5186 vos
236 5132 269 5186 ia
282 5131 364 5187 catto
380 5133 550 5188 terreamini
563 5132 598 5188 ab
620 5131 801 5199 adversariis,
820 5148 883 5204 aaa
935 5155 948 5181 ι
964 5134 1040 5188 niam
1062 5133 1098 5189 ad
1112 5148 1162 5190 vos
1174 5133 1239 5190 cito.
1259 5133 1453 5190 Necessarium
1467 5143 1558 5194 autem
1578 5138 1730 5195 existimavi

81 5232 178 5284 ιιιιι,
194 5217 300 5275 scilicet
324 5219 397 5291 quod
424 5218 518 5276 volunt
546 5227 649 5276 terrere
676 5236 737 5288 vos,
756 5223 800 5277 ιιι
821 5219 883 5276 iltis
934 5241 947 5268 ι
962 5220 1178 5292 Epaphroditum
1191 5221 1303 5277 tratrem
1327 5229 1355 5277 ιι
1374 5230 1580 5295 cooperatorem
1599 5234 1625 5283 ιι
1653 5241 1731 5287 com·

82 5321 173 5363 caasa
195 5306 376 5380 perdttiom's,
391 5309 466 5365 vobis
481 5308 648 5380 commoni
662 5307 778 5364 interriti
794 5307 881 5376 statis,
937 5307 1126 5366 «millitouem
1140 5325 1241 5377 meam,
1267 5315 1390 5367 vestrum
1404 5319 1496 5368 ιιιιιι
1513 5313 1685 5385 apostolum,
1703 5321 1731 5370 et

82 5400 127 5449 est
140 5395 350 5451 caasasatattr.
367 5397 401 5450 at
416 5396 466 5452 hoc
479 5395 558 5451 vohis
571 5412 590 5451 a
604 5396 659 5454 ileo
669 5395 743 5468 quod
757 5411 813 5452 non
827 5403 884 5452 ter·
936 5418 949 5450 a
965 5397 1118 5454 ministrnm
1140 5396 1313 5456 necessitatis
1326 5413 1405 5468 mee,
1421 5399 1528 5457 ualuere
1540 5401 1576 5456 ad
1589 5416 1649 5470 vos,
1664 5416 1733 5474 quo·

79 5480 190 5550 remini,
206 5480 278 5552 ideo,
294 5483 442 5555 ιιιιιιιιι
451 5483 589 5543 donatam
603 5488 647 5542 cst
660 5483 842 5558 prodbrtato,
853 5482 884 5540 id
936 5504 949 5534 ι
966 5484 1041 5542 mam
1056 5485 1167 5559 quidem
1181 5501 1277 5544 omnes
1300 5501 1350 5544 vos
1373 5486 1556 5559 desiderabat,
1576 5495 1605 5547 ιι
1616 5497 1731 5548 maestus
