3742 5986
181 178 240 233 wsn
278 130 281 134 ’
463 175 494 234 s,
513 175 561 233 un
580 174 769 233 annuero
789 175 914 232 cinrn.
934 175 987 232 rr.
1006 175 1093 232 uon.
1114 174 1222 232 arur.
1243 175 1291 231 nn
1311 173 1457 231 nansuv.
1478 170 1561 229 onn.

198 288 1839 330 w

435 433 891 570 8ΤΕΡΗΔΝΙ
939 434 1049 568 ΒΕ
1092 432 1664 568 ΘΗΛὶΜΕΤΟ,

720 676 926 735 CARTHUSIAE
945 676 1136 734 contenuit
1154 677 1316 735 thNllCHl

885 848 1156 937 urrerem

487 1060 578 1169 DE
625 1058 1208 1170 PERSEVERANTIA
1251 1055 1544 1167 ORDINIS

646 1275 693 1330 AD
712 1270 879 1329 NOVlTlOS
899 1273 930 1328 S.
955 1271 1099 1329 SULPlTll
1119 1268 1205 1326 olto.
1229 1269 1384 1328 ctsmtta

554 1426 613 1505 (Ex
629 1424 738 1488 codice
752 1442 812 1486 ms.
830 1423 863 1486 S.
880 1420 1024 1503 Augendi
1037 1423 1182 1485 lorensis
1196 1440 1253 1484 seu
1268 1422 1307 1485 S.
1327 1419 1481 1502 Claudii.)

227 1797 417 1854 Dilectissimis
436 1795 465 1851 in
493 1795 600 1851 Christo
615 1794 755 1865 tratribus,
778 1795 952 1862 Bonoiureo,
969 1800 1047 1874 etA¹
1058 1794 1427 1868 31).ltalirctrorespieerc,
1438 1793 1723 1867 aitangelnsadLot,
1736 1810 1790 1851 nee
1801 1798 1847 1851 ste·

192 1887 274 1944 sociis
288 1887 345 1957 ejus
359 1886 431 1958 apud
445 1886 574 1942 Sanctum
590 1883 739 1956 Sulpicium
753 1882 991 1940 inannuaexami-
1044 1888 1112 1944 terta
1126 1886 1157 1941 in
1172 1886 1251 1941 omni
1266 1885 1323 1940 loca
1338 1884 1415 1939 cirea
1442 1883 1606 1954 regionem
1635 1883 1740 1940 sedin
1760 1886 1845 1939 aresta

191 1976 301 2032 natione
314 1975 418 2046 positis,
449 1975 602 2046 Stephanus
630 1973 664 2029 de
695 1972 859 2041 Casama,
889 1971 991 2044 Spiritu
1041 1977 1152 2032 salvam
1169 1978 1195 2030 te
1204 1971 1480 2045 tae(tlen.xtx,t't).
1494 1971 1547 2041 Qui
1557 1979 1680 2029 vocante
1696 1987 1753 2028 uos
1766 1971 1846 2027 dirus

190 2063 336 2137 principali
360 2061 527 2119 confirmari.
1042 2064 1130 2137 gratia
1146 2070 1265 2118 montem
1280 2060 1500 2129 conscendimus,
1517 2060 1615 2127 idest,
1631 2061 1759 2117 arduum
1775 2069 1846 2132 atque

227 2151 343 2220 Quidam
352 2151 433 2207 amici
443 2150 527 2207 vestri
539 2157 704 2222 rogaverunt
712 2165 755 2205 me
770 2150 865 2220 (supra
880 2147 908 2203 id
918 2147 991 2221 quad
1044 2167 1200 2223 supremum
1215 2150 1322 2205 virtutis
1349 2157 1430 2221 atque
1451 2148 1560 2218 justitiae
1590 2149 1647 2205 iter
1673 2150 1845 2222 arripuimus,

192 2255 253 2295 sum
268 2238 382 2294 tortasse
396 2255 441 2294 me
449 2237 650 2306 existimantes)
665 2245 694 2292 ut
717 2237 753 2292 ad
776 2235 988 2303 confirmandos,
1042 2241 1183 2310 (taetitia,
1200 2238 1297 2311 inquit,
1315 2242 1365 2293 tna
1380 2239 1454 2294 amat
1464 2241 1576 2294 mantas
1587 2238 1640 2294 Det
1650 2238 1749 2310 (Prot.
1763 2251 1845 2304 ms,

191 2328 248 2385 sive
259 2325 454 2384 contestandos
468 2342 527 2393 vos,
545 2341 628 2399 quam
636 2341 746 2397 possem
761 2341 871 2396 operam
886 2325 991 2396 impen·
1043 2328 1072 2399 7)
1086 2344 1141 2384 nou
1156 2326 1287 2382 debemus
1302 2326 1336 2382 ad
1351 2326 1518 2396 campestria
1527 2325 1656 2398 regionis
1667 2327 1844 2389 descendere,

191 2417 295 2473 darem.
312 2416 390 2474 Unde
405 2431 458 2487 ego
473 2414 568 2472 volens
582 2422 703 2471 nontam
727 2413 875 2470 subvenire
890 2429 991 2469 neces·
1042 2416 1068 2470 id
1084 2423 1135 2482 est,
1152 2415 1188 2470 ad
1201 2414 1323 2471 laciliora
1351 2413 1478 2486 qualibet
1490 2422 1517 2470 et
1530 2413 1625 2470 minus
1639 2414 1788 2470 laboriosa
1800 2414 1845 2469 dc·

191 2504 264 2561 sitati
276 2512 382 2575 vestrae,
394 2519 477 2576 qnam
491 2519 545 2560 non
556 2504 654 2560 deesse
669 2501 801 2569 charitati,
817 2519 880 2559 cum
893 2501 990 2558 Domi-
1044 2505 1158 2571 clinare,
1175 2519 1210 2559 ne
1226 2502 1294 2559 torte
1304 2502 1442 2559 involvant
1452 2518 1503 2559 nos
1512 2502 1641 2559 incendia
1653 2503 1843 2574 Smomorum,

190 2608 256 2649 num
284 2592 402 2665 priorem
430 2591 640 2659 consuluissem,
656 2591 744 2648 visum
768 2598 809 2647 est
835 2590 860 2646 ei
875 2597 903 2645 ut
931 2591 991 2646 haeo
1041 2601 1088 2648 ent
1103 2608 1137 2648 ne
1153 2592 1222 2648 sicut
1236 2590 1340 2647 hbela
1364 2590 1443 2662 Cain,
1467 2591 1504 2646 ita
1518 2606 1605 2647 nasa
1631 2593 1755 2651 diabolo
1767 2594 1845 2649 truci·

190 2680 324 2736 schedula
337 2695 399 2736 meo
412 2679 523 2736 nemine
537 2680 571 2734 ad
582 2695 632 2736 vos
641 2679 817 2751 dirigeretur.
834 2678 921 2751 Igitur
935 2694 990 2734 non
1043 2683 1148 2737 demur.
1165 2682 1196 2735 ln
1211 2695 1309 2752 eampo
1320 2679 1419 2753 quippe
1429 2679 1499 2735 hbet
1525 2680 1637 2736 occisus
1654 2691 1715 2739 est.
1735 2684 1845 2755 campas

192 2783 245 2840 ego
275 2775 404 2841 tanquam
431 2767 553 2823 emeritas
576 2766 681 2823 militia
708 2774 863 2831 veteranus,
880 2774 990 2837 tyrones
1042 2779 1133 2825 antem
1148 2776 1189 2825 est
1204 2769 1258 2824 lata
1272 2776 1298 2824 et
1313 2768 1432 2840 spatiosa
1445 2768 1498 2836 via,
1515 2785 1576 2841 qum
1594 2769 1676 2827 ducit
1687 2771 1725 2826 ud
1739 2781 1845 2828 mortam

190 2856 306 2923 instruo,
322 2855 371 2911 sed
387 2855 466 2927 qnasi
480 2855 560 2911 miles
574 2854 665 2911 adbuc
678 2854 713 2909 ad
729 2869 800 2911 nava
815 2853 887 2910 bella
901 2855 989 2921 rudis,
1041 2867 1067 2914 et
1087 2857 1276 2930 perditionem.
1292 2855 1367 2913 Licet
1377 2872 1444 2928 ergo
1458 2872 1532 2913 mors
1545 2858 1618 2914 Abel
1627 2859 1758 2930 pretiosa
1771 2860 1846 2916 tuem

191 2959 252 3017 qua
266 2944 302 3000 ad
316 2959 416 3015 meam
432 2943 502 2998 sicut
516 2943 551 2998 ad
570 2951 690 2999 vestram
704 2959 780 3016 aeque
790 2942 990 3000 velconlirma-
1039 2946 1068 3001 in
1084 2954 1233 3017 conspectu
1252 2945 1372 3013 Domini,
1398 2961 1453 3001 non
1473 2945 1627 3018 incongrue
1643 2955 1742 3006 tamen
1756 2964 1844 3006 eorum

189 3033 291 3089 tionem
304 3033 349 3089 rel
359 3032 573 3088 exhortationem
584 3030 701 3103 valeam,
716 3031 838 3104 protero.
852 3032 990 3088 Debemus
1041 3035 1152 3090 exitium
1173 3034 1332 3106 intelligitur
1344 3033 1509 3108 significare,
1534 3035 1581 3106 qui
1591 3036 1665 3093 nihil
1679 3039 1795 3094 arduum
1807 3037 1843 3094 sel

191 3138 267 3196 ergo,
284 3130 338 3177 tam
352 3136 405 3194 ego
419 3136 570 3193 quamtus,
596 3120 695 3176 divinae
710 3121 784 3179 eirca
812 3136 863 3176 nos
879 3120 1027 3220 miseri·B
1041 3122 1211 3179 laboriosum
1234 3123 1441 3196 aggredientes,
1458 3123 1486 3178 in
1500 3139 1608 3195 campo,
1626 3124 1659 3181 id
1679 3134 1733 3195 est,
1744 3127 1773 3182 in
1795 3127 1844 3182 lats

192 3210 293 3267 cordiae
307 3225 392 3281 opera
413 3208 529 3267 sollicita
545 3209 645 3281 pietate
667 3209 854 3265 considerare.
871 3209 991 3264 Primum
1041 3212 1135 3268 mundi
1151 3212 1194 3268 via
1209 3227 1225 3266 a
1240 3212 1349 3267 diabolo
1376 3211 1554 3284 perimuntur.
1570 3213 1702 3287 nitergo
1716 3215 1844 3271 Dominus

192 3298 312 3370 quidem,
325 3297 400 3370 qnod
412 3313 467 3354 non
482 3297 616 3354 conclusit
629 3312 681 3353 nos
695 3298 722 3352 in
737 3297 862 3353 manibus
877 3297 989 3364 inimici,

190 3386 260 3444 sicut
275 3401 475 3456 merueramus,
484 3394 512 3442 ut
523 3386 610 3457 (juxta
619 3387 693 3459 quod
701 3386 880 3458 scriptumest
894 3386 988 3460 (apoc.

189 3475 274 3546 xxti),
285 3475 330 3548 qui
344 3475 372 3530 in
382 3475 510 3531 sordibus
518 3491 635 3543 eramus,
647 3475 737 3532 adhuc
745 3476 968 3532 sordesceremus
981 3493 989 3543 ;

190 3564 240 3620 sed
253 3572 348 3621 cantra
363 3564 462 3620 merita
475 3571 579 3632 nostra,
595 3579 649 3619 non
666 3564 752 3620 solum
764 3562 987 3631 misericorditer,

190 3669 285 3709 verum
301 3654 382 3709 etiam
405 3661 532 3725 potenter
554 3652 645 3708 eduxit
658 3669 710 3709 nos
725 3654 759 3709 de
786 3653 847 3709 lacu
859 3652 988 3721 miseriae,

189 3748 218 3797 et
231 3741 265 3796 de
279 3741 336 3797 luto
351 3740 436 3811 fecis,
452 3741 499 3797 ubi
514 3741 684 3811 jacebamus.
708 3741 814 3797 Deinde
841 3742 915 3815 quod
929 3749 989 3797 tan·

189 3836 245 3884 tam
259 3829 340 3884 uobis
364 3829 455 3885 sobrie
479 3836 505 3885 et
530 3830 652 3898 juste,et
680 3829 724 3900 pic
751 3829 861 3886 vivendi
888 3846 989 3902 oppor-

188 3917 329 3973 tunitatem
344 3917 482 3974 concessit
496 3935 503 3984 ;
518 3917 704 3989 preveniente
718 3934 769 3973 uos
784 3918 871 3991 gratia
886 3935 944 3990 sua,
961 3926 991 3974 ut

189 4020 245 4061 nau
260 4004 382 4061 faciliora
393 4013 421 4061 ct
433 4004 539 4062 leviora
549 4021 664 4078 quaeque
687 4005 916 4077 pusillanimitatis
930 4008 986 4079 spi·

187 4094 242 4149 ritu
252 4094 427 4167 eligeremus,
444 4093 494 4150 sed
511 4109 571 4149 eam
587 4093 760 4166 potissimum
781 4095 916 4152 serviendi
930 4096 989 4152 Do-

187 4182 341 4241 minariam
349 4189 506 4240 consunter
518 4183 744 4256 aggrederemur,
755 4200 817 4256 quae
832 4193 931 4257 quanto
947 4198 990 4240 ar·

1042 3302 1077 3356 ad
1101 3302 1223 3372 hloysem
1240 3315 1247 3354 :
1264 3302 1324 3358 Non
1346 3317 1446 3374 coques
1469 3301 1581 3357 badam
1595 3302 1629 3358 in
1647 3305 1726 3360 tacte
1746 3307 1843 3362 mabit

1041 3406 1101 3446 sua
1117 3390 1212 3460 (Dent.
1227 3404 1288 3457 xiv,
1302 3389 1358 3460 il).
1370 3388 1486 3445 Nomine
1495 3389 1674 3463 igiturhoedi,
1686 3392 1841 3464 intelligun-

1042 3486 1086 3533 tur
1099 3485 1269 3549 peccatores.
1294 3477 1372 3532 llaedi
1385 3477 1485 3550 quippe
1498 3478 1533 3532 ad
1558 3477 1706 3536 sinistram
1724 3481 1754 3536 in
1773 3480 1840 3551 judi·

1042 3565 1084 3623 cio
1100 3566 1219 3635 stabunt,
1235 3565 1302 3621 etin
1324 3565 1386 3637 lege
1409 3565 1502 3622 hircus
1523 3582 1575 3637 pro
1589 3575 1711 3638 peccato
1739 3569 1841 3639 iubetm

1042 3652 1134 3710 offerri
1148 3655 1221 3726 (lev.
1238 3668 1318 3720 xxiii,
1335 3655 1390 3727 ts).
1415 3653 1547 3711 Lacaena
1571 3655 1675 3712 matris
1688 3663 1731 3713 est
1742 3656 1840 3715 fecilior

1040 3742 1173 3799 Ecclesiae
1201 3743 1334 3812 doctrina,
1364 3743 1514 3800 seeundum
1546 3758 1633 3815 quam
1657 3745 1759 3802 merito
1783 3762 1839 3818 per·

1040 3832 1183 3888 mittuntur
1204 3835 1307 3901 vivere,
1331 3831 1376 3904 qui
1391 3831 1465 3887 nulla
1491 3832 1588 3904 gravia
1601 3833 1709 3890 dilecta
1736 3833 1839 3892 commi·

1042 3927 1146 3976 serunt.
1162 3920 1220 3976 Nos
1235 3935 1303 3993 ergo
1319 3927 1419 3991 quanto
1440 3918 1529 3975 minus
1553 3920 1732 3979 abstinemus
1748 3924 1781 3979 ab
1793 3922 1837 3978 illi·

1041 4009 1119 4077 citis‚
1145 4016 1219 4064 tanto
1236 4009 1336 4078 iustius
1357 4007 1437 4064 nobis
1464 4008 1673 4080 amputavimus
1699 4012 1783 4082 licita,
1809 4009 1837 4064 sd

1040 4097 1083 4153 lac
1096 4096 1190 4152 matris
1204 4097 1335 4153 Ecclesiae
1349 4096 1513 4168 pertinentia
1527 4113 1534 4151 :
1551 4105 1581 4152 ut
1590 4098 1699 4171 dignos
1712 4101 1836 4173 poeniten·

1040 4186 1085 4242 tiae
1106 4185 1208 4242 tructus
1223 4185 1357 4253 iaciendo,
1383 4186 1522 4242 veniama
1544 4187 1670 4245 Domino
1690 4199 1718 4245 et
1741 4187 1836 4245 miseri·

188 4272 269 4339 otior,
284 4279 360 4328 tanto
375 4270 538 4328 adsalutem
553 4271 661 4338 certior,
678 4274 986 4347 quantomagisardua,
1041 4275 1162 4331 cordiam
1189 4290 1401 4347 consequamur.
1443 4273 1530 4347 igitur
1560 4276 1643 4345 juxta
1668 4279 1836 4350 apostolicam

188 4368 262 4416 tanto
277 4360 410 4431 securior,
428 4368 455 4416 et
469 4359 504 4416 ad
517 4360 734 4431 perveniendum
756 4362 986 4434 compendiosior.
1040 4363 1266 4434 exhortationem,
1287 4364 1437 4430 videamus,
1447 4380 1484 4420 nc
1497 4366 1628 4436 [ortasii
1643 4367 1782 4441 inatiquo
1793 4383 1835 4423 nc

188 4449 240 4504 Pro
250 4447 483 4522 quibusomnibus
490 4448 611 4505 debitam
621 4449 740 4520 quotidie
748 4450 898 4522 gratiarum
907 4451 989 4507 ectio
1040 4457 1133 4508 atram
1147 4469 1195 4510 aar
1209 4453 1319 4509 malam
1334 4453 1560 4521 incredulitatis,
1576 4453 1751 4513 discedendi
1763 4475 1781 4512 a
1794 4457 1836 4511 ua

187 4553 250 4593 nem
261 4535 527 4609 ei,quinasiocavit
546 4537 706 4594 exhibentes
716 4538 856 4594 audiamus
871 4520 1024 4611 aposto-⁰
1038 4541 1099 4597 nivo
1112 4545 1142 4596 et
1155 4557 1218 4597 varo
1248 4542 1340 4611 (debr.
1363 4556 1394 4608 u,
1420 4541 1465 4611 ta)
1490 4558 1497 4596 :
1515 4540 1565 4597 sed
1579 4542 1768 4602 adhortemur
1780 4560 1835 4600 nos·
1870 4611 1871 4624 χ

187 4625 244 4681 lum
251 4625 388 4682 dicentum
398 4643 404 4680 :
415 4627 568 4683 Hortamur
579 4642 624 4682 uos
634 4641 670 4682 na
687 4629 720 4682 in
734 4629 988 4700 uaenamgratiam
1039 4629 1171 4701 metipsos
1187 4629 1374 4702 persingulas
1401 4627 1470 4697 dies,
1487 4637 1515 4684 ut
1537 4644 1594 4685 non
1619 4633 1775 4690 obduretur
1786 4632 1835 4706 quis

187 4716 238 4772 Dei
248 4715 394 4787 recipiatis
406 4714 445 4786 (ll
458 4714 519 4770 Cor.
531 4729 570 4782 vt,
582 4713 622 4783 t).
638 4714 669 4769 ln
683 4729 797 4772 vacuum
807 4716 925 4788 gratiam
936 4716 987 4772 Dei
1040 4733 1073 4773 ex
1088 4717 1168 4773 nobis
1182 4715 1292 4772 tabaria
1304 4717 1418 4787 peccati.
1435 4717 1464 4773 Si
1492 4732 1548 4778 uon
1563 4720 1680 4791 capiant
1699 4738 1753 4779 nos
1767 4723 1834 4778 blan-

187 4802 284 4874 reaipit
312 4801 436 4874 quisquis
457 4809 538 4873 prout
563 4801 597 4856 ab
626 4817 658 4857 eo
684 4803 908 4874 preparationem
927 4805 987 4861 sive
1039 4806 1168 4875 dimenta,
1186 4822 1247 4877 quae
1264 4806 1389 4878 suggerit
1411 4812 1539 4873 tentator,
1554 4814 1583 4861 ut
1595 4809 1716 4866 seducat
1733 4830 1740 4866 :
1756 4811 1779 4865 si
1790 4825 1833 4864 non

185 4890 414 4963 opportunitatem
429 4890 534 4961 accepit
547 4890 642 4962 gratim
658 4891 717 4958 Dei,
729 4908 784 4947 non
799 4900 938 4965 operatur.
954 4893 987 4948 ln
1038 4901 1160 4949 terreant
1168 4909 1218 4949 nos
1229 4909 1327 4965 eaquae
1335 4893 1456 4950 difficilia
1466 4901 1493 4949 et
1506 4894 1700 4954 intolerabilia
1715 4913 1832 4970 essepre

185 4995 302 5036 vacuum
317 4978 398 5034 etiam
409 4978 459 5034 Dei
479 4979 594 5051 gratiam
620 4980 725 5051 recipit,
741 4980 787 5052 qui
801 4981 887 5036 missa
901 4997 984 5037 manu
1037 4983 1123 5053 pouit,
1133 4991 1161 5037 ut
1173 4981 1297 5055 frangam
1313 4982 1594 5050 adjuvantaDomino,
1603 4985 1830 5060 quirefngiumla

185 5067 219 5122 ad
248 5074 368 5122 aratrum
395 5074 467 5122 retro
500 5068 613 5138 respicit
641 5069 721 5140 (lue.
750 5083 790 5137 ix,
806 5070 861 5141 62),
888 5071 984 5141 quales
1037 5079 1096 5127 etus
1104 5080 1146 5126 est
1156 5071 1244 5138 nobis,
1256 5070 1334 5125 facila
1342 5086 1438 5126 omnes
1447 5070 1630 5127 tentationum
1639 5075 1760 5148 laqueos
1768 5090 1828 5145 supr

185 5155 304 5227 (dicente
319 5156 511 5228 Domino)non
521 5157 669 5230 suntdigni
684 5172 736 5212 nee
746 5158 802 5228 apti
817 5174 902 5231 regno
914 5159 981 5215 Dei:
1036 5159 1167 5214 rabimus.
1183 5161 1214 5213 ln
1227 5159 1287 5230 ipso
1310 5159 1383 5214 enim
1405 5167 1548 5230 sperantes
1573 5176 1634 5217 non
1648 5162 1824 5219 infirmabitur,

185 5244 316 5301 habentes
330 5244 415 5314 (juxta
428 5244 599 5316 Apostolum)
610 5245 833 5314 damnationem,
849 5248 983 5319 qnoniam
1035 5263 1088 5303 nec
1109 5247 1267 5319 delinquent
1282 5263 1396 5313 omnes,
1422 5248 1468 5319 qui
1491 5256 1604 5318 sperant
1627 5250 1656 5305 in
1681 5268 1728 5307 eo.
1744 5248 1824 5306 Fidelis

180 5333 306 5402 primam
316 5332 402 5401 fidem
411 5334 528 5390 irritam
537 5336 671 5405 fecerant
685 5334 710 5403 (l
720 5335 788 5389 Tim.
801 5350 829 5404 v,
847 5337 901 5405 12).
915 5336 981 5391 Cum
1034 5350 1164 5408 namque,
1177 5335 1224 5408 qui
1233 5336 1419 5407 non‘patietur
1431 5351 1482 5390 nos
1495 5337 1595 5391 tentari
1625 5353 1713 5410 supra
1726 5341 1755 5395 id
1768 5333 1822 5410 quot

182 5434 282 5493 magno
296 5420 417 5492 pondere
432 5427 459 5477 et
473 5422 615 5477 tremenda
629 5421 728 5478 divina
742 5422 817 5478 vocis
833 5423 981 5479 denuntia·
1033 5439 1197 5496 possumus;
1213 5424 1320 5481 dicente
1345 5424 1475 5496 apostolo
1493 5426 1668 5483 :Patientia
1693 5429 1768 5486 vobis
1790 5439 1823 5479 ne

182 5504 364 5566 tionedictum
373 5515 431 5566 est:
440 5509 609 5566 dementata
622 5510 723 5567 uaeris
738 5510 807 5568 loth
817 5511 897 5583 (lac.
907 5526 979 5582 xvii,
1033 5514 1215 5584 caesariani,
1224 5514 1443 5572 ataaluatatcm
1453 5512 1504 5570 aa
1513 5513 1672 5586 sectantes,
1689 5513 1821 5591 reputetis
