3750 5984
729 207 888 265 STATUTA
914 205 1082 278 euripus.

902 467 919 539 I

475 643 567 700 ncta
585 640 681 699 Pltttll
700 638 860 696 caetrati
879 636 1024 695 onbtntts
1042 637 1329 696 catiltlttSlENslS.

696 764 749 834 (Ex
762 777 815 819 ms.
833 761 896 818 cod.
911 760 1011 819 llontis
1025 760 1106 833 liei.)

117 940 250 998 Omnibus
269 950 368 998 sanctae
388 950 415 999 ct
438 941 578 998 catholica
600 939 732 998 Ecclesia
751 937 916 1000 fidelibusA
966 937 1086 994 Primum
1101 938 1192 1012 itaqua
1206 939 1384 1011 capitulorum
1401 941 1473 997 hanc
1491 940 1571 997 habet
1585 941 1729 1000 continen-

81 1030 262 1102 praesentibus
278 1038 305 1085 et
318 1028 415 1086 futuris
429 1039 522 1087 notum
538 1030 571 1085 sit
590 1029 664 1102 qnod
680 1027 881 1085 Carthasiensis
930 1026 1007 1093 tiam,
1022 1035 1051 1082 ut
1065 1027 1186 1083 divinum
1198 1027 1331 1085 Ecclesiae
1345 1029 1464 1086 officium
1478 1045 1591 1101 prorsus
1605 1047 1656 1103 per
1670 1047 1728 1088 om·

80 1117 211 1189 propositi
225 1117 342 1189 priores,
366 1120 507 1174 Portarum
531 1117 657 1174 videlieet
671 1117 833 1187 barnardus,
854 1124 882 1172 ct
931 1130 980 1170 nes
994 1114 1090 1171 domos
1105 1129 1159 1172 uno
1174 1115 1228 1172 ritu
1242 1116 1404 1185 celebretur,
1419 1126 1444 1174 et
1463 1133 1560 1175 omnes
1583 1128 1731 1177 consuetu·

81 1203 223 1261 Soffordus
236 1206 418 1262 Excrrbiarum
430 1207 514 1277 prior,
531 1205 668 1262 Durbonis
683 1220 791 1277 qnoque
805 1203 881 1277 prior
930 1201 1008 1259 dines
1019 1202 1226 1266 carthusienses
1236 1204 1344 1273 domus,
1356 1222 1417 1278 qnae
1426 1206 1460 1261 ad
1470 1206 1559 1279 ipsam
1568 1207 1732 1281 religionem

82 1292 245 1363 Stephanus,
262 1301 344 1366 atque
352 1294 469 1350 alveriae
479 1293 555 1365 prior
567 1295 697 1359 loannes,
712 1293 759 1348 diu
772 1308 824 1363 pro
838 1299 880 1347 te·
930 1290 1076 1362 pertinent,
1092 1291 1221 1348 unimode
1236 1292 1395 1350 habeantur.

79 1396 147 1436 nore
162 1381 252 1436 stabili
268 1389 294 1436 et
309 1380 436 1437 firmitate
450 1381 553 1453 praeiati
565 1381 698 1453 propositi
712 1397 728 1436 a
743 1379 881 1451 prioribus
966 1377 1121 1434 Secundum
1137 1386 1227 1435 autem
1241 1381 1386 1452 capitulum
1396 1380 1430 1438 de
1445 1381 1579 1450 prioribus
1593 1384 1732 1441 decretum

80 1476 107 1524 et
121 1468 249 1525 iratribus
264 1470 413 1526 Cartlrnsiae
426 1470 568 1541 petiemnt,
586 1478 719 1542 quatenns
743 1468 770 1522 in
785 1468 881 1524 eadem
931 1473 982 1532 est,
999 1474 1026 1520 ut
1043 1466 1065 1521 si
1080 1466 1142 1538 quis
1156 1467 1287 1538 priomm,
1303 1468 1376 1541 qnod
1397 1469 1485 1525 absitl
1503 1478 1599 1527 contra
1622 1472 1732 1546 religio-

79 1556 161 1613 domo
176 1557 327 1614 Carthasiae
341 1573 485 1614 commune
501 1558 648 1629 capitulum
669 1557 709 1613 eis
722 1557 818 1612 liceret
827 1556 880 1610 ha·
931 1569 993 1610 nem
1008 1562 1034 1609 et
1048 1555 1215 1626 propositum
1232 1557 1329 1629 egerit,
1346 1556 1440 1624 semel,
1457 1557 1541 1615 biset
1556 1566 1597 1614 ter
1611 1576 1626 1615 a
1642 1560 1733 1617 iratri-

81 1642 155 1711 bere,
181 1645 291 1701 obtentu
323 1646 502 1702 correctionis
528 1653 554 1701 et
582 1643 779 1701 emendationis
801 1642 881 1699 totius
930 1640 980 1696 hus
993 1641 1120 1713 privatim
1135 1650 1162 1698 et
1174 1643 1202 1697 in
1217 1643 1336 1714 capitulo
1351 1659 1401 1700 suo
1417 1645 1581 1713 admonitus,
1599 1647 1622 1702 si
1636 1647 1730 1704 incor-

80 1732 224 1803 propositi.
240 1733 297 1789 llec
312 1733 395 1804 igitur
409 1749 522 1804 precum
541 1733 677 1800 instantia,
694 1740 721 1789 et
736 1731 815 1804 quasi
827 1731 881 1785 im·
930 1737 1021 1785 rectus
1052 1731 1244 1801 permanserit,
1269 1732 1343 1802 prior
1366 1732 1518 1790 Cartbusiae
1538 1750 1571 1791 er
1595 1735 1733 1791 communi

81 1819 245 1889 portunitate
260 1821 378 1888 assidua,
393 1821 469 1893 prior
482 1821 631 1877 Carthasiae
645 1820 805 1875 Anthelmus
819 1834 882 1877 cum
930 1816 1047 1874 concilio
1062 1817 1200 1889 generalis
1214 1819 1335 1890 capituti,
1351 1828 1398 1876 aut
1412 1837 1485 1890 eum,
1502 1822 1526 1877 si
1550 1821 1609 1878 lieri
1631 1830 1731 1895 potest,

82 1904 209 1962 iratribus
224 1908 280 1962 sais
294 1908 408 1964 consilio
423 1909 516 1964 domni
529 1908 653 1983 Hugonis
668 1909 701 1976 ll,
717 1906 882 1965 venerabilis
931 1905 1079 1978 corrigere,
1112 1914 1159 1962 eut
1185 1922 1234 1978 pro
1258 1907 1436 1981 incorrigibili
1459 1909 1544 1965 alium
1568 1911 1732 1969 substituere

82 1991 340 2066 Gratianopolitanae
355 1995 480 2053 ecclesia
494 1996 626 2068 episcopi,
646 1996 755 2052 tandem
769 2011 882 2052 consen·
930 1992 1031 2049 hebeat
1044 2000 1216 2065 potestatem.
1237 1995 1295 2053 Hoc
1318 1995 1392 2052 idem
1415 1996 1449 2052 de
1468 1997 1559 2069 priore
1582 1998 1733 2057 Carthasim

84 2089 187 2151 serunt,
209 2084 261 2139 hac
282 2091 374 2139 tamen
401 2084 567 2153 conditione,
589 2091 618 2140 nt
640 2084 740 2157 singuli
759 2084 880 2156 priorum
931 2088 959 2137 et
980 2081 1170 2138 emendatione
1192 2082 1279 2154 ipsius
1308 2083 1405 2140 domus
1439 2091 1567 2142 statutum
1591 2094 1643 2143 est.
1670 2089 1733 2160 lpse

82 2171 203 2241 acceptis
213 2170 469 2244 abarchiepiscopis
479 2180 506 2229 et
514 2172 651 2244 episcopis
663 2173 730 2242 suis,
743 2180 793 2228 ets
803 2188 881 2229 conr·
929 2184 996 2225 vero
1011 2169 1181 2241 supradictus
1194 2169 1387 2245 incorrigibilis
1408 2172 1559 2244 depositus,
1575 2183 1670 2246 postea
1684 2177 1729 2233 vcl

80 2259 157 2313 muni
180 2259 299 2330 capitulo
326 2259 439 2316 fratrum
463 2276 575 2318 suornm
596 2260 704 2328 litteris,
729 2260 756 2316 in
780 2260 880 2333 quibus
894 2256 958 2347 Bia
972 2255 1069 2313 eadem
1084 2256 1177 2328 domo,
1194 2257 1217 2313 si
1238 2264 1329 2315 temen
1352 2274 1414 2316 cum
1437 2275 1506 2332 pace
1528 2262 1625 2318 domus
1647 2262 1732 2335 ipsius

80 2347 202 2418 generali
216 2347 336 2419 capitulo
350 2348 471 2404 omnium
485 2364 545 2420 quar
568 2349 729 2421 corrigenda
743 2357 770 2404 et
783 2351 885 2405 emani
931 2343 991 2402 fieri
1005 2344 1102 2416 possit,
1118 2353 1287 2418 permaneat,
1302 2344 1346 2403 vel
1359 2347 1394 2404 ad
1404 2346 1484 2404 aliam
1501 2348 1587 2422 ipsius
1599 2351 1733 2424 propositi

81 2434 171 2490 danda
184 2444 275 2491 essent
287 2436 315 2492 in
330 2437 390 2508 ipso
405 2437 544 2508 proposito
564 2444 683 2508 potestas
704 2438 814 2493 daretur
831 2453 881 2509 per
932 2431 1053 2501 domum,
1070 2432 1097 2489 in
1113 2449 1167 2506 qua
1178 2434 1271 2505 jussus
1294 2433 1383 2505 tuerit,
1399 2435 1515 2493 transire
1536 2453 1591 2495 non
1614 2438 1732 2497 differat.

60 2537 178 2578 omnes
201 2522 308 2594 domos,
342 2524 497 2582 annotando
521 2523 671 2596 deniquo
695 2525 880 2582 unvenirent.
931 2520 1009 2578 Prior
1023 2529 1114 2577 autem
1131 2521 1177 2593 qui
1192 2521 1398 2579 substituendus
1422 2524 1450 2579 in
1470 2524 1515 2581 illa
1533 2525 1617 2584 domo
1640 2527 1731 2601 luerit,

81 2613 201 2683 Accepto
215 2610 297 2684 igitur
312 2628 374 2668 cnm
398 2612 546 2686 gratiarum
569 2614 675 2670 actione
701 2621 756 2669 tam
770 2613 881 2670 deside·
932 2609 1081 2664 secundum
1113 2609 1288 2682 praescriptas
1327 2611 1508 2670 institutiones
1541 2614 1575 2671 de
1605 2615 1733 2674 iratribus

81 2698 159 2753 rabili
173 2714 319 2767 consensu,
335 2709 362 2756 et
375 2700 473 2756 litteris
488 2701 648 2773 impetratis,
673 2701 718 2757 die
741 2701 787 2774 qui
811 2716 882 2774 prae·
932 2697 1055 2766 ejusdem
1069 2696 1177 2764 domus,
1193 2697 1217 2752 si
1230 2704 1324 2754 tamen
1337 2699 1533 2758 rationabiliter
1557 2701 1616 2760 fieri
1636 2705 1732 2777 possit,

82 2794 191 2843 notatus
206 2787 302 2856 iuerat,
318 2797 503 2845 convenerunt
519 2804 525 2844 :
547 2798 574 2846 et
587 2790 716 2862 quoniam
738 2790 773 2845 ab
787 2789 881 2846 archi·
932 2793 1095 2841 assumetur·
1113 2784 1161 2841 Sin
1175 2793 1276 2854 autem·
1295 2785 1371 2855 juxta
1392 2788 1640 2848 considerationem
1654 2808 1732 2850 com-

82 2875 219 2947 episcopis
234 2884 261 2932 ct
274 2876 411 2949 episcopis
426 2886 452 2934 et
467 2878 502 2934 ab
511 2877 579 2950 ipsis
589 2878 713 2950 capitulis
726 2877 882 2935 consimiles
931 2872 1022 2928 munis
1036 2872 1147 2945 capituli
1161 2874 1196 2931 de
1210 2872 1302 2945 aliqua
1323 2874 1438 2931 aliarum
1453 2877 1604 2949 domomm,
1620 2891 1733 2954 excepta

81 2963 153 3020 darae
168 2972 230 3019 supr
245 2965 353 3035 lirrerae,
370 2965 471 3037 placuit
484 2981 552 3022 unas
563 2966 753 3038 episcoporum
774 2974 801 3023 ea
813 2981 882 3022 unas
933 2960 1120 3017 carthusiensi
1133 2961 1225 3029 domo,
1240 2962 1316 3033 prior
1335 2963 1466 3020 desolatis
1493 2965 1621 3024 fratribus
1642 2969 1731 3026 detur.

84 3037 263 3123 capitulorum
278 3052 430 3110 inscribere
444 3052 549 3110 litteras
562 3054 590 3109 in
604 3054 676 3110 hunc
693 3053 827 3110 modum:
932 3048 963 3103 ld
978 3064 1087 3120 quoque
1101 3049 1136 3105 de
1150 3049 1282 3106 electione
1296 3050 1397 3121 prioris
1410 3059 1473 3123 post
1504 3053 1608 3112 obitum
1623 3056 1666 3113 aui
1680 3072 1732 3115 an·

119 3140 231 3197 «Falco
261 3141 451 3215 lugdunensis
482 3141 614 3199 Ecclesia
641 3142 764 3199 minister
784 3142 883 3199 dilecto
932 3136 1076 3193 “cessoris
1091 3135 1152 3193 fieri
1165 3137 1304 3195 decretum
1318 3144 1371 3195 est.

81 3226 159 3284 tratri
174 3229 318 3286 anthelmo
333 3229 481 3286 carthusia
495 3230 590 3302 priori,
610 3231 768 3304 cunctisque
781 3231 882 3302 priori·
968 3223 1090 3281 Tertium
1113 3240 1222 3298 quoque
1245 3226 1389 3298 capitulum
1413 3229 1544 3301 continet,
1567 3240 1597 3289 ut
1610 3233 1633 3290 si
1656 3234 1731 3308 prior

81 3316 134 3371 bus
147 3318 198 3372 sub
213 3317 399 3374 carthusiensi
411 3319 508 3374 ordine
523 3319 581 3375 Deo
591 3318 780 3387 militantibus,
796 3327 823 3376 et
837 3319 883 3392 qui
933 3311 976 3369 tel
990 3311 1088 3369 fraires
1100 3313 1243 3383 cujuslibet
1257 3314 1354 3371 domus
1369 3316 1449 3386 hujus
1466 3320 1607 3392 propositi,
1623 3323 1733 3396 propria

79 3418 142 3461 cum
156 3421 189 3460 eo
204 3414 266 3461 sunt
281 3405 883 3478 iratribuspaupertatispraemiumadomino
933 3399 1072 3457 voluntale
1095 3417 1144 3457 sut
1168 3402 1280 3458 domum
1304 3403 1391 3475 ipsam
1413 3405 1447 3460 ad
1465 3406 1577 3464 alterius
1599 3412 1732 3483 propositi

83 3493 214 3549 obtinere,
230 3495 348 3550 Domum
360 3495 502 3551 Portarum
515 3503 543 3551 02
556 3495 667 3552 domum
689 3497 818 3567 Majopepi
832 3513 883 3554 ve.
933 3487 1107 3562 religionem,
1119 3489 1193 3562 quoii
1203 3489 1275 3545 absit
1288 3489 1294 3545 Ι
1306 3490 1603 3564 ifanSfelTevolllel'lni,
1613 3498 1653 3554 eis
1664 3499 1733 3557 sicui

83 3588 148 3638 strae
162 3581 303 3655 religionis
318 3583 430 3638 aemulas
444 3598 493 3654 pro
508 3591 572 3661 roto
586 3591 613 3640 et
633 3584 762 3657 petitione
785 3600 835 3641 sua
849 3585 883 3642 ad
894 3576 994 3694 0]Ψο
1007 3577 1733 3651 pelleumhuissllf⁰l>0⁵i²0⁶01¹soedefflfi⁸nullalenus

83 3677 207 3725 tenorem
221 3678 247 3725 et
263 3669 494 3728 confirmationem
504 3671 609 3728 ordinis
619 3672 712 3740 vestri,
726 3672 795 3729 sicut
808 3689 883 3729 com-
932 3663 1021 3722 liceat.
1695 3668 1702 3675 “

83 3757 159 3812 muni
183 3757 297 3816 consilio
326 3759 436 3830 capituli
456 3760 596 3817 decretum
619 3759 709 3829 luerit,
734 3760 883 3833 episcopali
967 3751 1101 3822 Quartum
1115 3752 1230 3827 Pl⁰i¹1d0
1245 3754 1391 3828 fflpilulum
1406 3765 1448 3814 0³1
1461 3765 1601 3830 staffilum,
1615 3769 1645 3819 ut
1659 3763 1735 3827 nulla

82 3845 240 3902 auctoritate
265 3848 441 3905 concedimus
462 3856 489 3905 er
508 3848 643 3905 andimus
668 3848 696 3904 in
718 3856 882 3922 perpetuum
931 3841 1029 3898 domus
1043 3856 1114 3898 nova
1128 3843 1209 3913 huius
1223 3838 1366 3916 propositi,
1383 3845 1566 3907 sineassensn
1581 3853 1733 3911 communis

82 3932 301 4006 corrigendas.»
931 3929 1041 4002 capituli
1077 3937 1241 4000 exstruatur,
1278 3940 1305 3989 ei
1333 3933 1515 3994 institutiones
1544 3938 1636 3997 daria
1657 3941 1733 4000 nullo

121 4043 132 4073 ι
151 4022 275 4078 Patribus
289 4031 317 4080 et
330 4023 449 4080 dominis
465 4023 700 4082 reverendissimis
715 4032 742 4082 et
755 4025 805 4083 Dei
816 4041 881 4098 gre·
930 4018 1053 4090 priorum
1066 4026 1261 4091 presumatur.

81 4109 119 4165 tia
133 4108 281 4168 Carthasim
293 4111 377 4183 priori
392 4119 419 4169 et
429 4113 475 4185 qni
490 4112 541 4168 sub
554 4113 614 4183 ejus
628 4113 760 4187 regimine
774 4114 881 4172 Christo
966 4106 997 4163 111
1012 4106 1106 4179 quinto
1120 4117 1210 4166 autem
1225 4109 1344 4181 capituto
1364 4111 1528 4185 continetur,
1553 4118 1626 4190 quod
1641 4119 1664 4176 si
1678 4121 1731 4180 do·

80 4197 196 4254 militant
210 4198 350 4266 iratribus,
365 4199 508 4257 Portarum
522 4200 622 4257 fratrea
644 4202 765 4259 universi
785 4217 881 4274 pacem
930 4194 987 4250 mni
1001 4194 1161 4266 Csslihlssiaer
1185 4213 1246 4270 qllae
1270 4197 1385 4254 &fillium
1406 4208 1493 4259 miles
1516 4210 1558 4260 0⁸²
1580 4214 1607 4262 θῑ
1628 4210 1728 4279 with·

83 4294 109 4342 et
124 4286 236 4342 sulutem
252 4295 379 4344 aternam
393 4303 410 4343 a
423 4288 549 4345 Domino.
563 4288 643 4358 Quod
658 4290 768 4346 tandem
782 4306 880 4348 assen-
929 4282 988 4338 ΜΟ
1001 4283 1150 4339 ”messim
1163 4284 1307 4360 intimetih
1324 4293 1353 4342 ¹1²
1367 4286 1401 4344 de
1415 4288 1467 4345 811⁸
1489 4290 1578 4365 aliqua
1601 4311 1682 4369 quam
1697 4299 1732 4357 da

83 4389 144 4428 sum
159 4374 324 4445 prebiteris,
341 4383 370 4431 ut
383 4375 419 4432 ad
433 4376 544 4433 domum
559 4384 688 4446 vestram,
713 4395 774 4449 quae
796 4379 880 4435 nostri
930 4391 978 4432 sua
992 4376 1074 4433 domo
1095 4377 1147 4434 sibi
1170 4378 1292 4450 priorem
1313 4381 1439 4453 asciscat,
1463 4387 1612 4459 qnamhhet
1633 4407 1731 4464 perso-

82 4463 216 4533 propositi
230 4471 318 4518 mater
331 4471 382 4531 est,
397 4472 497 4521 nostrae
512 4472 539 4520 et
559 4472 717 4521 caeterarum
738 4466 880 4523 domorum
929 4479 1004 4535 nam,
1019 4466 1140 4538 exceptis
1155 4467 1296 4525 domorum
1311 4470 1457 4541 prioribus,
1481 4474 1516 4532 de
1539 4476 1621 4537 domo
1642 4482 1731 4554 quali·

81 4549 188 4621 priores
205 4558 358 4621 opportuno
380 4552 450 4609 sicut
485 4560 614 4609 statutum
643 4553 734 4621 inerit,
756 4560 880 4627 tempore
930 4552 976 4610 het
988 4554 1068 4622 huius
1080 4554 1213 4627 propositi
1227 4555 1278 4613 sibi
1291 4566 1421 4615 assumat.

82 4633 255 4700 conveniant,
270 4642 297 4689 ut
311 4635 346 4690 de
361 4635 403 4690 bis
418 4650 479 4708 ques
502 4637 633 4693 unitatem
648 4652 681 4693 ac
704 4638 880 4696 stabilitatem
966 4642 1078 4699 Sextum
1098 4643 1199 4700 deinde
1231 4645 1379 4717 capitulum
1402 4648 1515 4719 huiusce
1537 4655 1731 4714 continentiam

83 4721 142 4778 sive
155 4720 307 4778 firmitatem
322 4723 426 4778 ordinis
440 4723 526 4779 nostri
548 4723 657 4780 valeant
671 4725 879 4799 diligentissime
929 4729 1021 4799 habet,
1037 4737 1067 4785 ut
1079 4729 1103 4785 si
1118 4729 1199 4787 alicui
1212 4731 1356 4789 domorum
1366 4735 1423 4804 jam
1438 4739 1586 4809 saepedicti
1600 4745 1732 4815 propositi

82 4816 206 4876 tractare,
222 4825 278 4866 non
297 4810 385 4866 solum
409 4812 584 4869 concedimus
607 4821 634 4869 ct
655 4813 808 4882 laudamus,
830 4816 879 4873 sed
930 4831 1014 4875 caasa
1027 4817 1211 4875 intercesserit
1225 4820 1259 4876 de
1282 4837 1334 4893 qua
1359 4823 1394 4878 ad
1414 4840 1535 4897 praesens
1549 4835 1665 4888 tractare
1678 4849 1731 4891 ne·
1764 4849 1772 4868 ’

82 4897 163 4954 etiem
178 4913 239 4955 cnm
259 4898 406 4970 gratiarum
420 4899 526 4957 actione
540 4916 721 4972 susceprmus.
747 4903 778 4958 ln
791 4905 879 4960 omni·
929 4905 1082 4963 cessarium
1094 4906 1139 4973 sit,
1155 4906 1232 4977 prior
1245 4907 1396 4967 Carthasim
1420 4913 1510 4969 statim
1533 4917 1569 4972 ad
1592 4919 1731 4990 praefatam

82 4984 135 5041 hus
143 4986 226 5057 igitur
240 5002 301 5059 quaa
314 4986 350 5041 ad
363 4993 486 5043 tenorem
501 4988 603 5044 ordinis
626 4991 713 5046 nostri
735 4999 763 5046 et
776 4977 915 5048 confir-D
932 5009 1043 5051 causam
1058 4995 1235 5063 tractandam,
1251 5003 1291 5052 tot
1303 4997 1337 5052 ad
1362 5014 1392 5054 se
1412 5012 1545 5060 convocet
1565 5007 1683 5079 priores,
1707 5010 1731 5068 ai

83 5073 229 5130 mationem
244 5074 390 5146 pertinent,
406 5075 477 5132 siout
500 5077 661 5133 universalis
683 5079 792 5151 capituli
807 5096 881 5137 com·
932 5098 981 5154 per
994 5098 1024 5137 se
1038 5081 1130 5139 iacere
1143 5097 1200 5138 non
1212 5083 1321 5155 poterit,
1338 5095 1404 5157 quot
1417 5088 1527 5147 adeam
1548 5093 1731 5155 definiendam

80 5161 157 5219 muni
172 5162 284 5219 consilio
298 5163 436 5219 decretam
452 5162 542 5231 luerit,
568 5166 742 5223 concedimus
757 5175 784 5223 et
798 5169 882 5225 tradi·
931 5169 983 5225 sibi
998 5169 1162 5227 subicientes
1175 5187 1237 5229 esse
1250 5172 1405 5231 videantur.
1416 5177 1519 5234 Horum
1528 5190 1618 5240 autem
1633 5184 1731 5243 defini·

81 5266 143 5306 mus
158 5251 237 5307 vobis
251 5259 278 5308 et
291 5252 498 5309 successoribus
511 5253 610 5309 vestris
630 5255 741 5310 domum
761 5264 882 5315 nostram
931 5257 969 5313 tio
983 5259 1054 5314 baud
1070 5275 1149 5315 secus
1172 5275 1253 5331 quarn
1278 5260 1441 5321 universatis
1463 5267 1573 5339 capituli
1595 5280 1654 5330 rata
1677 5275 1731 5332 ha·

80 5337 109 5394 in
124 5349 285 5410 perpetuum
299 5341 517 5400 conservandam
532 5349 612 5415 atque
627 5342 829 5415 corrigendam.
844 5370 856 5396 s
932 5344 1037 5403 beatur.

118 5427 203 5498 llnjm
216 5427 308 5502 itaque
321 5428 483 5486 universalis
497 5429 607 5503 capituli
630 5429 740 5488 decreta
759 5448 809 5503 per
822 5433 881 5490 sin-
967 5433 1117 5506 Septimum
1131 5434 1242 5493 demum
1261 5436 1410 5512 capitulum
1431 5442 1467 5503 de
1487 5442 1530 5502 bia
1552 5447 1679 5520 habetur,
1702 5460 1732 5510 nt

81 5512 163 5586 gulas
176 5515 358 5589 capitulorum
372 5516 561 5577 distinctiones
570 5517 669 5591 placuit
684 5518 817 5578 adnomi
930 5536 1019 5596 nsque
1032 5522 1119 5596 priori
1132 5523 1299 5598 carthusia,
1323 5542 1414 5605 nequa
1436 5534 1542 5597 oetaris
1565 5536 1732 5612 quibuslibet
