3750 5984
66 221 121 279 ιιι
382 214 574 274 sxrosttto
592 214 630 271 IN
647 211 838 272 Eptstotts
856 210 969 268 PAULI.
984 241 1019 254 -
1031 213 1069 270 IN
1087 212 1198 271 Eatst.
1218 214 1242 270 ιι
1260 213 1309 270 to
1328 212 1408 271 coh.
1666 219 1721 274 ιιι

71 365 85 396 ι
103 350 196 400 sutem
218 350 320 409 nostra,
344 341 527 398 abundantius
554 340 644 413 magis
667 338 756 413 garisi
779 352 873 394 sumus
887 336 988 399 Astris
1002 352 1051 394 vos
1061 336 1222 407 insererem,
1239 338 1288 395 sed
1304 338 1370 396 estis
1384 338 1413 394 in
1427 338 1555 397 cordibus
1569 338 1670 395 nostris
1685 339 1722 395 od

23 447 25 450 ·
75 453 89 484 ι
106 447 191 504 super
204 431 306 504 gaudio
319 430 370 486 Titi
387 445 394 485 :
417 429 478 502 quia
501 428 618 486 reiectus
633 435 675 485 est
689 427 801 500 spiritus
815 426 873 496 ejus
922 427 1173 497 commoriendum,
1189 427 1216 482 id
1232 435 1283 495 est,
1304 435 1333 483 ut
1353 427 1434 484 velim
1456 443 1505 484 vos
1520 443 1627 484 mecum
1642 443 1721 483 com-

74 539 91 571 «
106 520 141 575 ab
156 519 283 575 omnibus
297 518 386 575 vobis.
402 518 437 573 Et
451 518 474 572 si
489 517 553 589 quid
568 517 641 588 apud
655 515 732 570 illurn
746 515 781 571 de
795 514 873 571 vobis
921 515 992 571 mori
1006 523 1128 587 peccato,
1145 517 1181 572 od
1201 517 1416 584 convivendum,
1441 516 1468 571 id
1496 523 1548 584 est,
1563 523 1591 572 ut
1614 530 1722 573 mecum

73 627 87 658 ι
105 606 236 682 gloriatus
251 623 321 674 sum,
337 622 392 662 non
413 621 473 661 sum
497 605 626 662 confusus
642 620 649 662 :
666 604 715 660 sed
729 603 798 659 sieut
811 618 872 659 om·
921 602 1019 659 vivatis
1030 603 1150 672 justitiae.
1167 603 1217 660 Vel
1228 605 1266 660 ita
1287 612 1318 659 ut
1339 604 1550 676 perfectioribus
1568 604 1696 677 loquatur
1714 619 1720 659 :

74 716 87 747 ι
106 696 152 751 nia
167 695 245 751 vobis
259 693 413 752 inveritate
427 694 511 752 locuti
535 710 640 761 sumus,
655 693 692 749 ita
706 700 733 748 ει
746 690 873 765 gloriatio
921 691 995 747 Estis
1010 691 1038 746 in
1052 692 1182 748 cordibus
1192 693 1294 749 nostris
1308 693 1344 749 ad
1367 693 1613 763 commoriendum,
1628 700 1657 749 ut
1670 709 1722 750 re-

74 804 87 835 «
106 791 200 840 nostra
214 798 275 855 quae
293 782 342 838 ιιιιι
364 783 399 838 ad
421 783 520 853 Titum,
543 782 643 838 veritas
664 782 734 837 iacta
758 787 821 835 est:
846 785 873 834 et
922 777 970 834 lim
982 795 1032 836 vos
1046 796 1155 837 mecum
1170 781 1238 837 mori
1251 781 1279 836 in
1300 782 1427 853 praesanti
1442 781 1624 848 tribulatione,
1640 790 1667 837 ut
1682 782 1722 838 sic

73 871 211 928 «viscere
235 872 295 940 ejus
318 870 500 926 abundantius
524 871 552 926 in
575 870 653 927 vobis
674 878 736 926 sunt
760 884 767 923 :
792 867 873 924 remi·
921 884 1028 925 mecum
1052 868 1112 923 ειιιε
1132 870 1167 925 ad
1191 869 1391 926 convivendum
1419 870 1447 925 in
1468 869 1620 927 aeternitate
1636 887 1643 925 ε
1659 869 1721 927 ideo

72 982 84 1010 ι
103 960 235 1015 niscantis
249 959 369 1015 omnium
384 967 504 1015 vestrum
527 958 718 1025 obedientiam,
735 956 873 1030 quomodo
921 956 1087 1030 dieocopite
1103 957 1723 1032 nosrquiamuttofidueiomiiicstopuduor

70 1069 83 1096 e
103 1063 166 1104 cum
181 1047 279 1104 timore
294 1055 320 1103 et
343 1055 461 1104 tremore
482 1047 626 1119 excepistis
649 1046 734 1102 illurn.
761 1045 872 1103 Gaudeo
921 1044 1069 1101 defuturis
1091 1046 1193 1102 bonis:
1217 1055 1246 1102 ut
1274 1047 1328 1104 cito
1352 1046 1472 1102 suasioni
1491 1062 1573 1120 quarn
1602 1048 1724 1104 tacturus

69 1158 82 1185 ι
102 1136 177 1210 quod
191 1136 220 1191 in
234 1135 360 1192 omnibus
376 1133 484 1193 confido
498 1135 527 1190 in
540 1135 626 1192 vobis.
647 1158 658 1184 ι
922 1150 982 1189 sum
995 1133 1184 1206 acquiescatis.
1201 1136 1290 1191 liutto
1305 1135 1386 1191 etiam
1398 1135 1531 1207 qtoriotto
1539 1143 1580 1190 εει
1590 1135 1661 1191 midi
1669 1151 1721 1208 pro

902 1221 1007 1279 notu.
1023 1222 1107 1278 Multa
1121 1222 1195 1278 enim
1220 1222 1293 1294 apud
1308 1223 1376 1279 alias
1400 1223 1540 1280 Ecclesias
1563 1223 1664 1295 glorior
1687 1223 1722 1279 de

400 1346 558 1388 mosmo,
921 1309 994 1367 bono
1013 1310 1191 1367 correctionis
1215 1319 1324 1380 vestrae,
1348 1310 1519 1383 praeterendo
1542 1326 1591 1367 voa
1616 1310 1670 1366 illis
1691 1310 1719 1366 in

921 1398 1086 1470 exemplum.
1101 1400 1250 1469 Propterea
1268 1399 1353 1455 multa
1372 1397 1472 1455 tiducia
1494 1398 1560 1454 mihi
1584 1407 1626 1455 est
1649 1399 1722 1471 apud

111 1487 143 1545 1
153 1485 554 1558 '19Quandoquidemvobis
566 1483 872 1542 exeuntibusdemedio
920 1501 971 1543 vos
985 1486 1020 1542 de
1035 1486 1125 1544 tuturo
1140 1503 1147 1542 ι
1160 1488 1216 1558 jam
1230 1487 1302 1544 enlm
1312 1489 1441 1561 repictus
1451 1503 1516 1544 rum
1530 1488 1722 1546 consectatione

69 1575 219 1647 impiorum
236 1574 311 1643 (dicit
326 1575 469 1647 Dominus)
492 1575 565 1631 eritis
578 1574 645 1630 mihi
659 1573 688 1630 iu
711 1572 781 1630 tilios
797 1582 823 1629 et
838 1572 871 1628 li-
920 1574 948 1632 in
962 1575 1037 1631 omni
1051 1575 1235 1643 tribulatione,
1251 1592 1419 1649 quaecunque
1434 1576 1469 1631 sit
1492 1591 1542 1632 seu
1556 1574 1654 1643 facilis,
1675 1591 1723 1632 seu

67 1664 123 1720 lias
137 1672 190 1719 etc.
205 1663 301 1736 Igitur,
314 1679 331 1718 o
346 1663 509 1730 charissimi,
520 1678 569 1719 ros
578 1663 710 1719 hohontm
721 1663 781 1729 bos,
792 1661 819 1716 id
830 1667 908 1752 estB
921 1662 1047 1733 difficilis,
1070 1679 1119 1719 seu
1140 1664 1224 1732 intus,
1245 1680 1294 1720 seu
1314 1663 1404 1720 ioris:
1426 1679 1478 1721 nec
1512 1679 1621 1736 quoquo
1642 1664 1725 1721 modo

68 1750 202 1824 praelotas
211 1752 421 1825 promissiones,
431 1759 460 1807 ιιι
469 1766 516 1808 εεε
527 1751 772 1823 apprehendamus,
784 1766 872 1806 mun·
922 1752 1050 1808 consolor
1065 1751 1099 1808 dc
1114 1753 1283 1809 correctione
1297 1760 1389 1808 vestra
1405 1770 1413 1807 :
1429 1753 1478 1808 sed
1491 1751 1519 1806 in
1533 1760 1636 1807 tantum
1651 1752 1724 1825 quod

71 1842 172 1898 demus
182 1857 233 1897 nos
243 1841 277 1897 oh
288 1841 367 1896 omni
376 1840 704 1914 inquinamentocornis,
716 1843 745 1896 et
753 1839 789 1893 ab
799 1838 873 1894 omni
922 1839 1117 1911 superabundo
1131 1841 1253 1913 qoudio:
1268 1840 1358 1913 magis
1379 1840 1452 1896 enim
1471 1840 1506 1897 de
1520 1848 1614 1896 vestra
1627 1855 1723 1897 corra-

68 1928 276 2003 inquiuamento
299 1917 430 2001 spiritus.
456 1928 658 2001 inquinamenta
682 1928 772 1984 carnis
795 1933 874 1984 uocat
922 1928 1011 1985 ctione
1027 1928 1146 2001 gaudeo,
1164 1943 1248 2000 quam
1271 1929 1380 1984 doleam
1392 1928 1428 1984 do
1452 1928 1526 1984 omni
1549 1928 1723 1985 tribulatione

71 2017 226 2084 libidinem,
244 2017 404 2073 ebrietatem
428 2025 455 2072 ει
478 2017 642 2087 hujusmodi.
667 2017 874 2090 Inquinamenta
922 2024 1024 2072 nostra.
1041 2018 1169 2074 Dicerent
1185 2016 1249 2073 illi:
1273 2018 1358 2073 Estne
1375 2017 1423 2071 tibi
1441 2015 1602 2072 tribulatio?
1623 2016 1723 2089 Utique

69 2105 192 2179 spiritus,
208 2114 237 2161 ut
250 2106 330 2175 iram,
342 2105 482 2175 inuidiam,
494 2113 520 2161 et
530 2104 695 2174 hujusmodi,
711 2122 770 2178 quae
784 2107 874 2178 ipsam
921 2104 1078 2162 benedico.
1095 2106 1166 2162 Nom
1181 2105 1244 2161 alibi
1260 2109 1288 2162 et
1308 2105 1390 2161 etiarn
1412 2121 1477 2162 cum
1501 2106 1673 2163 venissemus
1691 2107 1723 2163 in

69 2193 193 2251 inficiunt
207 2194 325 2251 ommam
348 2195 407 2250 sina
431 2193 557 2266 contagio
581 2194 682 2251 carnis.
706 2194 751 2252 Sic
771 2210 821 2250 nos
845 2194 873 2249 in
922 2193 1721 2266 Macedoniam.·coronostrononhoduituttomrequiem:

69 2290 187 2355 utroque
200 2282 364 2339 mundemus
378 2299 393 2339 a
416 2283 558 2355 peccatis:
582 2284 760 2354 perficientes
775 2282 873 2339 dehinc
922 2282 971 2339 red
985 2284 1293 2355 possisomusomnem
1304 2282 1540 2338 tribulationem:
1554 2283 1634 2354 foris,
1645 2281 1725 2338 idest

72 2372 343 2442 sanctificationem,
358 2371 450 2438 idest,
467 2370 590 2428 utmalis
608 2371 731 2427 mundati
746 2371 774 2426 in
788 2371 874 2427 uirtu-
922 2370 951 2425 in
965 2385 1080 2442 corpore
1103 2379 1178 2427 erant
1200 2387 1315 2443 puqnce,
1336 2369 1400 2426 dum
1424 2369 1542 2443 flagellis
1566 2369 1724 2444 affligebant

71 2460 145 2516 tibus
158 2459 273 2531 perfecti
288 2460 382 2515 simus.
399 2460 457 2517 Hoc
475 2467 565 2516 autem
579 2459 753 2532 perficientes
776 2462 808 2516 in
833 2462 872 2516 ti·
922 2476 988 2516 me:
1005 2466 1032 2515 et
1044 2462 1137 2529 intur,
1153 2460 1181 2515 id
1200 2467 1242 2515 est
1256 2459 1284 2514 in
1298 2458 1390 2515 animo
1410 2466 1485 2514 erant
1501 2461 1625 2526 timores,
1641 2475 1677 2514 ne
1692 2457 1725 2514 fi-

71 2564 151 2604 more
168 2549 227 2614 oet,
242 2547 335 2617 idest,
352 2563 406 2605 non
421 2549 517 2606 timore
526 2548 665 2604 hominum
679 2556 709 2604 ut
719 2563 873 2621 quaeramus
922 2548 998 2604 deles
1013 2548 1189 2619 passionibus
1212 2547 1281 2603 meis
1302 2546 1559 2615 scandalizarentur,
1575 2555 1602 2602 et
1612 2547 1724 2618 judica·

72 2653 207 2709 apparere
219 2636 285 2707 justi
299 2637 327 2692 in
341 2636 409 2693 facie
423 2644 451 2693 et
465 2653 520 2692 non
534 2637 562 2692 in
576 2637 660 2694 corde
674 2637 744 2692 sicut
757 2638 870 2708 pseudo,
922 2643 983 2694 rent
998 2652 1041 2692 me
1057 2652 1112 2692 non
1136 2653 1197 2692 esse
1212 2635 1393 2709 sequendum,
1414 2635 1478 2707 quia
1499 2635 1721 2692 condemnatum.

70 2726 122 2781 sed
138 2726 165 2780 in
180 2725 287 2782 timore.
304 2726 362 2782 Nec
371 2733 475 2781 tantum
485 2741 640 2798 poenarum,
656 2733 685 2781 ut
697 2741 748 2797 per
761 2727 814 2782 boc
825 2742 873 2782 so·
923 2724 973 2782 Vel
987 2726 1129 2798 ita2soris,
1139 2725 1168 2781 id
1183 2732 1225 2784 est
1237 2725 1273 2780 ab
1288 2725 1331 2780 bis
1343 2723 1462 2781 180
1474 2724 1520 2798 qui
1534 2733 1611 2781 extra
1626 2724 1722 2783 Eccle-

70 2814 129 2870 lum
145 2801 227 2869 modo
242 2830 337 2884 poenas
356 2813 513 2881 evadamus,
539 2814 588 2870 sed
610 2814 639 2869 in
659 2813 757 2870 timore
770 2814 830 2882 Dei,
844 2821 874 2870 ut
922 2814 990 2869 siam
1007 2821 1091 2882 erant,
1107 2812 1228 2870 fidebant
1242 2812 1309 2868 mihi
1323 2828 1433 2886 pugnae,
1459 2813 1528 2869 siout
1541 2813 1643 2869 dictum
1658 2820 1699 2870 cst
1715 2830 1722 2869 ε

71 2903 162 2960 Deum
177 2902 321 2959 timeamus
335 2902 484 2970 offendere,
506 2903 551 2976 qui
572 2904 654 2960 timor
669 2902 768 2959 dicitur
782 2902 873 2959 chari·
922 2903 1120 2973 intercutem,
1132 2902 1161 2958 id
1176 2910 1218 2958 εει
1232 2902 1260 2957 in
1274 2902 1409 2970 Ecclesia,
1426 2910 1504 2958 erant
1518 2902 1640 2969 timores,
1658 2917 1724 2959 nea

67 2999 124 3047 tas.
146 2990 195 3047 Vel
209 2990 288 3046 alitor
302 2991 390 3048 littera
403 2992 449 3047 illa
471 2992 599 3048 diuiditur
615 3007 621 3046 :
646 2992 808 3047 ιιιιιιιιειιιιιε
822 3006 872 3047 nos
922 2990 999 3046 falsis
1012 2990 1140 3046 iratribus
1155 2991 1353 3048 seducerentur
1368 2989 1517 3062 simplices.
1538 2991 1616 3047 Foris
1630 2998 1657 3047 et
1678 2991 1723 3047 in-

68 3079 106 3135 ab
118 3078 325 3152 inquinamento
347 3080 435 3136 carnis
452 3095 459 3135 τ
483 3087 513 3135 ut
534 3080 569 3135 sit
591 3079 628 3134 ibi
651 3096 755 3149 uersus,
772 3087 799 3135 ει
823 3050 908 3136 nosG
924 3087 968 3135 tus
982 3080 1052 3136 adeo
1064 3079 1186 3151 patiebar
1202 3094 1209 3133 :
1224 3078 1272 3135 sed
1286 3082 1359 3137 Deus
1381 3080 1429 3154 qui
1452 3080 1618 3136 consoletur
1632 3079 1725 3135 humi·

69 3166 195 3224 mundati
222 3167 396 3240 perficientes
427 3166 665 3226 sanctificationem
699 3168 820 3241 spiritus,
845 3168 873 3224 id
925 3167 1346 3235 tos,idestaffliotos,conoiotus
1360 3168 1639 3226 estnosiuoduontu
1654 3170 1723 3226 Titi.

71 3264 124 3327 est,
142 3257 292 3314 secundum
318 3257 391 3330 quod
412 3258 493 3315 docet
516 3257 637 3330 spiritus,
661 3258 705 3314 vel
728 3258 775 3314 illa
792 3258 871 3326 ratio,
924 3257 1041 3313 Gavisus
1055 3274 1116 3313 sum
1130 3257 1203 3312 enirn
1218 3257 1253 3313 de
1267 3257 1423 3328 receptione
1438 3256 1531 3312 fratris
1547 3257 1594 3330 qui
1607 3258 1719 3330 partici-

70 3345 116 3403 ιει
130 3344 303 3418 perficientes
328 3345 569 3403 sanctificationem
592 3346 705 3419 spiritus
718 3346 747 3403 id
770 3355 811 3402 est
829 3363 874 3402 ra·
923 3355 1000 3417 paret
1014 3345 1233 3401 tribulationibus
1255 3345 1366 3401 nostris.
1391 3347 1450 3402 Non
1462 3347 1554 3402 sotum
1571 3351 1668 3404 cutem
1689 3348 1721 3405 in

69 3434 163 3505 tionis,
179 3434 223 3491 vel
238 3435 352 3506 Spiritus
367 3436 461 3492 sancti.
485 3436 625 3492 Sententia
642 3442 684 3491 est
706 3436 812 3492 eadem.
842 3436 873 3491 ln
923 3434 1047 3492 aduentu
1060 3436 1122 3505 ejus
1130 3433 1285 3491 consolatus
1297 3449 1373 3489 sum:
1386 3434 1434 3489 sed
1450 3434 1580 3490 eidemin
1594 3437 1722 3492 consolo-

69 3525 169 3580 timore
183 3522 234 3578 Dei
249 3522 383 3580 similiter.
399 3524 435 3579 Et
449 3533 478 3580 ιιι
500 3525 621 3581 mundati
644 3523 791 3596 perficiatis
805 3540 872 3580 san·
925 3525 1000 3580 tione
1015 3540 1069 3596 quo
1083 3522 1156 3579 idem
1172 3523 1248 3579 Titus
1263 3523 1424 3580 consolatus
1439 3525 1481 3578 est
1502 3523 1535 3578 tn
1556 3520 1653 3580 uobis:
1672 3540 1722 3594 per

69 3612 273 3680 ctificationam
283 3615 378 3685 sopite
389 3629 449 3680 nor,
465 3613 493 3669 ιιι
507 3622 558 3680 εει,
569 3613 685 3686 accipite
695 3613 873 3670 imitationem
923 3613 975 3670 boc
991 3611 1120 3668 solatium
1135 3612 1194 3683 ejus
1201 3611 1400 3669 correctionem
1406 3617 1526 3667 vestram
1540 3610 1674 3668 intellexi.
1688 3613 1721 3668 Et

69 3709 203 3758 nostram.
218 3701 268 3757 Vel
282 3709 311 3756 ut
325 3701 361 3757 ibi
377 3718 473 3758 versus
483 3717 538 3759 non
553 3702 588 3756 sit
604 3720 610 3757 :
629 3703 684 3759 Vos
698 3701 872 3774 perficientes
922 3701 984 3757 ideo
998 3716 1058 3757 cum
1073 3701 1109 3757 de
1122 3700 1211 3757 reditu
1226 3701 1285 3771 eius
1299 3698 1447 3774 gauderem
1462 3698 1543 3755 simul
1567 3700 1721 3758 consolatus

70 3787 324 3858 sanctificationem,
347 3792 440 3864 sopite
463 3808 525 3858 nos,
550 3791 643 3858 idest,
665 3790 808 3847 imitamini
822 3806 872 3847 nos
923 3806 983 3846 sum
1000 3789 1177 3863 :intelligens
1191 3789 1390 3847 correctionem
1410 3795 1529 3846 uestram
1551 3789 1578 3845 in
1600 3790 1659 3859 ejus
1674 3807 1723 3847 so·

70 3877 142 3935 sicut
158 3877 328 3934 dictumest.
347 3878 513 3952 Nosutique
537 3894 635 3951 capere
649 3879 765 3948 debetis,
782 3881 873 3936 nemi·
921 3877 997 3935 latio.
1013 3878 1176 3935 consolatus
1196 3887 1248 3948 est,
1272 3879 1392 3951 inquam,
1421 3894 1465 3934 ma
1485 3879 1571 3946 Titus,
1595 3881 1723 3951 reserens

71 3981 140 4022 nem
151 3965 224 4021 euim
234 3974 356 4021 vestrum
368 3968 493 4024 toesimus
504 3967 724 4040 improperando,
741 3968 813 4040 quod
829 3967 872 4024 vel
923 3967 1001 4024 nohis
1015 3967 1185 4025 desiderium
1196 3972 1330 4036 ueshttm,
1339 3974 1440 4040 quanto
1454 3975 1518 4023 voto
1527 3967 1723 4025 desideraretis

69 4068 156 4111 canes
176 4055 283 4119 essetis,
308 4055 351 4112 vel
373 4055 528 4124 hujusmodi
545 4071 552 4110 τ
568 4072 612 4111 me
636 4065 727 4112 autern
745 4056 872 4130 magnifi-
922 4057 1068 4113 adventum
1083 4065 1216 4113 nostrum.
1232 4055 1365 4113 Referens
1380 4056 1461 4112 etiam
1471 4058 1571 4128 fletum
1586 4062 1722 4124 otestrum,

70 4140 163 4198 cando
177 4141 211 4197 de
226 4158 329 4214 genera
345 4144 470 4212 Abrahae,
489 4151 517 4198 ut
531 4143 631 4200 iaciunt
645 4146 759 4217 pseudo.
775 4146 872 4203 Nemi·
923 4145 1011 4202 idest
1041 4146 1114 4218 quod
1133 4145 1260 4217 lacrymis
1279 4152 1391 4216 peccata
1414 4144 1567 4202 dilueretis.
1589 4145 1724 4203 Reierens

70 4247 140 4287 nem
150 4230 249 4286 iterum
259 4240 380 4288 vestrum
391 4234 578 4306 corrupimus,
592 4248 721 4305 perverse
735 4233 870 4302 docendo,
923 4233 1003 4290 etiam
1018 4238 1141 4291 oestrum
1154 4235 1378 4300 emulationem,
1402 4232 1429 4288 id
1444 4241 1486 4289 est
1497 4232 1721 4307 indignationem.

69 4319 116 4376 vel
130 4333 214 4391 pravo
228 4319 352 4392 exemplo
366 4320 551 4393 depravando,
578 4330 606 4377 ut
629 4322 728 4378 iterum
755 4323 870 4394 pseudo,
923 4338 977 4395 qua
991 4331 1087 4379 contra
1101 4322 1270 4395 pseudopro
1284 4338 1330 4378 me
1352 4337 1434 4395 quem
1457 4321 1623 4393 improbant,
1648 4321 1722 4380 indi-

70 4407 118 4480 qui
132 4407 203 4464 falsa
218 4408 291 4464 varis
304 4408 491 4477 admiscendo,
516 4418 693 4482 corrumpunt
716 4409 797 4466 tidem
821 4409 907 4472 tte-D
922 4411 1052 4484 gnamini.
1068 4413 1111 4467 lto
1126 4410 1251 4468 referens
1261 4410 1320 4466 baee
1330 4412 1461 4482 utmogis
1474 4411 1557 4467 modo
1570 4412 1723 4484 gauderem

71 4505 157 4551 stram
174 4511 280 4568 :pravo
295 4497 377 4553 etiam
390 4498 453 4555 vitae
467 4498 602 4569 exemplo.
629 4500 776 4557 Neminem
791 4500 873 4556 etiam
924 4501 958 4557 de
972 4499 1129 4572 poeniteutia
1145 4507 1244 4565 vestra,
1254 4514 1337 4571 quam
1348 4498 1424 4571 prius
1438 4499 1613 4556 contristatus
1631 4516 1723 4557 essem

68 4593 192 4641 vestrum
224 4586 473 4656 circumvenimus,
503 4587 733 4660 quemadmodum
756 4589 871 4660 pseudo,
924 4589 959 4645 de
978 4587 1184 4660 impoenitentia.
1208 4587 1258 4643 Vel
1282 4586 1370 4659 magis
1394 4587 1544 4659 gauderem
1574 4589 1610 4644 de
1631 4598 1722 4646 vestra

68 4673 117 4746 qui
131 4688 194 4730 oum
208 4683 300 4745 aperte
315 4683 454 4747 nequeunt
479 4683 640 4748 extorquere
655 4692 672 4732 a
695 4677 783 4746 vobis,
799 4676 873 4732 frau-
923 4677 1113 4743 conversione,
1131 4692 1215 4748 quam
1229 4673 1351 4732 dolerem
1365 4675 1399 4732 de
1414 4691 1475 4732 mett
1489 4676 1672 4733 tribulatione.
1688 4678 1722 4733 Et

68 4760 182 4818 dulcata
197 4761 362 4830 seductione,
380 4763 488 4819 eliciunt
503 4764 592 4837 magis
615 4779 697 4837 quarn
711 4765 868 4836 impetrent.
923 4765 975 4824 hoc
993 4781 1076 4822 nosse
1099 4764 1249 4832 debemus,
1273 4764 1337 4837 quia
1357 4780 1418 4819 cum
1439 4765 1586 4835 Apostolus
1601 4765 1722 4837 priorem

67 4849 148 4920 Quod
164 4858 256 4906 autern
270 4848 398 4923 significo
408 4867 458 4907 vos
468 4860 611 4924 corruptos
626 4859 653 4908 et
668 4853 796 4909 seductos
811 4870 872 4911 esse
922 4854 1074 4925 Epistolam
1099 4869 1148 4924 per
1171 4853 1342 4909 Timotheum
1357 4851 1476 4909 misisset
1490 4852 1649 4927 Corinthiis,
1665 4873 1725 4913 ma·

69 4938 105 4995 ab
120 4937 174 4994 illis
188 4939 294 5010 pseudo
309 4956 316 4995 :
334 4939 387 4996 hoc
401 4957 459 4998 non
473 4940 534 4998 dico
550 4942 586 4998 od
608 4941 872 4999 condemnationem
922 4942 965 5015 gis
979 4942 1013 4996 ad
1029 4941 1245 5014 indignationem
1261 4941 1328 4997 moti
1347 4948 1418 5008 sunt,
1435 4957 1516 5014 quarn
1532 4943 1568 4999 ad
1582 4944 1723 5016 poeniten-

71 5030 207 5093 uestrum,
222 5026 251 5082 id
265 5034 316 5094 εει,
332 5035 361 5082 ιιι
374 5043 425 5099 ρει
449 5029 502 5085 hoo
532 5029 670 5086 intendam
689 5030 873 5087 condemnare
923 5031 998 5098 tiam,
1021 5029 1198 5087 temerarium
1209 5029 1364 5099 iudicantes
1392 5030 1464 5101 quod
1482 5032 1631 5104 Apostolus
1651 5041 1723 5091 tanta

70 5128 131 5181 ros,
149 5114 229 5187 quasi
243 5116 434 5187 reprobatosa
458 5118 526 5173 Dco.
551 5117 685 5191 Quodque
705 5135 760 5174 non
783 5119 873 5175 dicam
923 5118 1069 5176 severitate
1083 5119 1198 5176 auderet
1212 5134 1260 5175 eos
1274 5133 1416 5192 arguere:
1442 5134 1497 5191 quo
1512 5120 1633 5194 cognito,
1651 5123 1722 5179 Pau-

70 5201 106 5258 ad
121 5200 377 5260 condemnationem
399 5212 519 5261 vestram
541 5205 611 5262 scire
633 5206 746 5278 potestis
771 5221 871 5274 exeo,
922 5207 965 5264 lus
988 5224 1039 5280 per
1073 5208 1243 5265 Timotheum
1264 5205 1389 5279 poenituit
1419 5222 1481 5263 eum
1496 5209 1640 5281 scripsisse
1658 5210 1723 5267 illis.

72 5292 140 5363 quic
152 5291 278 5364 proediai
289 5284 319 5347 in
335 5292 386 5349 bac
401 5292 496 5350 eadem
505 5293 636 5366 Epistola,
654 5297 726 5368 quod
741 5311 790 5352 vos
804 5297 872 5352 estis
923 5295 978 5353 Sed
991 5297 1051 5353 Tito
1069 5297 1142 5368 apud
1171 5295 1325 5352 Corinthios
1348 5295 1450 5352 diutius
1464 5304 1597 5365 morante,
1615 5305 1640 5353 et
1655 5297 1724 5370 Epi·

71 5381 103 5434 in
116 5379 246 5436 cordibus
261 5382 376 5449 nostris,
392 5381 439 5436 ubi
453 5382 490 5437 ait
507 5400 514 5438 :
533 5383 587 5439 Vos
603 5383 669 5440 estis
683 5384 807 5456 Epistola
823 5399 872 5439 no·
922 5386 1020 5441 stolam
1035 5385 1110 5441 Pauli
1126 5386 1226 5457 saepius
1241 5384 1391 5458 relegente,
1408 5386 1458 5441 sub
1473 5385 1657 5442 admonitione
1672 5386 1725 5444 Titi

72 5474 128 5522 stra
142 5467 244 5539 scripta
258 5467 287 5524 in
301 5469 428 5526 cordibus
452 5471 564 5527 nostris.
590 5471 659 5541 Quia
684 5473 708 5528 si
730 5488 779 5530 vos
802 5488 871 5530 cou-
922 5472 1044 5531 facerunt
1065 5473 1183 5531 fructum
1213 5474 1325 5547 dignum
1350 5474 1525 5546 poenitentiae.
1543 5473 1603 5544 Quo
1617 5474 1720 5544 audito,

71 5553 217 5614 demamus
232 5554 412 5627 intenderem,
428 5574 600 5634 nequaquam
624 5560 652 5618 in
676 5562 804 5621 mrdbus
818 5577 871 5621 no·
920 5561 1067 5637 Apostolus
1091 5563 1180 5638 magis
1197 5563 1307 5636 gauisus
1330 5569 1372 5620 est
1396 5562 1431 5621 de
1450 5562 1619 5638 poenitentia,
1642 5581 1722 5638 quaro
