3750 5984
78 180 131 236 633
397 172 589 233 ttxrosmo
608 174 646 231 IN
664 171 852 233 EPISTOLhS
871 174 983 234 etant.
1002 191 1037 218 -
1055 174 1094 230 IN
1112 174 1220 232 artsr.
1241 175 1253 232 Ι
1271 176 1318 233 tlt
1333 175 1403 233 llll.
1488 208 1498 223 s
1672 183 1726 239 ιιι

80 307 226 372 autequam
240 299 292 355 hoc
306 299 387 366 dicat,
411 299 547 372 praeponit
560 298 822 356 commendationem
836 299 876 357 rei
888 301 913 362 Α
927 314 982 356 uno
996 297 1133 366 militaret,
1157 298 1298 371 implesset
1313 300 1384 374 quod
1400 300 1514 367 dixerat,
1538 303 1656 377 militer,
1672 307 1722 363 sed

78 406 163 464 quam
178 390 299 445 dicturus
314 396 355 444 est
369 388 410 445 sic
426 406 432 443 :
450 390 545 446 Sereno
568 391 623 445 iste
636 406 716 461 quem
732 389 810 445 vobis
820 405 880 444 ma·
928 396 957 444 ut
973 405 1082 460 semper
1095 396 1121 444 et
1135 388 1163 442 in
1177 389 1304 444 omnibus
1320 405 1350 445 se
1360 389 1500 447 vellceum
1510 391 1625 449 militare
1635 401 1725 450 osten-

79 477 198 543 niiesto,
224 485 266 532 eet
280 477 387 548 fidelis,
410 476 438 532 id
452 486 492 532 εει
507 477 569 532 ιειιε
583 477 626 532 eui
642 477 710 533 tides
724 478 879 533 adhibenda
927 478 1018 534 deret:
1029 476 1402 534 316addiditmilitiom
1419 479 1720 549 bonem,idestutilem.

78 566 124 638 sit,
141 578 167 622 et
182 566 228 639 qui
241 567 311 622 bene
325 566 360 621 sit
374 565 522 622 credibilis.
543 565 600 622 Nec
619 567 707 621 solum
722 565 811 622 tidelis
825 575 876 633 est,
926 566 997 622 Utile
1011 566 1082 621 enirn
1098 566 1150 621 erit
1165 566 1204 623 sic
1219 574 1244 621 te
1259 566 1385 623 militare.
1400 569 1580 635 Commendo,
1597 570 1719 643 inquam,

79 656 129 712 sed
145 657 232 712 etiam
243 655 345 728 dignas
355 657 528 727 acceptione,
544 653 573 709 id
587 654 687 727 estqui
700 655 877 726 acceptabilis
926 659 960 710 at
974 656 1082 711 milites
1096 655 1122 710 in
1138 654 1191 709 illis
1205 655 1364 726 prophetiis,
1390 656 1417 711 id
1433 663 1474 712 est
1484 657 1512 712 in
1527 658 1601 714 omui
1616 659 1721 716 visione

79 759 142 800 esse
157 744 264 800 debeat.
281 743 348 799 Sunt
362 743 434 798 enirn
459 742 536 798 multi
561 759 702 798 sermones
720 744 875 811 credibiles,
906 750 952 817 ‘et
967 742 1103 799 intellectu
1128 759 1208 816 quem
1229 743 1315 800 habes
1337 744 1372 801 de
1396 745 1464 801 Deo.
1488 747 1631 818 Prophetis
1650 748 1723 804 euim

78 840 239 889 nontamen
254 832 412 903 acceptione
427 832 522 905 digni,
548 832 611 903 quia
626 832 742 888 inutiles.
765 831 814 887 llic
828 848 877 887 au·
925 834 1014 899 visio,·
1033 834 1166 904 propheta
1177 832 1274 889 videns
1286 832 1394 889 dicitur.
1406 834 1503 890 Milites
1513 850 1613 892 moneo
1622 853 1725 893 secan·

79 928 135 977 tem
150 937 260 991 sermo,
276 929 302 976 et
315 920 472 987 credibilis,
489 928 514 976 et
530 929 676 991 acceptus,
702 921 767 993 quia
791 921 874 976 utilis.
926 921 994 977 dnm
1006 922 1170 994 prophetias
1185 921 1376 994 praecedentes
1390 924 1421 979 in
1435 927 1472 989 ie,
1484 923 1511 978 ιιι
1522 925 1722 981 εειεεειιιιιιιιιιι

78 1011 184 1081 Dignus
208 1011 301 1083 utique
315 1010 474 1080 acceptione
494 1025 549 1065 non
572 1024 627 1063 uua
641 1009 684 1064 rel
707 1009 734 1064 in
746 1024 801 1064 uno
817 1009 876 1064 solo
927 1009 1000 1082 quod
1016 1017 1139 1080 ternpore
1153 1009 1316 1081 praecedenti
1332 1011 1444 1066 edoctus
1458 1028 1488 1067 es
1503 1012 1532 1066 in
1546 1013 1630 1069 sacris
1645 1012 1721 1070 Scri-

77 1105 202 1169 tempore
216 1106 245 1153 ut
259 1104 336 1153 vetus
349 1097 402 1165 lex,
413 1097 557 1163 sedomnl,
569 1098 596 1152 id
611 1104 652 1152 est
667 1105 693 1152 et
707 1097 735 1151 in
749 1097 877 1168 praesenti
926 1098 1024 1168 pturis.
1050 1097 1207 1152 Timotheus
1227 1098 1298 1153 enim
1320 1106 1398 1169 patre
1418 1100 1536 1171 gentilis,
1553 1109 1641 1157 matre
1656 1116 1723 1158 vero

77 1194 105 1242 et
119 1187 147 1241 in
162 1186 265 1253 tuturo,
286 1195 314 1242 et
332 1186 480 1242 secundum
501 1201 600 1257 corpus
618 1193 644 1241 et
654 1186 802 1242 secundum
818 1185 877 1240 ani·
926 1185 1081 1240 Christiana
1096 1185 1185 1241 editus
1199 1186 1273 1257 (Aet.
1284 1201 1343 1255 xvi,
1361 1187 1398 1258 l),
1416 1188 1450 1242 ab
1465 1188 1524 1259 ipsa
1534 1189 1649 1259 pueritia
1664 1198 1722 1244 tra·

77 1291 167 1342 mam,
194 1275 257 1347 quia
281 1275 308 1329 in
332 1275 551 1345 omnitempore,
567 1282 592 1328 ct
607 1273 757 1330 secundum
772 1282 876 1329 utrum·
926 1274 999 1328 ditus
1014 1283 1054 1329 est
1071 1274 1158 1329 sacris
1173 1274 1269 1329 litteris
1285 1275 1455 1331 imbuendus.
1472 1277 1551 1333 Unde
1566 1278 1604 1333 ait
1618 1295 1722 1335 secan·

79 1380 133 1435 que
148 1364 242 1419 salvat.
259 1364 319 1433 llic,
334 1365 455 1436 inquam,
473 1371 514 1419 est
529 1362 574 1418 ille
590 1378 688 1427 sermo,
701 1366 776 1434 qaia,
794 1363 821 1416 id
835 1370 876 1418 est
926 1362 992 1417 dnm
1002 1364 1165 1436 prophetias
1177 1365 1209 1418 in
1221 1367 1248 1419 te
1258 1363 1459 1436 precedentes.
1473 1365 1522 1421 Vel
1532 1366 1608 1422 aliter
1620 1383 1626 1422 :
1636 1367 1721 1423 Com-

78 1452 153 1524 quod
172 1451 298 1508 Christos
314 1453 393 1507 lesus
403 1452 482 1508 venit
494 1453 526 1506 in
540 1451 679 1506 mandam
691 1450 775 1516 bano,
793 1451 876 1506 idest
926 1452 1026 1506 mendo
1043 1452 1091 1505 tibi
1114 1459 1141 1505 ιιι
1165 1452 1264 1507 milites
1278 1453 1430 1508 secuudum
1444 1453 1601 1524 prophetias
1615 1471 1721 1524 praecc-

77 1540 147 1596 adeo
161 1540 371 1611 despicabilem,
392 1548 418 1595 et
435 1540 461 1594 in
476 1555 529 1612 quo
542 1547 580 1595 tot
594 1539 716 1594 miserias
733 1555 793 1594 eum
820 1539 876 1610 pati
927 1535 1024 1590 dentes
1049 1535 1075 1589 iu
1096 1542 1133 1603 te,
1155 1535 1183 1590 id
1208 1544 1250 1591 est
1263 1536 1297 1592 de
1313 1544 1349 1592 te.
1367 1537 1469 1608 Spiritu
1485 1539 1556 1593 euim
1571 1539 1722 1610 prophetiae

76 1628 206 1699 oportuit.
232 1629 327 1696 Venit,
343 1630 471 1701 inquam,
492 1629 583 1684 salvos
592 1630 686 1700 [acere
703 1631 912 1719 peccatores,B
927 1623 1051 1690 edoctus,
1068 1624 1205 1695 assumpsi
1224 1632 1249 1680 te
1265 1625 1292 1679 in
1307 1640 1375 1696 opus
1389 1626 1543 1699 Evangelii.
1554 1626 1721 1682 Videautem

76 1717 124 1788 qui
140 1718 162 1771 ει
176 1718 325 1788 perlegam
345 1716 445 1772 salvari
458 1725 580 1788 possent,
593 1717 690 1772 trustra
705 1719 778 1772 Deus
798 1717 877 1773 Chri·
926 1727 961 1767 ne
976 1712 1172 1786 degenerando
1187 1728 1203 1767 a
1222 1712 1275 1768 tide
1299 1714 1460 1769 mendacem
1480 1714 1565 1771 iacias
1581 1716 1722 1787 Spiritum,

76 1813 150 1860 stum
165 1823 242 1860 suurn
257 1805 284 1861 in
297 1806 422 1862 miserias
433 1806 513 1874 hujus
526 1805 619 1860 mundi
630 1806 788 1876 deponeret.
802 1807 874 1875 Quo·
926 1800 972 1872 qui
985 1808 1014 1855 ut
1029 1810 1055 1855 ιε
1070 1801 1201 1874 eligerem
1221 1802 1312 1857 docuit
1335 1817 1388 1857 me.
1416 1802 1530 1858 llilitare
1554 1804 1647 1874 debes,
1665 1811 1721 1859 turn

77 1911 144 1950 ram
154 1902 329 1965 peccatorum
341 1910 393 1967 ego
404 1904 429 1950 et
440 1895 595 1967 quicunque
605 1894 702 1967 legalis
716 1896 836 1966 primus,
847 1893 876 1948 id
926 1889 988 1960 quia
1003 1889 1102 1944 honum
1117 1898 1143 1944 et
1158 1890 1223 1945 utile
1237 1899 1278 1945 est
1296 1905 1302 1945 z
1317 1898 1373 1945 tum
1394 1891 1456 1963 quia
1478 1892 1548 1947 bene
1567 1899 1655 1963 potes,
1671 1894 1722 1948 bo·

76 1990 119 2038 est
133 1983 286 2054 praecipuus
302 1991 329 2039 et
352 1984 514 2039 deterrimus
538 1999 610 2038 snm.
628 1982 783 2038 Deteriores
803 1981 875 2037 enirn
926 1978 992 2033 bens
1005 1978 1089 2046 fidem
1103 1994 1153 2049 per
1176 1994 1255 2050 quam
1275 1979 1355 2049 plene
1376 1978 1538 2048 justificatus
1561 1996 1601 2047 es,
1615 1980 1721 2036 habens

75 2070 180 2126 invenit
195 2072 268 2127 Deus
283 2072 401 2138 ludaeos,
418 2071 473 2144 legi
488 2071 675 2140 adhaerentes,
691 2086 772 2142 quam
789 2086 875 2142 quos·
925 2067 1012 2122 etiarn
1023 2067 1340 2123 conscienticmbonam
1351 2068 1721 2140 ,·nonenimtibipraedioauti

75 2176 184 2231 cunque
198 2160 318 2234 exleges.
924 2154 1008 2222 objici
1022 2162 1112 2225 potest
1127 2155 1199 2226 quod
1216 2156 1285 2210 bene
1300 2155 1399 2211 doceas
1413 2164 1440 2211 et
1454 2157 1525 2212 male
1539 2158 1623 2212 viras.
1639 2157 1720 2213 llodo

112 2246 193 2317 Quod
208 2249 545 2321 supraposuirabsolure,
562 2249 873 2320 hipponircumaausa‚
923 2243 1066 2314 paulisper
1095 2244 1240 2299 revertitur
1268 2245 1301 2298 ad
1330 2245 1571 2315 pseudodoctores,
1603 2245 1719 2302 dicens:

76 2337 172 2392 diceus
184 2354 191 2390 :
205 2338 278 2393 Licet
292 2338 456 2394 deterrimus
470 2338 497 2391 in
512 2338 703 2408 peccatoribus
717 2353 819 2403 essem,
830 2346 874 2392 ta·
924 2349 1010 2403 qnam
1024 2331 1124 2387 bonam
1140 2332 1335 2388 conscientiam
1347 2333 1460 2406 qnidam
1474 2335 1667 2405 repulerunta
1678 2350 1718 2390 se.

75 2441 139 2480 meu
156 2431 324 2482 consecutas
338 2442 400 2482 snm
418 2427 652 2492 misericordiam,
662 2427 733 2490 ideo,
746 2431 778 2481 nt
792 2425 874 2482 Cbn'-
925 2419 977 2488 Qui
993 2421 1063 2475 enim
1080 2437 1210 2491 perverse
1225 2422 1280 2493 agit
1295 2429 1320 2476 et
1330 2421 1482 2488 docet,nou
1492 2422 1574 2477 habet
1584 2422 1655 2477 unde
1666 2422 1719 2478 sibi

27 2496 35 2505 ⁸
75 2519 138 2570 atus
148 2516 228 2571 lesus
238 2518 268 2570 in
279 2532 323 2571 me
332 2517 434 2587 primo,
447 2514 474 2568 id
483 2524 522 2570 est
533 2515 649 2570 maxime
660 2522 816 2586 peccatore,
831 2514 874 2570 rel
924 2508 993 2563 bene
1019 2509 1146 2565 conscius
1170 2510 1204 2563 sit
1222 2523 1228 2563 :
1245 2518 1270 2565 et
1286 2510 1350 2580 quia
1371 2509 1530 2580 repulemnt
1554 2511 1634 2578 hanc,
1657 2511 1720 2568 ideo

74 2603 205 2674 primunr,
220 2604 425 2660 idestmaxime
440 2604 599 2659 ostenderet
620 2604 790 2675 patientiam
799 2624 808 2670 ‚·
820 2619 874 2657 uon
923 2600 1174 2670 naufragaverunt
1190 2598 1367 2667 eirecfidem,
1381 2598 1457 2654 idest
1467 2598 1608 2670 tregemut
1621 2615 1718 2655 narem

75 2692 104 2746 iu
119 2691 239 2763 qualibet
254 2708 308 2747 una
323 2708 363 2759 re,
381 2692 429 2747 sed
443 2692 644 2747 omnimodam.
665 2691 778 2746 Pertulit
801 2691 874 2746 enirn
923 2700 1010 2755 suam,
1036 2686 1236 2742 circumeuntes
1259 2685 1350 2753 tidem,
1373 2694 1399 2741 et
1414 2702 1468 2743 nou
1483 2687 1668 2760 ingredientes
1683 2688 1716 2743 ad

75 2795 121 2836 rne
136 2780 385 2852 blasphemantem,
410 2788 632 2852 persequentem,
656 2780 873 2836 etccntumelias
923 2790 993 2829 eam.
1024 2777 1067 2830 Ex
1086 2774 1185 2847 quibas
1209 2775 1471 2845 pseudodoctoribus
1494 2775 1718 2850 naufragantibus

74 2868 179 2925 sanctis
201 2869 371 2925 inserentem.
399 2869 515 2924 Omnem
531 2868 624 2940 utique
644 2869 801 2940 patientiam
825 2884 873 2923 os·
922 2866 966 2918 est
976 2864 1141 2935 Hymenoeus
1152 2863 1348 2919 etdlexonder
1357 2862 1494 2934 principes
1505 2880 1598 2919 eorum
1611 2865 1657 2936 qui
1667 2865 1720 2922 cir·

75 2957 163 3012 teudit
177 2957 203 3011 in
218 2973 276 3024 rue,
293 2957 330 3012 ιιιι
340 2958 573 3028 informationem
598 2972 695 3013 eoram
715 2959 763 3030 qai
784 2958 873 3013 eredi-
923 2951 1116 3007 cumcisionem
1141 2949 1274 3006 reducere
1294 2951 1430 3016 volebant,
1454 2970 1522 3026 qnos
1543 2968 1596 3026 ego
1611 2954 1717 3011 tradidi

77 3045 137 3100 turi
148 3047 282 3115 tantilli,
295 3046 321 3101 id
332 3053 374 3101 est
388 3054 416 3100 ut
426 3061 476 3116 per
486 3061 530 3100 me
544 3045 764 3101 doceretuemini
774 3045 873 3116 despe·
887 3013 911 3074 0
923 3041 1037 3097 Satanae
1052 3041 1077 3109 (l
1091 3038 1152 3096 Cor.
1168 3055 1195 3103 v,
1206 3042 1243 3110 5),
1259 3039 1286 3094 id
1300 3049 1340 3095 est
1357 3041 1481 3112 separari
1496 3042 1716 3097 excommunica·

75 3133 211 3200 randum,
236 3143 348 3205 propter
361 3134 553 3189 immanitatem
570 3134 714 3200 scelerum,
731 3134 795 3206 quin
810 3149 872 3190 cle·
922 3135 965 3182 tos
979 3128 1013 3182 ab
1028 3128 1161 3184 Ecclesia.
1185 3128 1243 3183 Nec
1266 3128 1329 3184 ideo
1342 3137 1371 3183 ul
1393 3128 1421 3185 in
1432 3137 1563 3186 alternum
1577 3137 1691 3200 pereunt
1708 3147 1715 3184 τ

20 3258 25 3268 .
75 3220 161 3276 datin
177 3237 248 3278 eum.
265 3222 398 3278 Credituri
414 3229 475 3278 sunt
489 3222 561 3277 enim
576 3222 615 3277 illi
630 3223 661 3277 in
676 3225 763 3278 vitam
787 3227 868 3279 ater·
923 3216 972 3271 sed
985 3220 1019 3272 nt
1034 3216 1073 3271 sic
1097 3217 1210 3273 discant
1234 3232 1293 3273 non
1309 3218 1512 3289 blasphemare,
1529 3217 1557 3273 id
1567 3225 1608 3273 est
1621 3227 1651 3272 ut
1664 3219 1717 3275 hoc

75 3326 154 3380 nom,
170 3310 198 3365 id
214 3318 253 3366 est
268 3318 297 3366 ut
311 3327 361 3382 per
375 3309 455 3366 iidem
470 3312 539 3367 hauc
554 3311 671 3366 babeant
684 3311 768 3366 vitam
790 3319 872 3366 eeter-
922 3303 1004 3359 modo
1020 3305 1134 3361 correcti
1150 3312 1176 3360 et
1199 3304 1370 3375 prenitentes,
1395 3306 1535 3378 quiescant
1549 3321 1566 3360 a
1579 3306 1717 3390 perversi-

75 3413 148 3454 nam,
166 3399 200 3454 Er
214 3400 431 3472 quandoquidem
447 3400 570 3455 christus
592 3400 699 3455 salvare
716 3408 873 3469 peccatores
923 3399 978 3447 tate
994 3408 1053 3462 sua,
1070 3394 1164 3461 etjam
1186 3408 1241 3447 uon
1256 3393 1477 3464 blasphemantes
1493 3393 1651 3449 auferantur
1664 3395 1718 3450 ite-

76 3487 163 3555 renit,
190 3488 225 3543 ad
241 3487 634 3561 quodlexinsuifroiensiuit,
662 3488 874 3560 Christor'qitnr
923 3481 1116 3546 rumSttlflssae·
1132 3481 1275 3551 ΐθῦθριῑὶῐ]
1291 3482 1378 3537 Sinum
1399 3482 1538 3538 Ecclesiae·
1559 3482 1718 3554 Notaquod

76 3579 137 3650 7091
159 3577 327 3634 mmmm
341 3577 404 3632 inde
428 3577 462 3632 sir
478 3579 567 3634 aanor
578 3578 706 3648 etptoria
721 3595 730 3632 ,-
744 3576 808 3649 quia
823 3592 874 3632 nec
923 3570 1157 3625 excommunicare
1180 3576 1220 3625 est
1243 3570 1352 3625 tradere
1373 3570 1487 3636 Satanae,
1513 3569 1576 3642 quia
1591 3585 1653 3626 curn
1668 3586 1718 3625 ex-

76 3665 141 3737 legi,
158 3682 208 3722 nec
223 3666 268 3720 alii
290 3674 390 3738 praeter
404 3666 538 3721 Christum
554 3665 669 3721 debetur
691 3665 755 3721 inde
773 3665 872 3736 gratia.
924 3658 1136 3714 communicatur
1169 3658 1240 3729 quis,
1272 3658 1378 3714 Saltum
1402 3659 1524 3727 traditur,
1559 3659 1637 3728 culus
1659 3664 1718 3714 etti

111 3755 165 3808 tut
180 3754 220 3809 sic
234 3755 416 3810 continuatur.
432 3753 555 3809 cbristus
573 3755 601 3808 in
620 3770 664 3809 me
679 3754 798 3809 ostendit
812 3769 873 3809 om·
924 3748 1080 3819 priusquam
1095 3761 1146 3817 per
1156 3745 1320 3817 baptismum
1333 3745 1539 3816 justificaretur.

75 3856 139 3897 nem
153 3841 331 3912 patientiam
346 3842 386 3897 illi
400 3851 490 3898 autern
506 3842 614 3897 Christo
629 3842 697 3914 Regi
712 3842 874 3898 saeculorum

75 3928 248 3994 immortali,
267 3929 350 3985 idest
364 3929 533 3997 immutabili,
550 3929 596 4001 qui
611 3945 720 4001 semper
733 3929 760 3984 in
776 3930 873 3985 eodem
1235 3943 1348 4001 CAPUT
1362 3946 1395 4000 11,

75 4024 128 4087 est,
144 4018 327 4088 etinvisibili,
338 4018 366 4073 id
381 4025 422 4074 εει
432 4018 510 4087 cujus
523 4016 651 4073 deitatem
664 4018 737 4073 nulla
751 4026 874 4074 creatura

76 4103 177 4161 suihcit
191 4105 362 4177 intelligere3
387 4106 450 4162 huic
473 4107 531 4161 Deo
545 4106 666 4162 Creatori
688 4106 739 4161 soli
753 4106 874 4178 (salvare
961 4128 972 4158 ι
990 4106 1114 4164 Obsecro
1129 4106 1212 4177 igitur
1230 4105 1346 4175 primurn
1371 4106 1490 4162 omniurn
1515 4107 1572 4163 lieri
1585 4108 1718 4165 obsecra·

76 4193 149 4250 enim
164 4193 240 4249 solus
254 4198 371 4265 potest),
388 4195 450 4251 huic
465 4202 539 4250 tanto
558 4202 583 4249 et
606 4194 654 4249 tali
672 4195 710 4250 sit
733 4196 822 4251 bonor
845 4198 873 4251 et
925 4218 936 4243 a
955 4194 1052 4262 tiones,
1070 4195 1218 4264 crationes,
1240 4193 1447 4266 postulationes,
1469 4195 1617 4268 gratiarum
1631 4196 1718 4253 actio-

74 4282 175 4353 εἱστία.
189 4282 283 4337 ιιοιιοι·
296 4282 407 4348 dicitur,
436 4289 465 4338 ut
480 4283 514 4338 de
528 4282 688 4350 uirtutibus,
711 4283 871 4352 humilitate,
926 4304 937 4334 ι
954 4300 1014 4350 ιιεε,
1033 4299 1083 4354 pro
1097 4284 1222 4338 omnibus
1237 4283 1402 4351 bominibus,
1420 4299 1471 4354 pro
1487 4283 1608 4357 regibus,
1625 4292 1652 4340 et
1667 4301 1718 4357 pro

74 4369 231 4440 prudentia,
256 4376 282 4425 et
297 4370 460 4441 huiusmodi,
484 4387 545 4443 quae
559 4372 642 4427 homo
655 4379 744 4443 potest
759 4372 870 4427 habere.
886 4367 938 4428 D«
956 4371 1082 4428 omnibus
1110 4371 1155 4444 qui
1179 4373 1206 4426 iu
1233 4371 1395 4427 sublimitate
1419 4378 1483 4426 suut
1514 4373 1663 4444 constituti,
1689 4381 1718 4430 ut

73 4456 168 4512 Gloria
183 4457 280 4514 dicitur
291 4457 326 4514 de
340 4458 382 4513 bis
396 4475 457 4531 quae
468 4459 517 4515 Dei
532 4459 620 4515 solum
636 4466 698 4515 sunt
711 4467 737 4515 et
750 4476 805 4515 non
824 4461 874 4515 ho·
926 4484 937 4509 a
955 4461 1075 4533 quietam
1094 4466 1121 4515 et
1143 4459 1319 4532 tranquillam
1342 4460 1426 4514 vitam
1450 4474 1577 4534 agamus,
1602 4461 1720 4518 inomni

17 4586 20 4590 .
74 4545 168 4615 minis,
185 4554 215 4601 ut
227 4562 372 4620 resurgere
387 4548 466 4604 tertia
480 4548 534 4615 die,
547 4555 573 4603 et
588 4548 752 4618 hujusmodi.
768 4549 871 4616 Honor,
925 4571 937 4597 ι
955 4549 1056 4621 pietate
1070 4554 1096 4604 et
1111 4549 1244 4605 castitate.
1267 4549 1324 4604 Hoc
1340 4549 1412 4604 enirn
1426 4548 1527 4605 bonum
1544 4558 1585 4605 est
1600 4557 1626 4605 et
1639 4565 1723 4607 acce·

74 4633 199 4706 inquam,
215 4635 254 4690 illi
269 4635 304 4691 sit
317 4643 344 4691 et
356 4636 443 4709 gloria
457 4637 489 4692 in
514 4639 617 4694 secula
632 4637 804 4708 praesentium
819 4653 873 4693 soe-
927 4659 938 4689 ι
955 4645 1031 4708 ptum
1051 4651 1144 4693 coram
1162 4637 1302 4693 Salvatore
1319 4644 1415 4692 nostro
1425 4637 1497 4700 Deo,
1511 4637 1556 4709 qui
1567 4652 1662 4694 omnes
1672 4639 1722 4693 ho-

75 4723 207 4780 mbram
221 4725 405 4789 consecutiva,
422 4732 449 4779 et
461 4725 514 4781 boc
528 4726 602 4797 quod
616 4741 713 4796 precor
727 4741 820 4791 amen,
847 4723 874 4780 id
926 4747 938 4778 ι
956 4726 1043 4781 mines
1058 4726 1115 4781 vult
1134 4725 1224 4782 salvos
1238 4725 1309 4791 lieri,
1324 4726 1400 4782 etad
1415 4725 1583 4798 agnitionem
1599 4726 1722 4783 raritatis

74 4817 119 4867 est
139 4819 225 4892 certe¹
237 4811 275 4866 ita
297 4812 358 4868 erit.
384 4811 612 4885 Quandoquidem
634 4829 668 4869 ex
689 4813 796 4869 Christo
809 4812 874 4868 lesu
926 4837 938 4864 a
956 4814 1059 4870 venire.
1076 4814 1153 4870 Unus
1169 4815 1242 4871 enim
1256 4815 1339 4881 Deus,
1356 4830 1426 4870 unus
1440 4823 1465 4870 et
1481 4815 1616 4871 llediator
1629 4815 1680 4872 Dei
1695 4822 1722 4873 et

75 4899 302 4966 omniesalvatio,
316 4908 388 4956 etex
408 4903 470 4973 lege
489 4902 571 4971 nulla,
593 4902 672 4966 ideo,
692 4917 707 4957 o
729 4900 870 4957 limotbee
926 4925 937 4950 a
956 4902 1095 4958 hominum
1118 4903 1200 4959 horno
1215 4903 1341 4959 Christus
1354 4903 1444 4970 lesus,
1460 4903 1505 4975 qui
1520 4904 1593 4958 dedit
1607 4904 1720 4960 redem-

75 4989 130 5058 fili,
147 4989 311 5044 commendo
332 4989 637 5063 ttbe’bocproeeeptnm,
654 4989 726 5045 utin
749 4989 875 5047 omuibus
928 4991 1076 5062 optionem
1103 4991 1277 5063 semetipsum
1304 5007 1355 5063 pro
1378 4992 1514 5047 omnibus.
1539 4991 1622 5063 Cujus
1642 4992 1722 5048 testi-

74 5076 167 5149 palam
183 5077 218 5132 sit
241 5084 268 5132 te
282 5077 349 5134 nulli
364 5093 446 5149 posse
461 5094 575 5150 parcere
587 5079 631 5133 rel
645 5078 763 5135 tolerare
781 5079 808 5134 in
823 5079 876 5135 hac
927 5100 938 5130 ι
956 5078 1077 5135 monium
1094 5080 1262 5150 temporibus
1276 5079 1333 5135 suis
1348 5078 1536 5136 conbnnatum
1556 5088 1608 5151 est,
1624 5081 1652 5137 iu
1667 5097 1722 5154 quo

75 5181 116 5221 re.
133 5166 192 5222 lloc
214 5165 287 5222 enim
311 5176 477 5238 praeceptum
493 5174 534 5222 est
558 5168 630 5239 quod
650 5168 804 5239 transgredi
820 5183 875 5223 non
928 5189 939 5219 ι
957 5167 1061 5240 positus
1076 5182 1137 5222 sum
1151 5182 1204 5242 ego
1219 5168 1381 5240 praedicator
1395 5176 1422 5224 ει
1435 5169 1576 5240 apostolus
1591 5170 1629 5242 (ll
1643 5173 1715 5228 Tim.

74 5253 150 5317 licet,
167 5269 328 5326 summaque
353 5254 400 5309 tibi
414 5254 568 5312 obedientia
590 5255 817 5322 commendatum,
842 5261 878 5313 nt
928 5272 974 5323 ιι,
992 5257 1050 5327 ιι).
1070 5257 1220 5313 Veritatem
1238 5257 1310 5322 dico,
1327 5272 1383 5312 nou
1396 5257 1528 5325 mentior;
1545 5258 1640 5314 doctor
1651 5275 1723 5331 gen·

75 5343 186 5399 milites
202 5343 370 5399 excludendo
384 5343 420 5398 ab
434 5344 557 5400 Ecclesia
566 5344 813 5415 pseudodoctores;
825 5345 876 5400 mi·
927 5368 938 5394 ι
956 5346 1023 5400 ιιιιιιι
1038 5346 1066 5400 iu
1084 5344 1138 5402 fide
1153 5355 1179 5401 et
1194 5345 1318 5401 veritate.
1342 5345 1410 5401 Volo
1426 5362 1493 5417 ergo
1508 5346 1582 5402 riros
1597 5363 1679 5402 orare
1693 5347 1721 5402 in

74 5431 154 5499 lites,
180 5432 261 5488 etiem
276 5432 446 5503 disponendo
461 5433 542 5488 alium
571 5433 783 5490 ecclesiasticum
798 5434 875 5489 ordi·
927 5456 939 5482 ι
956 5435 1031 5490 οιιιιιι
1052 5435 1122 5503 loce,
1137 5434 1257 5490 levantes
1272 5449 1355 5505 puras
1369 5449 1466 5490 manus
1483 5435 1543 5490 sine
1564 5436 1604 5489 ira
1621 5441 1646 5490 et
1661 5435 1720 5490 dis·

75 5536 152 5589 uem,
166 5521 267 5579 milites
283 5521 375 5594 utique
389 5522 490 5580 honam
499 5523 649 5580 militiam.
660 5521 689 5579 Si
699 5522 837 5580 semelrel
847 5522 876 5580 in
920 5543 941 5574 a
957 5522 1121 5597 ceptatioue.
1143 5522 1271 5580 Similiter
1295 5529 1321 5581 et
1339 5522 1409 5596 (at,
1431 5525 1534 5596 autem)
1548 5523 1677 5582 mulieres
1690 5522 1718 5583 in
