3742 5986
584 156 755 214 GUlGONlS
775 157 786 211 l
808 152 1011 211 cantuusla
1033 152 1181 210 Metonis
1204 153 1343 209 PRIORlS
1362 153 1396 208 V.

826 279 1026 336 enarrabunt
1044 279 1155 335 LXXX.

736 373 774 425 De
789 370 1033 426 commendatione
1047 369 1184 423 sotttartoe
1203 368 1280 424 uite.

206 474 231 525 l.
250 469 369 538 Habetis,
387 468 564 535 dilectissimi,
581 468 649 524 sicut
664 468 779 539 petistis,
804 465 1015 523 consuetudines
1031 465 1234 536 qualescunque
1248 473 1357 522 nostras
1378 464 1588 538 quoquomodo
1611 463 1790 535 descriptas,
1811 466 1836 522 in

170 565 268 637 quibus
279 565 363 619 multa
378 565 442 621 vilia
457 573 520 619 suut
535 571 561 619 ει
576 564 687 630 minuta,
704 580 764 635 quea
780 562 861 619 scribi
876 560 987 617 forsitan
1002 575 1057 616 nou
1072 568 1239 631 oportuerat,
1251 561 1304 615 uisi
1320 561 1384 632 quia
1399 568 1493 617 vestra
1503 559 1616 614 dilectio
1648 559 1838 632 compellebat

171 661 239 715 nibil
249 661 383 730 judicare,
402 660 450 714 sed
466 667 561 714 cuncta
576 659 665 729 potius
680 667 774 729 parata
795 659 948 729 complecti.

204 761 232 814 2.
249 758 310 812 Non
325 765 415 812 tamen
435 757 471 811 ita
484 756 575 811 omnia
589 762 617 810 ιιι
632 754 699 809 nihil
716 755 828 811 omnino
843 754 1014 819 remanserit,
1031 761 1156 823 putamus
1166 769 1217 810 nos
1232 755 1285 810 hoc
1299 754 1401 826 scripto
1422 754 1545 825 potuisse
1574 755 1771 812 concludere.
1784 758 1836 813 Sed

169 853 259 920 facile,
275 854 376 925 siquid
391 852 494 926 effregit.
512 852 693 908 collocutione
707 853 836 923 praeseuti
851 853 949 923 poterit
964 851 1086 908 indicari.

205 956 231 1005 3.
248 953 288 1006 De
303 951 539 1006 commendatione
555 958 644 1004 autem
659 951 740 1019 liujus
755 950 825 1016 vitae,
844 949 970 1004 solitariae
984 948 1098 1015 scilicet,
1113 965 1183 1020 pane
1199 949 1333 1005 tacuimus
1349 965 1366 1004 a
1379 949 1474 1004 multis
1496 949 1598 1005 sanctis
1615 958 1644 1005 et
1660 952 1834 1022 sapientibus

168 1055 196 1104 ει
211 1056 291 1104 tentae
305 1048 481 1116 auctoritatis,
501 1054 639 1104 uteorum
655 1047 771 1120 vestigia
790 1062 844 1102 uon
860 1048 944 1100 simus
959 1046 1066 1103 calcare
1081 1047 1166 1118 digni,
1183 1048 1294 1118 copiose
1317 1047 1535 1104 commendatam
1551 1048 1696 1118 scientes,
1714 1058 1743 1106 et
1759 1051 1835 1107 vobis

169 1147 241 1220 qued
255 1161 333 1217 aque
347 1154 394 1200 aut
407 1145 504 1200 melius
519 1146 606 1201 nostis
621 1145 766 1200 ostendere
781 1144 948 1215 superfluum
959 1143 1121 1214 judicantes.

206 1246 232 1299 l.
248 1242 341 1298 Nostis
356 1243 440 1310 enim,
457 1243 485 1297 in
499 1242 589 1298 Veteri
604 1250 629 1296 ει
640 1242 668 1296 iu
684 1243 762 1297 Novo
773 1241 889 1297 maxime
904 1241 1086 1308 Testamenta,
1103 1243 1194 1297 omnia
1212 1258 1283 1314 pene
1301 1244 1406 1313 majora
1421 1251 1448 1299 et
1472 1243 1619 1300 subtiliora
1635 1254 1763 1312 secreta,
1782 1264 1833 1304 non

168 1340 197 1394 in
211 1337 299 1393 turbis
314 1336 478 1405 tumultosis,
493 1337 542 1392 sed
557 1353 617 1392 cum
634 1336 685 1392 soli
699 1343 791 1392 essent
806 1336 855 1391 Dei
869 1336 977 1391 famulis
992 1336 1122 1403 revelata,
1140 1338 1268 1410 ipsosque
1283 1339 1333 1394 Dei
1347 1338 1472 1407 famulos,
1490 1355 1552 1395 curn
1566 1338 1613 1395 vel
1629 1340 1768 1396 subtilius
1791 1342 1833 1396 ali

169 1434 234 1508 quid
250 1433 385 1502 meditari,
401 1434 445 1489 vel
458 1433 570 1489 liberius
585 1449 673 1501 orare,
691 1433 735 1489 vel
750 1449 765 1490 a
779 1434 894 1489 terrenis
908 1435 1070 1504 permeatis
1085 1450 1229 1490 excessum
1243 1435 1357 1491 alienari
1373 1444 1515 1508 cuperent,
1530 1436 1590 1492 lere
1606 1453 1729 1510 semper
1744 1439 1833 1495 multi·

168 1532 270 1588 tudinis
285 1531 478 1603 impedimenta
493 1532 603 1598 vitasse,
619 1540 646 1586 et
661 1530 813 1586 solitudinis
837 1538 962 1601 captasse
976 1531 1192 1589 commoditates.

205 1632 232 1684 5.
258 1629 326 1684 Hinc
349 1635 400 1694 est,
424 1634 453 1682 ut
477 1627 578 1699 aliquid
593 1627 656 1683 inde
674 1636 828 1699 tangamus,
845 1627 916 1698 quod
932 1628 959 1681 in
983 1643 1082 1699 agrum
1102 1627 1137 1683 ad
1159 1628 1348 1684 meditandum
1367 1629 1443 1686 Isaac
1463 1630 1607 1703 egreditur
1622 1631 1706 1688 solus
1720 1635 1829 1706 (Genu.

168 1727 274 1797 xxxn),
290 1726 364 1798 quod
379 1724 404 1779 ei
418 1741 474 1779 non
488 1724 605 1791 casuale,
623 1725 671 1781 sed
687 1723 954 1780 consuetudinarium
969 1723 1053 1780 luisse
1069 1725 1236 1780 credendum
1251 1733 1302 1781 cst.
1320 1725 1399 1795 Quod
1413 1727 1499 1783 Jacob
1526 1727 1687 1799 praemissis
1704 1733 1830 1787 omuibus

169 1824 243 1880 solus
258 1828 392 1890 remanet,
408 1820 478 1877 facie
493 1823 528 1878 ad
543 1822 638 1878 faciem
653 1823 741 1878 Deum
756 1821 839 1888 videt,
856 1821 1046 1878 benedictione
1060 1821 1142 1876 simul
1156 1830 1182 1877 ει
1201 1823 1318 1878 nominis
1333 1824 1362 1878 in
1375 1823 1473 1880 melius
1488 1825 1642 1882 mutatione
1663 1826 1736 1884 salix
1751 1828 1828 1886 effici·

171 1936 215 1984 tur
235 1926 345 1996 (Genea.
360 1925 454 1996 xxxv),
470 1923 531 1994 plus
546 1928 689 1978 assecutus
703 1936 757 1977 uno
778 1929 914 1977 momento
928 1921 1004 1977 solus
1027 1936 1111 1992 quam
1125 1928 1180 1976 toto
1194 1921 1257 1977 vitae
1271 1929 1393 1993 tempore
1409 1922 1564 1978 comitatus.

207 2027 233 2078 b.
249 2024 344 2094 lloyes
359 2037 477 2093 quoque,
494 2018 568 2075 Elias
583 2027 662 2090 atque
677 2018 785 2074 Eliseus
801 2018 974 2074 solitudinem
988 2017 1066 2074 testis
1080 2025 1121 2073 est
1133 2017 1273 2089 Scriptura
1303 2025 1433 2090 quantum
1449 2018 1573 2092 diligant,
1591 2029 1771 2092 quantumve
1783 2041 1831 2097 per

170 2138 231 2178 eam
247 2121 273 2175 in
289 2119 443 2176 divinorum
459 2124 626 2173 secretorum
642 2115 853 2171 revelationibus
868 2122 1003 2183 crescant,
1020 2130 1128 2187 quoque
1148 2115 1229 2172 modo
1244 2125 1271 2171 et
1284 2117 1356 2172 inter
1369 2115 1494 2172 homines
1506 2116 1707 2188 periclitentur
1722 2121 1829 2178 assidue

170 2227 196 2274 ει
211 2235 228 2274 a
243 2220 311 2285 Deo,
327 2233 389 2273 curn
404 2215 455 2272 soli
467 2222 540 2284 sunt,
561 2213 715 2269 visitentur.

204 2316 231 2369 t.
249 2313 302 2369 Sed
319 2320 346 2370 et
360 2311 501 2380 Ieremias,
517 2310 590 2382 quod
602 2317 628 2365 et
643 2309 768 2380 superius
783 2309 1067 2378 commemoravimus,
1085 2309 1158 2366 solus
1173 2310 1250 2366 sedet
1264 2310 1326 2382 quia
1341 2310 1392 2366 Dei
1405 2311 1619 2369 comminatione
1635 2314 1765 2385 repletus
1787 2325 1825 2372 est

170 2410 239 2482 (ier.
255 2410 315 2481 xv),
333 2423 451 2480 poscens
475 2406 555 2462 etiam
574 2405 633 2460 dari
647 2420 745 2476 aquam
760 2404 842 2475 capiti
861 2419 919 2469 suo,
936 2412 963 2460 et
977 2406 1063 2463 oculis
1086 2409 1142 2463 suis
1158 2408 1260 2464 iontem
1287 2409 1479 2480 lacrymarum,
1494 2417 1522 2465 ut
1545 2410 1642 2483 lugeat
1670 2413 1827 2473 interfectos

169 2506 263 2579 populi
277 2505 338 2572 sui,
354 2504 442 2561 locum
457 2518 573 2576 quoque,
590 2501 636 2557 ubi
651 2517 681 2557 se
696 2509 751 2557 tam
762 2509 856 2557 sancto
871 2501 957 2573 possit
969 2502 997 2558 in
1012 2519 1094 2574 opere
1108 2504 1221 2561 liberius
1237 2521 1375 2572 exercere,
1391 2506 1510 2578 postulat
1523 2506 1622 2563 diceus
1639 2527 1646 2565 :
1667 2512 1741 2580 Quis
1755 2514 1826 2569 dabit

854 2616 1139 2676 COMMENTARIUS.

206 2708 287 2762 Num.
304 2709 331 2760 3.
343 2706 483 2759 Potamos
494 2704 648 2774 petasatum
658 2716 810 2756 numerum
822 2704 968 2757 bominum
983 2704 1065 2766 Aubi
1081 2719 1142 2760 curn
1157 2719 1259 2775 magna
1272 2703 1356 2760 animi
1371 2704 1557 2761 consolatione
1571 2704 1631 2778 legi
1646 2715 1776 2777 possunt.

172 2795 218 2851 lte'c
235 2796 326 2850 vivere
351 2807 440 2864 posse,
465 2792 490 2845 si
506 2793 613 2856 tomen,
630 2795 682 2844 etc.
699 2788 892 2844 llicbabemus
907 2789 967 2860 pul·
1055 2791 1124 2848 Cen.
1148 2791 1259 2850 LXXX.
1289 2824 1324 2834 -
1351 2794 1434 2849 Num.
1463 2798 1488 2849 l.
1509 2795 1600 2850 Multo
1620 2800 1696 2851 sunt
1711 2798 1780 2854 eilia
1799 2801 1823 2854 et

172 2882 335 2940 cherrimam
345 2879 499 2944 lectionem,
510 2893 591 2949 quarn
603 2876 704 2948 ubique
719 2876 748 2931 in
762 2877 889 2931 domibus
904 2893 968 2933 nos·
1018 2883 1142 2947 minata,
1163 2888 1216 2937 etc.
1232 2882 1272 2937 De
1287 2881 1340 2937 illis
1354 2882 1410 2938 vult
1421 2882 1495 2955 loqui
1508 2898 1568 2954 quae
1584 2883 1662 2940 circa
1678 2884 1772 2942 officia
1785 2902 1824 2941 su·

170 2972 220 3026 tris
236 2970 366 3040 scriptam
381 2968 475 3040 legere
503 2974 530 3021 ct
552 2973 614 3020 ante
642 2964 736 3021 oculos
766 2964 867 3021 habere
882 2967 969 3023 debe·
1019 2969 1085 3024 toris
1099 2977 1126 3025 et
1140 2969 1263 3041 pistoris,
1280 2969 1314 3026 de
1330 2970 1575 3040 bruchislratrum,
1592 2972 1621 3027 id
1637 2981 1683 3028 est
1706 2973 1823 3030 femora·

171 3077 252 3128 mus;
268 3076 302 3116 ex
316 3072 371 3130 qua
387 3056 503 3113 lectione
514 3055 652 3111 discernas
664 3070 778 3126 quanam
789 3055 895 3110 ratione
909 3054 969 3111 lieri
1019 3057 1100 3125 libus,
1116 3066 1142 3114 et
1166 3058 1299 3113 similibus
1314 3059 1390 3126 dixit,
1407 3067 1459 3115 etc.
1475 3059 1554 3116 Natat
1574 3060 1727 3131 judicare,
1744 3061 1822 3118 idest

171 3149 258 3222 possit
271 3155 302 3204 ut
316 3164 349 3203 ex
364 3145 460 3217 paucis
475 3144 606 3200 reditibus
618 3143 703 3198 multa
731 3143 873 3209 iaciamus,
889 3152 982 3215 prout,
1020 3147 1086 3202 nibil
1106 3147 1276 3215 discernere,
1301 3148 1351 3204 sed
1379 3147 1617 3204 indiscriminatim
1632 3158 1738 3209 cuncta
1752 3167 1821 3210 eom·

171 3240 199 3295 in
215 3236 307 3292 multis
320 3234 447 3290 domibus
462 3233 566 3289 ordinis
576 3232 700 3289 videmus
715 3240 742 3287 at
755 3231 895 3301 miramur,
912 3248 970 3289 ma·
1020 3236 1112 3306 plecti,
1129 3252 1189 3307 quae
1203 3236 1293 3306 optari
1307 3251 1324 3291 a
1337 3236 1416 3293 vobis
1425 3236 1621 3293 credebamus.

173 3327 245 3383 xime
259 3324 350 3381 inillis
369 3339 430 3395 quae
444 3338 459 3377 a
474 3337 608 3378 concursu
618 3321 758 3376 hominurn
772 3328 882 3377 remotae
897 3329 968 3376 sunt.
1056 3325 1137 3380 Num.
1152 3328 1180 3382 ιι.
1196 3326 1256 3382 Non
1272 3329 1368 3381 tomen
1386 3326 1430 3380 ito
1443 3327 1551 3394 omnio,
1578 3334 1634 3382 etc.
1651 3327 1686 3383 Id
1711 3327 1823 3386 refertur

172 3417 262 3473 Unum
288 3428 339 3485 pro
366 3411 492 3483 pluribus
520 3411 674 3481 exemplum
701 3410 767 3464 mibi
792 3410 837 3466 hic
865 3409 971 3466 referre
1021 3413 1056 3468 ad
1071 3428 1104 3469 ea
1119 3429 1180 3484 quae
1194 3413 1322 3480 diximus,
1339 3413 1482 3469 illuminon
1504 3414 1824 3474 enucleateomuiasus·

174 3502 297 3560 sufficiat.
314 3502 417 3557 Domus
432 3500 557 3572 quaedam
566 3499 722 3554 monialium
741 3499 971 3570 lrabetsexaginta
1021 3502 1128 3573 cepisse
1156 3501 1332 3573 proferenda,
1353 3502 1403 3557 sed
1431 3517 1464 3558 εο
1493 3502 1575 3558 mode
1604 3504 1652 3576 qui
1679 3504 1823 3573 sufficeret,

174 3590 284 3649 circiter
298 3604 433 3662 personas
456 3588 571 3654 ordinis,
588 3587 685 3659 quibus
700 3587 724 3642 si
746 3587 860 3642 addatur
873 3603 971 3643 nume·
1018 3591 1095 3660 juxta
1111 3590 1182 3646 illud
1206 3590 1366 3646 Proverbii:
1383 3591 1563 3663 lotellipenti
1575 3607 1684 3663 pauco.

174 3697 219 3736 ms
235 3679 397 3734 famulorum
409 3684 437 3732 et
459 3676 690 3732 mercenariorum
708 3676 744 3732 ad
760 3675 800 3730 rei
814 3676 972 3731 domestica
1057 3680 1139 3735 Num.
1156 3683 1182 3734 3.
1206 3680 1245 3736 ite
1265 3679 1511 3737 commendatione
1525 3683 1624 3737 aulem
1640 3682 1730 3754 bajas
1750 3685 1821 3750 uita,

175 3767 438 3824 administrationem
460 3765 689 3830 necessariorum,
705 3780 835 3820 numerus
858 3765 910 3820 iste
936 3765 972 3820 ad
1022 3775 1074 3824 etc.
1086 3768 1118 3824 ld
1133 3767 1272 3824 relationis
1285 3766 1368 3822 babet
1383 3782 1444 3823 cum
1464 3767 1549 3824 sacris
1559 3767 1711 3840 Scripturis
1725 3772 1824 3828 istavi-

176 3854 350 3928 septuaginta
360 3862 386 3909 at
399 3851 515 3924 amplius
524 3853 694 3909 extendetur.
710 3854 812 3907 Domus
821 3859 911 3908 autam
921 3853 972 3909 ista
1023 3865 1056 3911 tae
1076 3856 1204 3913 solitariae
1232 3856 1441 3926 commendatio,
1464 3863 1492 3911 ut
1519 3856 1627 3928 quoties
1641 3846 1764 3933 legatur,
1779 3876 1824 3917 ua

176 3960 224 4000 sex
247 3942 321 3998 milla
344 3941 430 3996 libras
458 3941 539 3996 annui
554 3942 658 3997 reditus
671 3942 714 3996 vix
744 3941 834 4005 lrabct,
855 3942 925 3997 ultra
939 3958 972 3997 aa
1023 3962 1086 4001 vum
1101 3960 1209 4016 semper
1225 3944 1363 4000 suavitatis
1378 3951 1487 4016 gustum
1502 3944 1529 3999 in
1543 3944 1768 4018 animalegentis
1781 3965 1825 4005 er·

177 4047 238 4104 quae
254 4031 305 4086 eibi
319 4030 355 4087 ad
371 4044 449 4086 usum
463 4029 605 4100 proprium
634 4046 667 4085 ex
696 4031 848 4086 oeconomia
863 4031 1095 4127 agrarichitet,
1113 4033 1235 4105 quamvis
1249 4031 1323 4087 illam
1337 4032 1623 4104 centiesjamlegerit.
1640 4033 1683 4089 lbi
1699 4036 1773 4092 enim
1786 4052 1825 4092 re·

175 4121 299 4178 assumit.
325 4119 393 4188 Quis
417 4118 543 4175 crederet
557 4133 620 4174 esse
646 4119 776 4190 possibile
792 4127 820 4174 ut
837 4135 897 4175 curn
919 4127 973 4175 tam
1023 4122 1127 4193 peritur
1141 4122 1264 4192 quaedam
1279 4120 1341 4191 styli
1356 4120 1485 4187 suavitas,
1502 4138 1563 4193 quae
1573 4122 1694 4179 sinceris
1703 4133 1731 4181 ει
1746 4125 1824 4182 velati

176 4209 267 4282 parvis
275 4208 407 4264 reditibus
418 4214 473 4262 tam
487 4207 577 4277 ampla
587 4207 690 4262 iamilia
699 4215 792 4279 posset
800 4208 949 4263 subsistere
960 4209 974 4263 ‘t
1023 4208 1193 4266 naturalibus
1200 4209 1370 4282 argumentis
1381 4217 1407 4264 et
1416 4210 1505 4265 modis
1516 4209 1651 4266 rationem
1660 4212 1750 4284 ipsam
1757 4231 1824 4286 prae·

176 4301 302 4355 Attamen
317 4313 361 4352 res
376 4297 527 4352 certissime
541 4296 576 4352 ita
591 4312 621 4352 se
637 4296 728 4352 babet.
743 4297 858 4352 Centum
878 4297 974 4352 domos
1023 4299 1096 4354 venit
1112 4306 1138 4354 et
1152 4298 1297 4366 convincit,
1318 4313 1351 4354 ac
1371 4297 1480 4353 tandem
1497 4297 1617 4354 suaviter
1631 4300 1747 4372 rapiens
1760 4318 1823 4374 pro-

176 4386 279 4442 ordinis
292 4386 320 4440 in
334 4385 453 4440 medium
470 4383 570 4440 afferre
584 4400 705 4456 possem,
724 4385 823 4456 quibus
839 4386 912 4441 idem
927 4401 973 4440 ex·
1024 4387 1151 4442 nuntiare
1166 4385 1314 4457 compellit,
1335 4386 1424 4441 virum
1442 4393 1514 4442 certe
1528 4385 1613 4443 iuissc
1640 4388 1747 4461 Spiritu
1762 4407 1824 4445 sau-

175 4474 326 4546 parimento
340 4473 473 4544 probatur
489 4489 495 4527 ι
511 4481 537 4528 ει
564 4473 627 4529 inde
656 4474 772 4545 gaudeo,
789 4475 837 4528 sed
863 4482 888 4528 et
902 4489 973 4546 gau·
1023 4483 1067 4531 eto
1081 4473 1198 4529 afflatum
1217 4474 1263 4546 qui
1286 4474 1338 4529 ista
1366 4473 1484 4545 scripsit,
1511 4474 1553 4530 cui
1582 4475 1731 4548 Scriptura
1754 4478 1824 4534 velut

176 4562 257 4618 dabo.
273 4562 377 4631 ltlajora
392 4577 475 4617 onera
500 4562 643 4617 domorum
658 4561 763 4617 ordinis
778 4569 809 4616 ut
826 4561 973 4632 plurimum
1023 4579 1072 4635 pro
1087 4563 1179 4634 lingua
1193 4570 1317 4618 materna
1341 4570 1425 4630 erant,
1439 4563 1539 4634 quique
1566 4563 1595 4618 in
1620 4565 1743 4622 caelestis
1757 4566 1822 4624 scri-

167 4660 231 4707 'non
245 4651 281 4705 ab
297 4650 445 4706 intrinseco
470 4650 594 4706 oriuntur
621 4651 697 4722 (nam
712 4665 774 4706 cum
790 4666 835 4706 res
849 4650 973 4707 ordinate
1023 4652 1061 4708 nii
1076 4658 1226 4706 atramento
1241 4652 1374 4707 calamum
1385 4651 1543 4723 intingebat.
1556 4652 1670 4708 Certum
1682 4663 1723 4710 est
1738 4664 1824 4712 autem

176 4747 203 4796 ot
217 4739 347 4812 religiose
375 4737 451 4808 fiunt,
477 4738 522 4794 vix
552 4738 663 4793 credere
690 4745 805 4808 possent
828 4738 973 4794 saeculares
1024 4739 1095 4812 quod
1110 4740 1144 4795 de
1160 4739 1305 4795 solitudine
1330 4739 1443 4810 physica
1457 4739 1501 4796 hic
1515 4747 1591 4812 agat,
1607 4740 1635 4795 id
1651 4749 1695 4798 est
1710 4743 1746 4799 de
1760 4743 1822 4800 sali-

175 4844 255 4901 quam
270 4827 353 4882 multa
368 4825 432 4880 liant
446 4843 478 4882 ex
493 4826 610 4898 paucis),
627 4827 676 4882 sed
691 4827 726 4881 ab
741 4827 892 4883 extrinseco
906 4843 973 4882 nas·
1024 4829 1116 4884 tudine
1130 4828 1176 4883 illa
1192 4845 1253 4900 quae
1267 4828 1480 4884 verebaminem
1504 4828 1628 4896 solum,a
1644 4831 1730 4887 sociis
1746 4848 1823 4904 sepa-

175 4925 288 4981 cuntur3
304 4932 318 4970 a
334 4931 469 4971 concursu
499 4931 597 4985 nempe
613 4915 868 4986 expensarumlerc
885 4916 973 4974 inevi-
1024 4925 1122 4982 ratum,
1152 4933 1214 4971 eum
1244 4916 1302 4972 solo
1326 4917 1384 4973 Deo
1412 4916 1571 4971 existentem
1596 4916 1689 4985 afficit,
1705 4919 1823 4992 nihilque

175 5004 307 5070 labilium,
325 5019 392 5075 quas
421 5012 584 5074 temporum,
611 5003 744 5070 locorum,
761 5005 931 5078 negotiorum
947 5012 974 5061 at
1023 5020 1138 5076 prorsus
1153 5004 1225 5060 dicat
1239 5005 1313 5076 quod
1329 5003 1375 5060 alii
1390 5004 1544 5059 solitudinis
1559 5004 1663 5075 speciei
1678 5007 1823 5065 ullomodo

175 5106 353 5162 personarum
368 5100 539 5146 externarum
554 5090 658 5149 ratione
673 5092 765 5148 iacere
778 5101 922 5164 coguntur.
938 5093 973 5148 Et
1024 5093 1170 5149 convenire
1185 5094 1280 5163 possit.
1296 5094 1351 5148 Res
1370 5092 1407 5147 ita
1423 5109 1473 5164 per
1488 5108 1517 5148 se
1531 5093 1645 5148 evidens
1665 5105 1719 5162 est,
1736 5104 1765 5153 ut
1780 5114 1824 5151 su·

175 5179 239 5234 inde
250 5178 279 5234 fit
294 5188 322 5234 ut
336 5180 510 5250 paucissimae
525 5181 698 5251 reperiantur
713 5197 772 5253 qum
786 5181 858 5235 intra
877 5181 973 5238 decern
1023 5181 1157 5253 perlluum
1169 5182 1323 5250 judicamus
1346 5180 1390 5237 lric
1418 5197 1467 5252 per
1495 5180 1600 5252 aliquas
1622 5181 1733 5254 glossas
1748 5185 1824 5256 hujus

175 5283 261 5323 annos
272 5276 384 5338 possent
399 5268 571 5323 accumulare
583 5269 653 5324 unde
671 5284 724 5324 uno
739 5284 810 5324 anno
826 5269 974 5326 subsistere
1024 5270 1063 5326 rei
1080 5271 1221 5326 veritatem
1231 5270 1357 5340 probare.

172 5366 296 5429 possent,
314 5356 337 5411 si
353 5356 457 5411 reditus
482 5372 588 5411 annuus
613 5356 733 5412 totaliter
748 5356 887 5413 deiiceret.
1042 5358 1122 5413 Num.
1132 5361 1158 5414 7.
1168 5359 1268 5414 Omnia
1274 5374 1345 5430 pene
1352 5374 1412 5430 cteta
1426 5359 1456 5413 in
1465 5357 1517 5414 lroc
1525 5361 1626 5414 nostro
1639 5360 1825 5418 institutione

211 5446 295 5501 Poma
315 5445 410 5501 eadem
423 5460 483 5516 quae
499 5445 542 5501 hic
571 5446 637 5502 dicit
650 5446 683 5500 R.
713 5445 794 5502 Pater
815 5445 906 5519 Guigo
920 5462 975 5502 nou
990 5419 1101 5514 Orant,
1113 5448 1230 5519 optimo,
1248 5448 1341 5518 quiete
1353 5449 1381 5502 et
1397 5446 1562 5515 solitudine,
1573 5447 1692 5505 silentio
1702 5453 1732 5505 et
1742 5466 1825 5523 supe-

173 5540 280 5589 tautum
297 5532 452 5589 reseruntur
464 5532 620 5607 inantiquis
630 5533 747 5602 statutis,
763 5551 790 5606 p.
804 5549 832 5602 n,
849 5548 911 5606 cap.
924 5538 969 5603 25,
1021 5537 1132 5593 riorum
1145 5536 1335 5608 appetitione,
1355 5541 1408 5590 etc.
1433 5534 1484 5591 Hic
1512 5533 1674 5592 brevissime
1702 5546 1827 5596 recenset

174 5635 249 5678 nuru.
267 5623 293 5676 5.
313 5620 362 5676 sed
374 5620 455 5679 etiarn
466 5620 547 5679 latius
557 5637 689 5694 expressa
703 5630 766 5679 sunt
780 5623 808 5678 in
821 5623 971 5695 modernis,
1022 5622 1160 5696 piissimus
1175 5622 1292 5695 scriptor
1315 5623 1377 5680 vitae
1395 5621 1583 5680 carthusianae
1599 5622 1753 5698 principia,
1769 5643 1826 5700 que
