3742 5986
168 214 217 268 85l
596 208 766 269 GUlGONlS
786 209 809 265 ll
828 206 1033 266 CARTHUSIAE
1051 207 1199 266 timolus
1218 208 1367 267 emotus.
1770 215 1821 269 852

171 352 226 409 quo
240 352 301 393 esse
316 337 410 395 debes.
426 338 502 393 Tune
516 344 581 394 tunc
595 337 670 392 solus
684 352 724 402 es,
741 351 804 392 cum
817 335 845 391 iu
859 335 1004 395 intemoh
1017 334 1081 406 quia
1099 333 1232 391 foramina
1259 350 1310 391 sua
1332 335 1360 390 in
1388 335 1433 394 die
1462 350 1516 408 qua
1535 334 1663 393 conditus
1688 342 1735 392 est
1756 333 1820 392 dicit

171 442 247 497 purae
271 435 298 481 et
320 427 452 483 defecatae
480 426 580 482 mentis
602 432 656 481 tuae
682 424 808 481 cubiculo
835 424 966 489 inclusus,
1018 430 1181 494 praeparata,
1198 422 1262 495 quia
1284 423 1424 480 charitatis
1451 423 1561 496 quidem
1582 437 1670 496 capax
1687 422 1759 490 fuit;
1775 423 1822 480 sed

170 509 265 566 clauso
280 509 350 566 ostio
365 509 457 567 cordis
480 518 577 566 contra
590 509 719 564 universa
733 507 847 575 inutilia,
868 522 930 563 oras
940 507 969 561 in
1017 526 1158 582 nunquam
1173 511 1292 583 impleta,
1314 512 1378 584 quia
1392 512 1549 568 charitatem
1562 511 1676 584 capiens
1688 527 1749 568 non
1762 511 1818 567 fuit.

172 598 267 669 spiritu
283 599 392 654 Patrem
408 606 482 653 tuum
497 599 511 652 f
527 598 642 654 Solusne
656 605 718 653 tunc
728 613 768 665 es,
785 613 847 652 cum
862 596 891 651 in
900 595 968 666 ipsis
1017 599 1136 670 Exponit
1154 616 1272 672 namque
1294 601 1347 657 hoc
1369 601 1451 657 modo
1478 601 1538 658 haec
1566 601 1652 658 rerba
1666 600 1818 672 prophetie

172 686 287 742 internis
311 687 394 742 animi
409 687 457 754 tui,
484 685 646 758 quibusdam
664 685 776 741 maturis
803 692 830 740 et
852 683 967 756 integris
1018 687 1105 760 [Por.,
1122 688 1272 760 prophetae}
1288 689 1382 745 beatus
1392 688 1541 763 Gregorius
1554 688 1582 744 in
1591 689 1665 745 libro
1673 688 1819 745 Moralium

170 774 324 831 intellectus
339 775 480 842 luminosi,
502 783 529 829 et
546 774 658 829 affectus
686 772 811 830 succensi
829 772 966 845 passibus,
1017 776 1160 848 trigesimo
1173 777 1295 833 secundo
1309 777 1381 849 (cap.
1400 777 1445 849 ta)
1460 796 1491 832 :u
1509 780 1621 845 Aurum,
1633 776 1738 850 inquit,
1753 793 1819 848 opus

172 862 289 919 exclusis
303 878 318 917 a
333 871 359 918 te
381 864 446 918 hora
475 863 572 918 eadem
595 861 730 918 universis
759 859 968 932 cogitationibus
1018 865 1076 933 ejus
1091 865 1201 935 exstitit,
1218 864 1281 937 quia
1295 865 1437 938 sapientiae
1447 865 1569 922 claritate
1583 865 1709 933 canduit,
1740 881 1818 939 qnam

170 951 276 1007 levibus
290 957 316 1007 et
330 951 435 1018 otiosis,
459 950 564 1006 lucidas
588 958 614 1006 et
629 950 826 1021 pulcherrimas
855 964 967 1020 peram·
1018 952 1088 1008 bene
1103 961 1210 1009 oreatus
1227 954 1342 1026 accepit.
1358 954 1506 1010 Foramina
1519 970 1586 1011 vero
1605 953 1716 1011 idcirco
1731 954 1761 1010 in
1783 954 1819 1009 la·

171 1038 248 1094 bulas
264 1047 290 1094 et
316 1039 443 1096 circumis
467 1038 623 1094 mansiones
647 1038 790 1110 spirituum
813 1038 966 1102 beatomm‚
1017 1041 1126 1113 pidibus
1141 1040 1217 1109 liunt,
1233 1049 1263 1097 ut
1281 1042 1410 1099 vinculati
1423 1058 1503 1111 auro,
1526 1043 1554 1097 in
1567 1043 1731 1099 ornamenti
1746 1058 1819 1100 com-

171 1127 256 1199 quiin
273 1127 350 1183 coelis
364 1143 473 1199 semper
487 1126 687 1183 videntfaciem
698 1126 786 1182 Patris
801 1124 967 1194 ‘lQuomodo
1017 1130 1151 1201 positione
1168 1130 1339 1204 jungantur;
1354 1139 1384 1187 ut
1410 1146 1585 1203 nequaquam
1599 1147 1616 1186 a
1631 1147 1662 1188 se
1685 1131 1820 1186 dissident

170 1223 235 1271 tunc
250 1216 326 1271 solus
336 1231 377 1288 es,
401 1232 462 1272 cum
476 1216 504 1271 in
534 1215 650 1270 dilatatis
672 1223 699 1270 et
720 1212 879 1286 purificatis,
899 1221 926 1269 et
939 1213 967 1268 in
1018 1217 1106 1291 [Por.‚
1131 1217 1284 1292 discedant]
1305 1235 1374 1292 quoa
1401 1218 1562 1275 interfusum
1579 1235 1680 1276 aurum
1709 1220 1818 1292 repletis

170 1303 261 1377 longis
282 1305 419 1376 pretoriis
445 1304 554 1375 spiritus
579 1304 626 1370 tui,
649 1304 677 1358 in
700 1302 802 1358 lumine
817 1310 843 1358 et
866 1302 967 1358 ardore
1016 1304 1195 1362 foraminibus
1207 1307 1282 1380 ligat.
1297 1308 1383 1377 Hujus
1405 1323 1473 1380 ergo
1485 1308 1584 1379 lapidis
1608 1308 1637 1363 in
1650 1308 1701 1365 die
1724 1308 1816 1364 condi-

170 1408 282 1466 magno,
298 1408 353 1449 non
367 1393 471 1465 absque
482 1391 582 1465 gaudio
596 1391 725 1446 ineffabili
738 1398 765 1446 et
775 1390 966 1460 exsultatione,
1017 1395 1097 1451 tionis
1113 1411 1169 1450 suae
1190 1395 1321 1451 foramina
1336 1404 1489 1469 praeparata
1507 1404 1579 1468 sunt,
1596 1397 1663 1468 quia
1695 1396 1819 1454 videlicet

170 1480 303 1539 discurris
317 1497 368 1552 per
389 1496 492 1537 cuneos
522 1479 748 1552 patriarcharum,
770 1495 820 1550 per
849 1477 967 1551 collegia
1017 1498 1103 1556 capax
1116 1483 1256 1540 eharitatis
1267 1492 1309 1542 est
1319 1485 1445 1541 conditus
1457 1503 1464 1540 ι
1476 1484 1538 1558 quia
1552 1485 1575 1541 si
1592 1485 1703 1557 repleri
1717 1486 1817 1543 voluis-

168 1571 373 1643 prophetarum,
389 1586 438 1640 per
452 1575 577 1624 senatum
592 1569 787 1640 apostolorum,
815 1583 866 1638 per
879 1567 965 1623 deco·
1017 1580 1068 1640 set,
1099 1571 1234 1630 stantibus
1263 1573 1384 1645 angelis,
1410 1581 1539 1646 tanquam
1564 1573 1664 1646 positis
1693 1573 1726 1630 in
1748 1574 1817 1648 regis

170 1673 215 1714 ras
229 1674 307 1715 rosas
321 1658 481 1730 martyrum,
496 1674 548 1730 per
561 1657 698 1713 formosas
718 1657 803 1713 violas
821 1655 1001 1751 confesso-B
1017 1665 1175 1714 ornamento
1203 1657 1340 1729 lapidibus
1363 1659 1496 1730 potuisset
1522 1658 1670 1715 inherere.
1699 1658 1731 1716 Si
1753 1658 1819 1715 enim

168 1763 240 1815 rura,
256 1764 305 1819 per
321 1762 430 1804 amoena
444 1755 471 1803 et
494 1762 577 1803 suave
598 1746 698 1802 olentia
725 1745 782 1801 lilia
808 1744 965 1819 virginum?
1016 1745 1155 1803 charitatis
1169 1761 1237 1803 auro
1251 1762 1313 1803 sese
1328 1746 1525 1818 penetrabilem
1551 1747 1736 1819 praebuisset,
1760 1761 1818 1804 san·

169 1837 259 1906 Quam
267 1837 366 1892 bonum
383 1844 423 1892 est
438 1836 482 1892 hic
496 1843 524 1894 te
534 1835 701 1908 essetquam
710 1835 789 1891 dulce
799 1843 840 1891 est
850 1843 965 1891 etsnave
1015 1834 1066 1891 ctis
1093 1835 1199 1907 angelis
1227 1834 1356 1905 sociatus,
1386 1836 1415 1891 in
1440 1843 1604 1893 ornamento
1624 1835 1666 1909 (ut
1691 1836 1816 1906 diximm

165 1924 295 1982 formosae
308 1934 336 1982 et
349 1925 482 1996 speciosae
497 1925 639 1993 columbae,
653 1932 680 1979 et
694 1924 793 1979 animae
808 1923 965 1994 (cujushaec
1014 1924 1091 1998 regio
1100 1923 1199 1995 lapidis
1215 1923 1284 1979 fixus
1301 1932 1433 1981 maneret.
1454 1924 1555 1980 Habuit
1574 1940 1645 1998 ergo
1673 1925 1749 1997 lapis
1771 1924 1816 1980 iste

166 2030 220 2071 vor
239 2021 281 2070 est
297 2031 303 2068 :
320 2016 446 2071 Dilectus
461 2030 541 2070 metas
559 2012 641 2080 mibi,
658 2016 687 2069 et
698 2028 745 2085 epo
760 2013 912 2082 ittttdont.
933 2027 962 2079 ιι,
1013 2012 1157 2079 foramina,
1175 2012 1224 2068 sed
1234 2029 1284 2084 per
1300 2012 1436 2085 superbire
1462 2013 1567 2080 vitium,
1588 2013 1739 2071 charitatis
1753 2028 1816 2069 auro

167 2103 573 2174 16):sedetista:Vttlocroto
588 2102 729 2159 charitate
744 2100 962 2173 egoaam(lbt'd.,
1014 2117 1068 2156 non
1083 2110 1146 2156 sunt
1165 2101 1279 2173 repleta.
1309 2103 1380 2158 Nam
1396 2102 1459 2174 quia
1486 2101 1572 2159 idciro
1601 2103 1731 2177 ligantur
1753 2117 1815 2158 auro

165 2195 203 2266 s),
213 2195 284 2250 inter
298 2193 421 2262 ejusdem
435 2190 528 2247 dilecti
535 2191 631 2246 laevam
642 2198 668 2244 at
678 2189 816 2245 dexteram
825 2189 964 2245 dormire?
1013 2206 1047 2246 ne
1063 2190 1163 2246 cadant
1178 2208 1185 2257 ;
1201 2190 1362 2247 idcircoiste
1383 2190 1492 2258 cecidit,
1510 2191 1573 2264 quia
1588 2191 1672 2247 etiam
1695 2190 1816 2264 perfora·

165 2283 211 2339 nbi
222 2297 255 2338 eo
269 2280 392 2339 securius
411 2287 518 2352 pausat,
535 2294 590 2351 quo
605 2278 747 2335 sollicitius
756 2285 783 2334 et
806 2277 963 2349 diligentius
1012 2285 1056 2333 tus
1077 2295 1159 2333 manu
1174 2277 1296 2346 artificis,
1320 2279 1424 2335 amoris
1448 2279 1563 2337 vinculis
1577 2279 1664 2351 ligari
1693 2288 1814 2338 contem·

164 2370 297 2444 proillius
312 2369 403 2441 quiete
418 2368 477 2440 ipse
491 2368 677 2436 vehementer,
693 2367 753 2439 ipsa
765 2367 858 2423 zelans
882 2381 962 2422 omne
1011 2366 1078 2438 psit.
1097 2368 1176 2423 Nunc
1191 2375 1281 2423 autem
1297 2367 1390 2424 caeteri
1412 2367 1527 2440 lapides,
1543 2367 1590 2440 qui
1615 2367 1745 2425 similiter
1759 2369 1816 2425 fue·

163 2460 237 2534 quod
251 2461 324 2516 hunc
337 2458 450 2531 vigilem
471 2458 530 2527 ejna
553 2472 682 2528 soporem
701 2456 812 2512 turbare
839 2454 920 2521 valet,
936 2463 963 2511 et
1012 2464 1073 2512 rant
1087 2456 1229 2528 perforati,
1252 2463 1414 2528 penetrante
1437 2472 1468 2512 se
1495 2456 1615 2514 invicem
1628 2457 1767 2515 charitate
1782 2457 1815 2513 li-

164 2549 327 2615 diminuere,
338 2562 369 2604 ac
383 2546 526 2619 impedire,
538 2545 634 2618 procul
647 2545 779 2618 repellere
795 2560 850 2601 non
859 2551 960 2600 cessat.
1011 2545 1068 2616 gati
1084 2552 1157 2613 sunt,
1186 2553 1268 2617 atque
1292 2546 1345 2603 hoc
1359 2545 1388 2600 in
1410 2561 1525 2612 munere
1535 2545 1589 2602 isto
1613 2546 1735 2604 cadente
1762 2562 1815 2602 me-

164 2639 288 2711 Denique
304 2653 366 2694 cum
380 2635 549 2706 adjuratione
571 2635 685 2707 quadarn
711 2633 864 2689 admirabili
891 2633 961 2688 aflo-
1012 2641 1134 2702 merant,
1158 2642 1187 2688 ut
1211 2649 1385 2707 nequaquam
1404 2633 1462 2704 jam
1480 2635 1514 2691 de
1542 2642 1710 2692 ornamento
1742 2635 1815 2709 regio

165 2725 335 2800 quitursrllas
349 2724 516 2781 Jerusalem:
528 2724 567 2781 Nc
582 2723 735 2789 suscitetis,
748 2722 793 2790 ait,
805 2738 895 2795 acque
905 2723 961 2779 avi·
1011 2722 1133 2780 cadendo
1148 2723 1297 2780 solvantur.
1316 2743 1327 2774 s
1346 2724 1411 2780 Haec
1421 2724 1517 2779 beatus
1539 2722 1708 2797 Gregorius,
1724 2731 1751 2781 et
1768 2725 1816 2781 hoe

160 2813 706 2893 pitorcsociotirditectom,donecipro
720 2811 892 2881 velit(Cont.
919 2827 958 2880 ru,
1010 2811 1092 2868 modo
1106 2812 1387 2869 dehis.Haecautem
1402 2811 1556 2884 quatuorin
1570 2812 1632 2885 ipsa
1661 2828 1716 2869 sua
1737 2828 1814 2870 crea·

162 2907 201 2978 tt).
227 2906 263 2963 Et
276 2918 358 2973 nunc,
377 2901 554 2959 dilectissime
582 2900 676 2970 nobis,
693 2907 722 2954 tu
737 2899 782 2972 qul
797 2898 961 2957 inhabitator
1010 2900 1099 2967 tione,
1129 2900 1221 2974 angeli
1250 2901 1404 2973 suscepisse
1432 2899 1604 2958 ereduntur:
1633 2901 1815 2959 substantiam

162 2996 238 3053 celim
249 3011 289 3065 es,
306 2994 374 3049 dans
385 2992 413 3048 in
428 2999 558 3064 quantun.
572 2999 660 3062 potes,
673 2988 837 3045 transitoriis
852 2997 960 3062 tergum
1010 2989 1136 3047 videlicet
1150 2989 1301 3063 simplicem
1323 2998 1350 3046 et
1365 2989 1573 3047 immaterialem
1589 3007 1597 3059 3
1619 2989 1813 3048 discretionem

162 3084 280 3142 terrenis
295 3091 322 3140 et
334 3081 444 3148 infimis,
457 3080 553 3138 faciem
563 3095 630 3136 vero
644 3078 826 3150 sempitemis‚
838 3078 959 3134 coelesti·
975 3051 999 3112 0
1012 3079 1186 3151 personalem
1214 3078 1362 3151 sapientie,
1386 3087 1413 3136 et
1427 3077 1614 3152 intelligentiae
1642 3079 1770 3137 veritatis
1785 3093 1815 3135 ac

161 3173 213 3230 bus
228 3181 254 3230 et
269 3171 404 3244 supernis,
421 3170 497 3243 erige
511 3169 603 3226 cordis
617 3167 655 3223 tui
664 3167 857 3240 cogitationem
881 3167 914 3221 ad
929 3182 962 3223 ea
1012 3167 1141 3224 bonitatis
1152 3167 1250 3225 divinae
1266 3187 1273 3234 3
1289 3167 1407 3224 formam
1428 3165 1628 3236 rationabilem,
1650 3175 1680 3225 et
1703 3167 1813 3226 liberta-

163 3262 274 3336 quade
295 3259 435 3333 spiritibus
455 3259 509 3314 illis
536 3257 694 3314 coelestibus
722 3256 862 3313 sentienda
878 3264 905 3312 et
920 3264 962 3314 te·
1012 3263 1068 3312 tem
1083 3256 1197 3325 arbitrii,
1213 3256 1306 3324 idest,
1323 3255 1482 3313 facultatem
1502 3256 1635 3313 bonomo
1650 3257 1736 3314 malo
1756 3257 1811 3313 dis-

164 3351 255 3407 nenda
269 3356 341 3407 sunt.
356 3350 397 3405 De
407 3364 462 3404 nou
476 3364 548 3415 esse,
561 3346 596 3403 ad
610 3362 672 3402 esse
684 3345 792 3402 volente
806 3346 864 3401 Deo
878 3344 957 3418 [Por.
1013 3345 1152 3413 cernendi,
1169 3354 1194 3402 et
1205 3345 1233 3401 in
1255 3345 1417 3421 alterutrum
1443 3361 1494 3417 per
1522 3344 1688 3402 electionem
1706 3362 1737 3404 se
1765 3345 1814 3402 fle·

164 3438 221 3513 illo]
236 3438 421 3510 omnipotente
436 3436 716 3493 universaecreaturae
729 3433 875 3490 Conditore
899 3449 964 3505 pro.
1013 3434 1114 3491 utendi.
1132 3434 1196 3490 ideo
1215 3433 1368 3506 simphcem
1396 3441 1423 3490 et
1448 3433 1662 3492 immaterialem
1688 3435 1813 3491 substau-

165 3524 282 3581 dierunt.
297 3524 359 3580 Non
369 3522 443 3579 enim
453 3523 512 3577 Deo
526 3519 655 3577 coaeterni
670 3526 742 3586 sunt,
755 3519 829 3575 siout
843 3533 894 3575 noc
914 3534 963 3574 co·
1014 3523 1088 3590 tiam,
1099 3523 1163 3595 quia
1175 3539 1208 3578 ex
1223 3522 1298 3578 nulla
1325 3522 1484 3581 diversitate
1505 3522 1622 3595 partium
1647 3523 1810 3579 subsistunt.

165 3613 294 3686 aequales,
311 3628 363 3669 nec
377 3609 621 3669 consubstantiales
634 3607 713 3681 :quia
727 3608 790 3665 licet
800 3608 879 3664 valde
893 3623 964 3680 prae-
1013 3613 1054 3669 Ex
1065 3613 1182 3684 partium
1197 3612 1278 3668 etiam
1293 3611 1500 3684 compositione,
1515 3611 1564 3669 sed
1579 3610 1685 3669 nullius
1708 3612 1815 3669 dimen-

166 3703 247 3760 eelsae
261 3710 288 3758 et
303 3702 403 3773 dignae.
420 3707 554 3757 creaturae
565 3707 655 3754 tamen
665 3706 738 3753 sunt.
754 3698 785 3752 ln
800 3697 860 3769 ipso
870 3695 965 3752 mundi
1015 3701 1099 3759 sionis
1114 3701 1265 3773 suscipiunt
1279 3701 1472 3774 quantitatem:
1488 3701 1516 3757 id
1526 3706 1577 3769 est,
1593 3717 1647 3759 nec
1667 3701 1812 3776 longitudi-

167 3792 281 3848 exordio
294 3791 379 3847 creati
394 3797 467 3859 sunt,
479 3789 588 3860 quando
606 3789 706 3844 coelum
721 3795 748 3843 et
762 3794 834 3842 terra
848 3786 966 3857 primum
1015 3806 1089 3859 nem,
1100 3807 1151 3847 nec
1165 3790 1345 3856 latitudinem,
1362 3805 1415 3847 nec
1430 3789 1611 3846 altitudinem.
1646 3790 1716 3847 Sunt
1729 3799 1817 3848 autem

167 3880 277 3937 condita
287 3886 359 3934 suut.
380 3879 416 3933 Et
428 3877 508 3932 shnnl
517 3877 627 3948 quidem
638 3876 720 3932 creati
734 3875 851 3944 fuerunt,
867 3882 893 3929 et
904 3875 967 3930 boni
1016 3896 1112 3936 omnes
1124 3880 1151 3935 in
1167 3879 1305 3951 personali
1315 3879 1482 3951 proprietate
1502 3877 1671 3936 differentes.
1693 3879 1818 3937 seientia

169 3969 216 4042 qui
229 3966 413 4040 perstitemnt,
430 3974 457 4021 et
479 3965 544 4021 mali
563 3965 610 4036 qui
638 3971 800 4020 corrnerunt
816 3981 823 4031 3
840 3963 910 4019 sicut
927 3963 967 4018 si·
1017 3984 1082 4027 vero
1106 3968 1284 4041 aptitudinem
1322 3968 1484 4033 babuemnt,
1514 3975 1544 4023 et
1566 3974 1643 4025 tanto
1674 3968 1817 4039 maiorem,

167 4059 261 4114 malet
288 4055 377 4112 aversi
409 4054 577 4127 praecipitati,
606 4061 633 4109 et
655 4052 779 4109 conversi
805 4051 965 4108 confirmati.
1018 4066 1117 4130 quanto
1131 4056 1249 4128 purioris
1272 4056 1430 4112 substantie
1452 4055 1601 4112 suut.Haec
1624 4056 1757 4113 habilitas
1771 4072 1818 4113 co·

169 4148 214 4206 Sic
229 4146 301 4203 enim
330 4148 519 4210 assamerunt',
549 4149 575 4198 et
596 4141 625 4196 in
648 4141 706 4197 suis
734 4140 876 4212 scripturis
903 4140 968 4196 reli·
1017 4146 1169 4220 gnoseendi
1184 4154 1251 4214 erat,
1269 4161 1318 4216 per
1331 4161 1413 4217 quam
1428 4143 1500 4201 scire
1514 4150 1643 4216 poterant
1658 4145 1727 4218 quid
1749 4161 1816 4203 con·

169 4243 287 4310 querunt
301 4235 429 4292 doctores
443 4230 578 4302 catholici,
600 4230 646 4304 qui
661 4231 695 4286 de
709 4230 743 4286 iis
772 4237 965 4287 tractaverunt·
1018 4235 1108 4301 ditori,
1126 4233 1190 4306 quid
1204 4233 1265 4304 sibi,
1278 4241 1304 4290 et
1318 4233 1382 4305 quid
1401 4233 1573 4289 consortibus
1594 4233 1654 4289 suis
1675 4234 1817 4292 deberem.

169 4325 257 4382 creati
272 4323 428 4391 rationales,
460 4330 599 4378 etampes
624 4321 743 4393 quidem,
774 4327 828 4374 tam
851 4318 891 4375 illi
917 4318 964 4390 qui
1021 4325 1124 4380 Eorum
1146 4339 1209 4378 vero
1223 4330 1345 4394 potestas
1359 4320 1604 4394 tripertitadicitur
1618 4323 1817 4379 esseNamad

167 4413 250 4471 futuri
264 4420 341 4469 erflnl
352 4412 427 4479 mali.
445 4426 526 4484 (luam
541 4410 579 4466 iffi
607 4408 652 4482 ‘lui
674 4409 755 4464 fistuli
784 4416 861 4464 “³1¹2
888 4407 961 4474 b0¹1i‚
976 4410 1003 4470 D
1017 4429 1047 4469 se
1061 4414 1101 4483 (ut
1114 4411 1223 4482 dicitur)
1237 4418 1398 4483 potestatem
1421 4410 1568 4478 habebant,
1594 4417 1621 4466 et
1633 4409 1708 4466 inter
1737 4428 1779 4479 se,
1794 4419 1821 4467 et

168 4501 308 4561 charitatis
322 4501 405 4557 creati
419 4508 482 4556 sunt
496 4513 621 4571 capaces.
641 4499 702 4555 Non
731 4505 823 4553 autem
851 4495 966 4552 dicimus
1016 4502 1092 4558 adea
1108 4508 1258 4573 quaerant
1275 4507 1353 4556 extra
1366 4515 1407 4557 se.
1424 4498 1512 4569 Quam
1534 4514 1600 4555 vero
1619 4499 1657 4554 ad
1671 4516 1703 4557 se
1718 4501 1820 4556 habre

168 4592 242 4666 quod
252 4591 412 4648 charitatem
433 4605 528 4645 ornnes
548 4596 625 4644 erant
650 4587 799 4658 capientes,
832 4585 880 4641 sed
899 4585 965 4641 oba·
1016 4598 1079 4646 runt
1092 4596 1273 4662 potestatem,
1298 4603 1353 4644 nou
1376 4604 1472 4645 omnes
1495 4587 1819 4661 habueruntaequalem;

167 4683 391 4752 ritatiscapaces.
417 4679 486 4734 Nam
513 4676 560 4750 qui
582 4693 611 4733 se
635 4693 650 4731 a
678 4677 737 4731 Deo
760 4680 923 4741 averterunt,
940 4679 966 4729 et
1016 4679 1081 4752 quia
1096 4677 1244 4735 seeundum
1260 4676 1417 4733 substantiae
1431 4691 1488 4732 suae
1504 4675 1699 4744 subtilitatem,
1714 4692 1751 4735 aa
1771 4692 1819 4732 na-

166 4772 195 4827 in
218 4779 350 4828 aeternum
378 4767 499 4824 damnati
528 4774 610 4835 sunt,
634 4779 773 4836 nunquam
809 4761 965 4819 charitatem
1016 4776 1084 4825 turae
1098 4767 1258 4840 puritatem,
1279 4766 1308 4821 ln
1322 4767 1372 4822 hac
1394 4772 1472 4821 erant
1495 4770 1630 4837 potestate
1650 4763 1819 4822 differentes.

166 4862 329 4927 habuerunt,
358 4857 406 4913 sed
430 4872 481 4912 nec
511 4870 632 4927 uuquam
659 4853 823 4920 habebunt;
847 4859 873 4907 et
903 4850 965 4906 ideo
1017 4855 1125 4925 Quanto
1141 4855 1213 4911 enim
1231 4855 1291 4927 quis
1314 4853 1464 4910 subtilioris
1478 4861 1584 4910 naturae
1598 4866 1633 4910 ac
1646 4852 1819 4925 perfectioris

167 4950 327 5006 charitatem
343 4946 483 5019 capientes
508 4951 535 5000 et
558 4944 700 5009 habentes,
725 4941 888 4998 malicreati
911 4955 966 4994 nou
1016 4953 1086 5013 erat,
1116 4953 1191 5001 tanto
1219 4944 1247 4999 in
1271 4945 1322 4999 hac
1335 4949 1471 5016 potestate
1495 4941 1579 4997 alium
1608 4942 1772 5013 superabat,
1796 4949 1820 4998 et

168 5053 240 5113 aunt,
256 5045 305 5100 sed
319 5044 460 5100 eharitatis
491 5056 618 5113 capaces.
645 5042 714 5095 Nam
739 5039 840 5095 habere
866 5046 966 5109 potue·
1015 5037 1069 5092 hoc
1084 5033 1234 5107 promptior
1262 5040 1320 5087 erat
1343 5032 1379 5086 ad
1402 5038 1588 5102 contemptum
1603 5029 1688 5097 mali,
1715 5039 1745 5087 et
1772 5046 1819 5103 ap·

169 5142 239 5201 mut,
256 5133 305 5190 sed
320 5142 415 5189 contra
439 5131 615 5188 Conditorem
644 5144 723 5183 suum
743 5128 964 5196 intumescentes,
1015 5125 1130 5197 petitum
1153 5123 1227 5179 boni.
1254 5123 1289 5177 Et
1310 5122 1362 5177 hac
1388 5127 1523 5191 potestate
1551 5133 1634 5191 quam
1659 5119 1696 5175 ad
1717 5135 1751 5176 se
1772 5120 1820 5174 ha·

167 5238 228 5280 eam
243 5222 345 5278 habere
360 5221 514 5277 noluerunt.
526 5218 597 5274 Dicit
606 5232 673 5287 ergo
688 5215 964 5288 prophetaEzechiel,
1015 5213 1109 5269 buisse
1136 5212 1277 5281 dicuntur,
1302 5208 1383 5266 facilc
1406 5215 1532 5280 poterant
1555 5214 1581 5264 et
1605 5207 1712 5263 bonnm
1746 5223 1820 5264 asse·

167 5312 202 5369 de
216 5312 264 5368 illo
278 5310 323 5384 qui
335 5311 420 5365 ruinae
436 5309 544 5364 illorum
569 5313 665 5363 auctor
680 5305 780 5361 exstitit
794 5306 846 5360 hoc
860 5304 941 5360 modo
959 5323 965 5359 :
1017 5303 1072 5374 qui,
1097 5309 1124 5357 et
1144 5299 1246 5356 malum
1268 5297 1418 5370 aspernari.
1442 5297 1544 5354 Verum
1565 5295 1611 5351 illa
1636 5311 1724 5369 quam
1752 5296 1820 5352 inter

167 5403 286 5468 Acrem,
304 5399 491 5473 opasdecorr'a
504 5398 547 5453 tati
562 5401 590 5452 et
602 5397 746 5467 foramina
757 5395 966 5466 traiectaque
1017 5407 1047 5449 se
1070 5390 1197 5457 habeut,
1235 5386 1427 5444 dominationis
1465 5400 1528 5442 esse
1563 5383 1676 5452 dicitur,
1706 5385 1738 5440 in
1773 5401 1821 5458 qua

167 5481 966 5564 condittuea,proeporotosact(licerit.arvus,fatiscas
1016 5488 1149 5554 potestate
1172 5476 1364 5536 dominationis
1390 5474 1437 5534 alii
1465 5473 1645 5548 superiores,
1674 5472 1724 5530 alii
1752 5473 1820 5532 infe·
