3742 5986
108 158 160 212 tut
779 160 1081 218 CONSUETUDINES.
1714 161 1766 215 'tta

111 282 185 337 uniti
203 282 389 340 diversorium
413 285 554 342 uictorum
575 287 607 341 in
630 285 805 342 solitudine!
829 285 897 356 (ter.
909 285 963 356 rx.)
987 284 1127 356 Tanquam
1151 284 1203 340 hoc
1226 299 1288 352 epm
1309 283 1337 338 in
1361 284 1468 340 civitae
1490 284 1579 341 facere
1601 299 1656 340 nou
1683 299 1762 342 vaca-

112 386 155 434 ret
167 397 174 446 ;
191 380 242 437 hoc
257 381 339 436 modo
354 381 478 437 indicans
493 391 621 453 quantum
633 381 686 455 [ut.
706 382 798 456 quam]
812 382 960 454 impediant
974 382 1042 438 socii
1056 381 1173 454 gratiam
1184 381 1377 453 lacrymarum,
1395 380 1448 450 Qui
1460 382 1548 437 etiam
1562 398 1623 438 cum
1636 381 1765 439 dixisseta

113 475 223 532 Bonum
235 479 278 532 est
291 478 454 548 prestolari
468 494 534 535 cum
549 480 665 537 silentio
680 480 808 536 satutare
823 479 872 535 oet
883 478 997 548 (fbren.
1013 477 1055 549 ιιι)
1066 496 1072 545 3
1085 477 1129 533 eui
1139 477 1249 551 negotio
1260 477 1407 534 marimum
1418 485 1528 549 praestat
1537 478 1655 535 solitudo
1669 462 1766 535 suffra·

102 569 189 641 glum
200 588 208 637 3
219 571 423 644 addidissetque
436 589 442 628 ε
454 575 562 631 Bonum
573 576 680 634 estuiro
692 593 757 632 cum
764 575 921 649 portaverit
926 576 1030 646 jupurn
1040 576 1073 631 ui
1084 575 1277 632 adolescentia
1286 592 1348 645 suu,
1367 576 1414 631 uhi
1424 591 1475 632 nos
1483 576 1629 647 plurimum
1640 575 1765 633 consola·

110 674 165 734 tur,
182 667 228 738 qui
238 669 408 741 propositum
418 670 491 726 istud
499 688 569 742 pene
584 687 680 728 omnes
694 689 709 727 a
721 673 862 741 iuventute
873 671 1022 728 subivimus
1033 690 1041 738 ς
1052 672 1151 741 adjecit
1162 673 1232 729 eluit
1245 674 1523 730 :Sedebitsotituriur
1533 677 1562 730 et
1573 674 1685 743 tacebit,
1697 675 1764 748 quio

112 765 215 820 levabit
230 781 258 820 re
274 782 360 838 supro
374 783 412 834 se,
429 768 520 824 omnia
534 784 604 839 pene
616 786 677 841 qnae
691 769 719 824 in
732 770 784 825 hac
799 776 894 825 nostra
917 766 1084 824 institutione
1108 775 1170 823 suut
1193 769 1306 840 optima,
1324 769 1414 841 quiete
1429 777 1455 825 et
1479 769 1634 836 solitudine,
1655 769 1764 826 silentio

111 867 140 915 et
154 861 324 931 superiorum
339 863 503 933 appetitione
518 863 685 937 significans.

147 963 174 1014 8.
196 957 263 1027 Quae
277 960 366 1016 studia
382 977 446 1017 suos
462 962 587 1017 alumnos
602 963 698 1035 quales
715 962 833 1019 efficiant
849 970 944 1034 postea
957 962 1113 1018 manifestat
1127 963 1222 1020 dicens
1243 980 1249 1019 :
1266 966 1348 1021 built
1366 966 1583 1038 percutientise
1597 966 1760 1033 munitium,

110 1058 291 1113 saturabitur
304 1059 469 1130 opprobriis,
486 1075 601 1130 quorum
616 1060 644 1114 in
659 1060 743 1116 altero
758 1060 887 1131 patientia
902 1058 1017 1125 summa,
1035 1061 1062 1115 in
1076 1060 1161 1116 altero
1177 1061 1298 1132 perfectu
1316 1061 1433 1135 refulget
1455 1063 1601 1118 humilitas.

147 1158 173 1209 9.
189 1155 308 1210 loannes
323 1171 430 1227 quoque
445 1157 575 1227 Baptista,
592 1172 646 1228 quo
661 1159 739 1213 inter·
753 1162 837 1213 notor
851 1157 1015 1227 mulierum,
1030 1159 1106 1227 juxta
1119 1158 1269 1215 Salvatoris
1293 1161 1472 1231 praeconium,
1496 1163 1588 1232 major
1601 1176 1685 1216 nemo
1698 1177 1762 1217 rur·

111 1253 191 1308 rexit
205 1250 314 1322 (fluitis.
330 1253 383 1323 xa),
399 1253 464 1325 quid
477 1254 595 1309 solitudo
607 1255 762 1310 securitatis
774 1255 874 1327 quidve
898 1255 1021 1310 utilitatis
1045 1254 1139 1311 afferat
1153 1256 1293 1312 evidenter
1306 1258 1440 1324 ostendit;
1458 1258 1504 1330 qui
1517 1273 1570 1331 nec
1584 1257 1683 1314 divinis
1697 1273 1762 1313 ora-

109 1347 179 1403 culis
194 1348 292 1420 quibus
307 1349 564 1421 praedictumfuerat
577 1352 650 1422 quod
664 1351 699 1407 ab
723 1347 799 1407 utero
824 1351 926 1423 Spiritu
944 1359 1040 1407 sancto
1061 1353 1181 1424 repletus
1208 1354 1288 1424 (Luc.
1311 1354 1342 1424 ι),
1367 1353 1395 1408 in
1418 1354 1513 1425 spiritu
1537 1362 1563 1409 et
1581 1354 1677 1410 virtlue
1691 1354 1759 1410 Elisa

108 1445 244 1501 Christum
259 1446 325 1503 foret
343 1448 487 1503 [lominum
505 1456 705 1519 praecularus,
721 1464 772 1505 nec
787 1448 905 1504 mirabili
920 1449 1068 1517 nativitate,
1088 1465 1140 1506 neo
1154 1459 1297 1522 parentum
1321 1451 1463 1506 sanctitate
1484 1466 1605 1520 securus,
1623 1451 1752 1524 frequen-

111 1545 175 1601 tiam
191 1543 329 1599 hominum
345 1544 453 1617 fugiens
474 1552 602 1617 tanquam
626 1546 821 1616 periculosam,
847 1547 956 1602 deserta
979 1546 1133 1602 solitudinis
1157 1554 1287 1619 tanquam
1311 1554 1365 1602 tnta
1384 1548 1495 1621 delegit,
1520 1547 1612 1603 tandiu
1635 1548 1759 1619 pericula

109 1647 281 1712 mortemque
296 1641 431 1711 nesciens,
449 1642 569 1713 qnandiu
583 1658 707 1698 eremum
722 1641 797 1698 solus
820 1642 939 1708 incoluit,
962 1643 1009 1697 ubi
1024 1642 1088 1713 quid
1103 1642 1209 1699 virtutis
1230 1643 1350 1698 lucratus
1367 1644 1466 1715 quidve
1488 1643 1523 1698 sit
1545 1643 1635 1698 meriti
1654 1642 1754 1699 Christi

111 1739 260 1810 baptismus
276 1748 302 1795 et
315 1741 478 1812 projustitia
492 1758 567 1797 mors
580 1749 707 1812 suscepta
728 1741 897 1797 monstravit.
920 1741 992 1796 Talis
1017 1744 1089 1796 euim
1109 1740 1195 1797 factus
1217 1749 1259 1797 est
1280 1742 1308 1796 in
1332 1741 1486 1808 solitudine,
1508 1748 1537 1796 ut
1560 1741 1659 1815 dignus
1680 1748 1755 1797 esset

110 1834 246 1892 lavantem
262 1839 354 1893 omnia
369 1839 504 1894 Christum
520 1839 595 1895 solus
608 1839 711 1908 lavare,
729 1846 756 1894 et
770 1854 821 1909 pro
840 1838 950 1894 veritate
965 1853 1016 1894 nec
1031 1853 1168 1894 carcerem
1187 1854 1238 1894 nec
1251 1846 1366 1894 mortem
1381 1837 1531 1894 declinare.

147 1936 190 1988 fb.
206 1934 286 1989 iesus
299 1935 359 2005 ipse
373 1935 446 1989 Deus
461 1942 488 1989 et
502 1934 643 2000 Dominus,
660 1933 735 2002 cujus
750 1933 836 1990 virtus
854 1949 906 1990 nec
928 1941 1036 1989 secreto
1045 1934 1143 2003 juvari,
1164 1949 1217 1990 neo
1240 1932 1349 2005 publico
1368 1941 1477 2006 poterat
1500 1932 1634 2005 impediri,
1660 1941 1689 1989 ut
1704 1948 1754 1989 suo

108 2040 201 2087 tamen
216 2032 294 2088 nohis
309 2032 466 2088 consuleret
479 2031 614 2103 exemplo,
630 2031 790 2103 priusquam
805 2031 967 2103 praedicaret
980 2031 1023 2088 vel
1034 2032 1114 2104 signa
1124 2031 1236 2096 faceret,
1253 2032 1445 2088 tentationibus
1459 2040 1540 2103 atque
1553 2031 1663 2100 jejuniis
1677 2030 1756 2102 quasi

107 2130 239 2201 probatus
254 2137 295 2185 est
310 2130 337 2184 in
351 2129 507 2196 solitudine,
523 2129 558 2184 de
574 2145 628 2200 quo
644 2128 784 2201 Scriptura
805 2129 891 2184 refert
911 2128 994 2201 quod,
1020 2128 1122 2184 relictis
1145 2128 1232 2183 turbis
1256 2127 1462 2200 discipulorum,
1485 2127 1513 2183 in
1536 2134 1657 2184 montem
1680 2127 1755 2183 solus

107 2224 269 2280 ascenderet
284 2240 362 2280 orare
377 2224 488 2297 (ffottb.
505 2226 576 2296 xlv).
594 2222 646 2292 Qui
657 2232 686 2307 et
701 2224 867 2280 imminentis
883 2224 939 2293 jam
962 2233 1085 2295 tempore
1108 2224 1245 2296 passionis
1268 2225 1408 2295 apostolos
1427 2223 1534 2295 reliquit
1556 2222 1629 2278 solus
1653 2238 1753 2279 exora-

104 2328 191 2387 turus,
207 2321 259 2377 isto
275 2322 316 2377 vel
332 2322 448 2378 maxime
463 2322 602 2378 insinuans
618 2322 744 2394 exemplo
764 2330 894 2395 quantum
909 2321 1027 2378 solitudo
1042 2321 1129 2393 prosit
1150 2321 1274 2388 orationi,
1299 2322 1407 2394 mando
1429 2320 1583 2388 comitibus,
1607 2320 1669 2377 ficet
1683 2334 1752 2391 apo-

108 2417 198 2488 stolis,
214 2434 269 2473 non
284 2418 342 2474 vult
356 2419 453 2474 mistus
472 2434 563 2475 orare.

145 2514 259 2570 itiam
275 2514 399 2586 vosipsi,
416 2515 502 2570 sancti
516 2529 548 2571 ao
562 2513 733 2572 venerabiles
757 2513 851 2568 Patres
868 2511 976 2583 Paulus,
993 2510 1134 2579 Antonius,
1164 2512 1296 2580 flilariou,
1324 2511 1486 2567 Benedictus
1502 2519 1528 2566 et
1557 2511 1649 2568 caleri
1671 2511 1751 2567 nobis

106 2608 319 2665 innumerabiles
334 2618 464 2681 quantum
479 2610 507 2665 in
522 2609 667 2665 solitudine
681 2596 776 2664 mente'
786 2607 960 2680 profecerint,
973 2625 1025 2680 per
1039 2625 1088 2665 vos
1103 2610 1283 2677 considerate,
1309 2618 1335 2665 ct
1348 2609 1498 2681 probabilis
1514 2609 1660 2664 suavitates
1675 2607 1748 2681 psal.

106 2706 269 2772 modiarum,
290 2707 379 2762 studia
401 2706 558 2773 lectionum,
584 2705 706 2762 fervores
728 2706 889 2775 orationum,
912 2706 1074 2763 subtilitates
1094 2707 1308 2775 meditationum,
1334 2723 1463 2765 excessus
1478 2705 1748 2778 contemplationum.

107 2803 270 2874 baptismata
290 2804 479 2876 lacrymarum,
495 2804 569 2859 nulla
583 2819 614 2860 re
629 2802 717 2876 magis
731 2820 811 2877 quam
827 2802 972 2859 solitudine
991 2819 1073 2875 posse
1094 2804 1194 2874 juvari.

144 2905 187 2958 li.
202 2902 264 2957 Non
278 2909 368 2956 autem
382 2902 441 2957 haec
455 2901 533 2956 vobis
547 2916 635 2972 pauca
650 2916 710 2973 quae
726 2900 843 2957 diximus
853 2899 989 2956 sufficiant
1003 2902 1135 2973 exempla,
1151 2903 1186 2957 ad
1200 2903 1318 2973 suscepti
1341 2902 1449 2959 laudem
1468 2903 1619 2975 propositi;
1636 2903 1685 2959 scd
1699 2903 1752 2975 ipsi

105 2998 198 3070 polius
214 2998 290 3054 vobis
304 2999 382 3070 plura
395 3005 561 3066 coacervate,
578 2996 621 3053 vel
636 2997 670 3053 de
698 3013 788 3054 rerum
816 3014 866 3052 usu
895 2997 1081 3068 praeentiam,
1097 2996 1141 3052 vel
1155 2998 1189 3052 de
1216 3006 1372 3054 sanctarum
1394 2999 1501 3072 paginis
1526 2999 1724 3070 scripturarum
1743 3017 1750 3056 :

107 3110 264 3167 quanquam
275 3094 365 3166 ipsum
380 3094 426 3150 tali
438 3093 673 3152 commendatione
687 3109 742 3149 non
756 3101 845 3166 egeat,
862 3092 990 3165 quoniam
1005 3101 1032 3149 et
1055 3108 1105 3148 sua
1129 3093 1239 3150 raritate
1255 3102 1281 3150 et
1295 3110 1406 3150 suorum
1429 3104 1591 3152 sectatorum
1615 3095 1750 3166 paucitate

104 3190 271 3247 sufficienter
281 3207 342 3248 sese
351 3191 534 3247 commendat.
542 3190 571 3246 Si
580 3189 663 3256 enirn,
672 3191 747 3260 juxta
754 3190 860 3245 Domini
870 3189 966 3255 verba,
973 3195 1054 3247 urctn
1062 3196 1103 3247 ert
1112 3195 1158 3248 oio
1168 3210 1229 3265 quoe
1237 3193 1316 3249 ducit
1325 3193 1463 3259 advitam,
1471 3197 1499 3249 et
1508 3194 1750 3260 oouoiinueniunt

104 3307 170 3346 eum
185 3289 293 3359 (lfuttb.
306 3289 356 3361 vll)
368 3307 375 3356 ;
387 3296 414 3344 el
422 3304 437 3345 e
445 3296 540 3344 contra
550 3289 645 3360 amplo
655 3291 699 3344 est
708 3304 768 3360 pura
782 3287 863 3343 ducit
872 3287 908 3343 ad
917 3292 1047 3354 mortem,
1058 3292 1087 3344 et
1099 3289 1301 3345 muttiuudunt
1308 3305 1360 3360 per
1369 3305 1442 3359 eom,
1454 3289 1524 3344 inter
1534 3288 1692 3345 Christiana
1702 3304 1750 3344 re-

103 3386 215 3458 figionis
229 3385 359 3452 instituta,
376 3393 448 3441 tanto
462 3400 492 3440 se
506 3400 590 3441 unum
605 3384 731 3457 quodque
747 3383 867 3439 melioris
881 3391 907 3439 et
921 3384 1087 3442 sublimioris
1104 3389 1222 3444 ostendit
1242 3388 1332 3444 meriti
1347 3395 1448 3460 quanto
1466 3388 1621 3460 pauciores,
1635 3396 1662 3445 el
1675 3396 1750 3444 tanto

105 3484 223 3540 minoris
236 3491 262 3540 et
272 3482 408 3541 inferioris
421 3490 523 3556 quanto
537 3482 629 3553 plures
643 3481 768 3537 admittit.
785 3482 857 3537 Bene
872 3498 921 3539 vos
931 3499 1041 3554 semper
1051 3484 1142 3540 valere
1156 3494 1183 3541 et
1196 3486 1283 3541 nostri
1298 3484 1454 3541 meminisse
1468 3493 1603 3557 optamus.

461 3580 630 3651 displiciunt
644 3578 866 3636 consuetudines
881 3581 913 3636 b.
932 3580 1064 3652 (luiponis
1078 3584 1184 3656 prioris
1196 3584 1362 3642 turonum.

797 3702 1087 3764 COMMENTARIUS.

104 3829 178 3890 sunt,
188 3821 287 3894 quieta
297 3817 440 3901 mundanis
449 3818 531 3875 rebus
544 3816 730 3885 etaffectibus,
739 3818 860 3875 solitudo
870 3819 942 3882 abA
995 3825 1125 3896 Cognovit
1139 3824 1274 3880 Dominus
1284 3825 1333 3897 qui
1347 3826 1416 3880 sunt
1426 3825 1487 3896 ejus
1502 3823 1539 3893 (ff
1559 3825 1631 3880 Tim.
1649 3824 1748 3894 ιι,19),

103 3909 245 3966 hominum
260 3908 468 3965 conversatione
481 3915 506 3962 et
522 3907 671 3962 vanitatum
689 3906 803 3974 visione,
812 3909 903 3963 ritcn·
954 3923 982 3972 et
995 3930 1064 3987 quos
1078 3914 1106 3968 in
1120 3912 1171 3968 ista
1180 3912 1424 3969 nostravocatiune
1434 3911 1615 3968 Cartbusiana
1628 3927 1751 3983 compre·

105 3999 179 4055 tium
198 3997 320 4054 Uerbis
333 3995 483 4062 inutilibus,
496 3995 904 4068 sslmdiiwfumftttlssll'iibid
954 4003 1038 4060 hendi
1060 4001 1136 4067 velit,
1160 4017 1212 4061 nos
1232 4000 1379 4057 nescimus.
1404 4001 1556 4057 Caveamus
1579 4015 1648 4075 ergo
1670 3999 1698 4054 in
1721 4016 1751 4056 re

105 4093 149 4144 est
173 4102 205 4142 ea
219 4102 280 4158 quae
291 4101 399 4140 sursum
415 4092 478 4139 sunl
492 4081 639 4155 quaettt'ndo
659 4091 685 4138 et
707 4083 847 4155 sapienda
863 4084 904 4140 De
954 4093 1021 4148 tanti
1035 4089 1165 4146 momenti
1179 4105 1213 4145 ne
1228 4097 1350 4144 nostrum
1363 4104 1476 4144 sensum
1492 4095 1538 4144 aut
1551 4087 1678 4144 affectum
1702 4103 1751 4143 se·

104 4174 212 4231 caeteris
226 4189 281 4231 non
290 4173 418 4246 loquitur,
427 4173 491 4244 quia
501 4171 578 4243 quasi
587 4170 739 4227 accidentia
748 4171 904 4227 referuntur
954 4195 1080 4252 quamue,
1097 4177 1145 4233 sed
1161 4176 1292 4232 voluntati
1305 4176 1356 4232 Dei
1370 4176 1556 4231 tantummodo
1571 4174 1752 4246 adimplendae

102 4262 138 4319 ad
152 4262 330 4319 substantiam
344 4261 476 4332 propositi
486 4259 699 4325 carthusiensis,
712 4276 772 4331 quae
787 4260 905 4316 estohe-
954 4268 1135 4330 attententes,
1150 4263 1226 4319 illam
1248 4264 1328 4319 unice
1342 4264 1415 4320 circa
1438 4279 1486 4319 eos
1507 4262 1554 4334 qui
1575 4262 1610 4318 ad
1630 4261 1752 4318 ordinem

102 4351 203 4406 dienlia
219 4350 360 4421 inquiete,
377 4349 405 4403 in
420 4349 563 4404 solitudine
578 4354 604 4403 et
618 4349 646 4402 in
664 4346 772 4403 silentio
786 4348 901 4403 reddita.
954 4355 1064 4411 veniunt
1078 4353 1190 4423 exsequi
1204 4359 1373 4425 satagamus,
1385 4367 1417 4407 ea
1432 4351 1530 4406 devote
1543 4357 1570 4405 et
1585 4350 1692 4407 sincere
1706 4350 1753 4407 ob

139 4439 221 4494 Num.
231 4441 274 4495 fi.
287 4438 804 4506 Quoninnaetsuoraritateetsuorum
814 4440 904 4492 scota·
954 4442 1100 4508 servando,
1116 4448 1144 4497 et
1161 4441 1189 4495 in
1204 4440 1300 4512 spiritu
1315 4455 1387 4496 vera
1401 4439 1541 4495 charitalis
1563 4439 1749 4511 exsequendo,

104 4529 354 4599 minimum
365 4526 543 4598 tuffissimitf
562 4541 620 4581 ⁵⁶⁸0
635 4525 833 4591 commendat,
849 4531 901 4579 tle·
954 4548 987 4588 eu
1002 4530 1100 4603 quihus
1114 4536 1142 4585 et
1156 4528 1261 4585 vocatio
1276 4527 1395 4584 caelestis
1411 4526 1572 4584 etvolunlas
1586 4527 1636 4583 Dei
1649 4527 1751 4601 digno-

103 4614 230 4672 Ostendit
246 4615 336 4671 statim
350 4615 383 4671 R.
399 4616 428 4670 P.
440 4614 530 4686 Guigo
539 4612 610 4668 ualde
625 4621 817 4684 argumentum
830 4612 904 4668 istud
954 4619 995 4676 sci
1009 4626 1125 4691 possunt
1137 4618 1164 4672 in
1179 4618 1230 4672 bac
1246 4617 1310 4673 vita.

101 4703 155 4760 sibi
178 4710 277 4772 sumat,
302 4720 336 4759 ne
358 4701 460 4775 aliquid
482 4702 652 4773 paradoxum
674 4708 720 4756 aut
743 4701 903 4773 quibusdam
989 4709 1046 4763 Nee
1067 4722 1118 4762 nos
1149 4721 1270 4776 unquam
1302 4704 1438 4775 decipiant
1461 4711 1625 4778 argumenta
1649 4719 1681 4760 ex
1703 4702 1750 4758 illo

101 4791 263 4862 injuriosum
284 4791 408 4864 proferre
431 4790 561 4848 videatur.
584 4792 623 4845 Ex
641 4790 695 4846 hoc
710 4798 801 4846 autern
818 4805 903 4862 argu·
953 4794 1096 4868 Evangelii
1107 4794 1168 4848 loco
1182 4793 1325 4864 desumpta
1341 4808 1347 4847 :
1365 4793 1636 4864 Compulteintrure,
1651 4792 1750 4846 utim-

81 4946 84 4951 ,
101 4889 194 4937 mento
208 4880 242 4935 ad
257 4889 379 4936 nostrum
402 4880 552 4953 profectum
567 4881 634 4936 istas
648 4879 837 4936 conclusiones
852 4880 903 4935 de·
951 4878 1751 4956 plenturdornurmeofbucmlv,32).Idenimaocationiad

100 4968 205 5026 ducere
218 4970 359 5026 debemus.
377 4969 468 5026 Solius
481 4970 531 5025 Dei
546 4978 588 5024 est
602 4968 691 5025 facere
707 4969 864 5034 monachos,
877 4976 904 5024 et
953 4971 1036 5027 fldem
1048 4971 1230 5026 Christianam
1245 4976 1347 5024 tanturn
1361 4968 1497 5034 convenit,
1513 4983 1574 5039 quas
1588 4966 1623 5021 ad
1637 4966 1751 5022 salutem

101 5057 211 5128 quoties
225 5059 345 5113 humano
369 5057 483 5113 consilio
497 5065 544 5112 aut
558 5058 678 5113 humana
692 5057 825 5112 industria
840 5070 902 5112 mo·
953 5059 1064 5115 omnino
1088 5058 1245 5114 necessaria
1259 5065 1310 5125 est,
1324 5065 1351 5113 et
1365 5056 1432 5112 nihil
1453 5054 1536 5110 tradit
1559 5054 1633 5111 circa
1646 5070 1749 5122 mores,

101 5146 252 5201 pachorum
277 5145 465 5217 multiplicatio
498 5146 679 5213 attentabitur,
703 5146 938 5232 miserabiliumB
954 5146 1072 5219 quodab
1086 5146 1213 5202 omnibus
1233 5162 1295 5202 curn
1320 5145 1370 5201 Dei
1390 5144 1479 5217 gratia
1493 5158 1548 5199 non
1562 5142 1649 5214 possit
1662 5150 1689 5198 et
1703 5142 1751 5198 de·

100 5235 193 5308 potius
216 5250 392 5306 personarum
426 5249 506 5305 quam
530 5233 649 5290 virorum
671 5242 824 5290 sanctorum
847 5251 902 5288 nu·
952 5236 1014 5291 beat
1028 5234 1182 5305 adimpleri,
1198 5234 1246 5290 sed
1265 5249 1319 5290 non
1343 5231 1477 5290 vocationi
1491 5231 1525 5287 ad
1540 5239 1640 5287 statum
1654 5245 1751 5286 mona-

100 5340 194 5380 merus
209 5323 362 5394 augebitur.
379 5322 545 5377 statutorum
566 5338 634 5395 ergo
658 5331 777 5378 mentem
792 5338 902 5392 semper
951 5324 1058 5389 sticum,
1074 5331 1101 5378 et
1114 5322 1231 5378 maxime
1246 5321 1464 5378 carthusianum.
1489 5320 1537 5375 llle
1549 5318 1683 5390 siquidem
1697 5325 1753 5372 sta·

101 5413 195 5468 stricte
210 5426 367 5483 sequamur,
384 5418 441 5465 tum
455 5410 526 5466 circa
551 5411 648 5466 domos
672 5426 758 5465 novas
782 5409 902 5465 nonnisi
952 5420 995 5468 tus
1010 5427 1065 5467 non
1079 5411 1315 5467 homineslanlum
1331 5410 1358 5464 in
1368 5409 1423 5465 fide
1438 5407 1551 5463 stabiles
1565 5404 1685 5477 requirit,
1702 5406 1752 5462 sed

102 5516 165 5559 cum
177 5515 275 5573 magna
294 5498 459 5555 discretione
479 5498 659 5571 recipiendas,
674 5508 731 5556 tum
745 5499 820 5557 circa
834 5498 902 5554 sub·
952 5515 1001 5557 eos
1015 5499 1107 5572 quiex
1125 5498 1257 5572 singulari
1280 5499 1331 5555 bei
1352 5497 1496 5554 vocatione
1513 5494 1550 5551 ad
1563 5491 1630 5548 illud
1643 5491 1754 5549 vivendi

102 5589 174 5647 ditos
187 5589 215 5645 iu
229 5587 324 5645 ordine
338 5586 528 5644 admittendos.
953 5604 1041 5661 genus
1054 5586 1229 5653 advocentur,
1254 5586 1327 5659 quod
1338 5584 1374 5641 ad
1394 5583 1542 5641 lucendum
1554 5579 1669 5654 speciali
1682 5595 1754 5656 quo·
