3742 5986
115 249 149 305 59
395 252 423 308 S.
443 250 619 310 BRUNONIS
639 252 964 314 CARTHUSIANORUM
982 252 1222 310 lNSTlTUTORlS
1242 251 1318 309 OPP.
1340 251 1427 308 PARS
1444 251 1478 307 ll.
1724 251 1759 304 ob

116 373 230 446 peccati,
248 390 282 431 ne
304 383 465 447 prorumpat
487 376 515 431 in
537 384 635 432 actum.
660 377 694 431 Et
712 377 766 434 hoe
787 377 950 440 determi-A
964 374 1015 431 cati
1030 373 1192 440 efficiemini,
1216 389 1268 430 nec
1289 373 1370 443 hujus
1394 371 1528 428 servitutis
1553 372 1657 428 vincula
1681 389 1760 427 rum-

117 478 196 528 aans,
213 462 250 517 ait
267 462 404 532 :Quando
425 464 536 537 quidem
549 464 672 521 viventes
686 465 752 520 estis
767 467 834 532 Deo,
851 482 914 538 erpo
962 480 1029 536 pere
1044 464 1158 536 potestis
1181 462 1304 518 libertate
1331 461 1449 533 perdita.
1472 461 1537 516 ldeo
1558 461 1657 517 bonum
1673 468 1758 516 estut

116 555 275 623 peccatum,
298 551 327 606 id
345 559 396 619 est,
421 552 551 608 naturalis
566 552 782 624 iomespeccati,
799 571 857 609 noe
871 571 915 610 re·
963 549 1034 605 servi
1057 547 1120 604 iacti
1141 547 1262 618 justitiae,
1288 563 1305 602 a
1327 546 1413 619 gratia
1437 562 1491 601 non
1515 546 1666 613 declinetis,
1695 546 1758 617 quia

119 643 187 710 pact
201 639 234 694 iu
257 640 343 696 vobis.
365 642 489 714 Regnare
513 642 618 712 peccati
639 649 689 708 est,
707 642 913 711 consentiendo,
963 638 1034 693 servi
1049 637 1111 694 iacti
1126 637 1230 708 peceati
1244 652 1298 691 non
1314 636 1427 707 potestis
1441 643 1530 690 vestro
1541 634 1708 704 jurereverti
1722 633 1758 688 ad

118 727 235 798 agendo,
253 729 321 783 etin
337 745 419 801 opere
429 729 533 800 peccati
543 729 758 786 consuescendo.
768 730 914 787 Peccatum
963 725 1087 799 gratiam.
1105 727 1169 809 ldeo
1185 725 1327 794 injustitia
1340 725 1492 796 perdurate,
1509 739 1560 779 nec
1574 731 1686 794 propter
1700 723 1754 778 hoc

118 816 211 886 utique
233 832 287 871 non
310 826 405 888 regnet
428 819 460 874 in
484 822 714 891 corporeeestro,
731 817 823 886 idest,
840 820 914 892 quod
963 815 1060 881 solum,
1082 814 1129 870 sed
1153 815 1233 869 etiam
1248 813 1309 869 ideo
1334 812 1398 884 quia
1418 830 1479 868 cum
1494 811 1558 868 olim
1568 812 1636 886 jugo
1651 811 1759 882 peccati

115 904 172 974 jam
186 913 306 959 vestrum
322 913 373 974 est,
390 915 416 961 et
435 922 486 977 per
503 905 727 962 confortationem
741 905 820 962 liberi
836 908 912 962 arbi·
962 903 1096 975 deposito,
1124 902 1188 959 sacti
1217 901 1283 958 estis
1311 902 1385 957 servi
1409 901 1529 971 justitiae,
1559 901 1583 955 si
1609 899 1758 956 iterumad

118 992 162 1046 trii
178 992 329 1061 subjectum
353 994 473 1050 dominio
497 994 619 1050 rationis.
641 995 761 1067 Corpore
774 995 836 1051 dieo
850 995 913 1053 licet
962 993 1094 1049 vomitum
1127 992 1227 1047 veteris
1259 990 1395 1046 servitutis
1432 989 1594 1056 relabimini,
1623 989 1662 1044 rei
1691 989 1758 1044 estis

114 1079 272 1150 justificato,
290 1082 477 1139 tamenadbuc
492 1084 617 1150 mortali,
633 1090 659 1138 et
674 1083 739 1156 (nisi
754 1083 857 1140 ratione
872 1101 913 1140 re·
962 1080 1152 1150 instabilitatisv
1167 1088 1193 1136 et
1213 1079 1292 1150 justae
1316 1078 1490 1150 perditionis;
1520 1077 1592 1150 qnod
1619 1077 1659 1133 sic
1681 1078 1719 1131 ait
1750 1093 1757 1133 :

116 1171 207 1240 gatur)
222 1185 309 1240 prono
322 1170 351 1224 in
374 1186 443 1243 opus
466 1171 582 1242 peccati.
605 1170 696 1240 Quare
711 1171 856 1228 videndum
872 1181 912 1229 est
960 1171 1022 1226 Non
1036 1169 1124 1225 solum
1140 1184 1191 1240 pro
1212 1183 1245 1224 eo
1269 1167 1341 1239 quod
1355 1168 1527 1239 praemissum
1547 1175 1588 1221 est
1607 1166 1758 1237 perdurare

117 1273 152 1312 ne
168 1258 369 1315 consentientes
384 1259 539 1315 mortalitati
552 1268 648 1315 vestrae
663 1276 718 1316 non
732 1260 827 1315 vivatis
842 1263 909 1318 Deo.
961 1258 1067 1314 debetis
1082 1258 1108 1312 in
1120 1257 1231 1327 justitia,
1249 1256 1391 1312 sedetiam
1406 1271 1456 1327 pro
1471 1271 1504 1311 eo
1518 1255 1591 1327 quod
1605 1255 1735 1326 ,sequitur
1751 1269 1757 1307 :

113 1346 175 1401 Non
191 1346 281 1419 itaque
305 1355 401 1419 regnet
425 1355 566 1419 peccatum
580 1353 614 1404 ut
628 1349 762 1406 obedietis
775 1352 910 1424 concupi·
960 1347 1037 1405 Unde
1051 1347 1157 1419 protius
1172 1346 1363 1418 apoueomeo,
1376 1345 1421 1416 qui
1431 1360 1480 1400 vos
1490 1344 1575 1419 gratis
1587 1344 1644 1399 sine
1661 1342 1759 1398 merito

116 1436 233 1491 scentiis
257 1436 328 1506 ejus,
347 1435 450 1492 scilicet
473 1436 588 1509 peccati,
612 1437 638 1492 id
654 1445 694 1493 est
709 1445 738 1493 ut
753 1438 826 1510 quod
840 1439 911 1496 male
960 1444 1050 1493 restro
1065 1435 1157 1506 ajogo
1172 1433 1423 1506 peccatiliberavit.
1719 1441 1724 1452 '

114 1523 210 1579 suadet
241 1523 385 1579 infirmitas
409 1525 498 1581 carnis
519 1534 627 1592 vestrm,
656 1542 739 1599 opere
764 1525 910 1599 perficiatis
998 1523 1150 1580 3Slnde
1165 1522 1256 1594 utique
1271 1522 1374 1594 gratias
1386 1523 1532 1595 ag03quio
1547 1519 1756 1592 vosoliquondo

115 1628 166 1667 neo
182 1612 270 1667 solnm
284 1628 338 1669 non
348 1613 482 1669 obediatis
493 1630 586 1685 opere,
598 1617 647 1671 sed
656 1632 745 1689 neque
753 1615 910 1673 exhibeatis
960 1613 1058 1686 fuistis
1064 1614 1135 1668 serui
1143 1612 1263 1684 peccati,
1271 1609 1320 1666 sed
1326 1610 1382 1679 jam
1391 1609 1587 1675 obedistis,neo
1597 1607 1694 1673 coacti,
1707 1614 1756 1667 sed

114 1700 149 1754 ita
164 1709 192 1755 ut
207 1709 299 1772 parata
324 1709 350 1757 et
374 1710 527 1773 opportuna
545 1720 593 1774 per
616 1719 781 1760 consensum
805 1703 946 1792 laciatiaB
961 1718 998 1757 ex
1012 1700 1103 1768 corde,
1120 1699 1147 1754 id
1163 1706 1203 1755 est
1217 1699 1328 1770 propria
1339 1698 1571 1754 voluntateeundo
1586 1702 1757 1772 informem

113 1789 239 1845 membra
255 1794 349 1846 vestro
362 1795 487 1864 peccato.
504 1791 572 1860 Quia
587 1792 656 1848 sicut
674 1808 725 1849 nec
743 1793 858 1864 operari,
871 1794 910 1849 sic
963 1790 1108 1856 doctrine,
1120 1789 1205 1854 idest,
1215 1788 1243 1842 in
1257 1787 1409 1843 doctrinam
1419 1787 1608 1859 quaevost'ecit
1622 1790 1680 1845 Deo
1690 1806 1756 1846 con-

112 1892 164 1933 nee
188 1877 259 1933 malo
276 1879 431 1936 consentire
454 1879 568 1935 debetis.
596 1880 716 1935 blembra
735 1889 825 1936 vestra
847 1882 909 1938 dico
959 1879 1072 1933 formes.
1099 1878 1194 1950 lmago
1219 1875 1291 1932 enim
1313 1876 1365 1931 Dei
1387 1875 1538 1930 deformata
1565 1885 1591 1931 et
1619 1888 1756 1934 excaecata

114 1973 178 2022 tunc
193 1966 265 2021 lacta
278 1984 358 2022 otene
373 1968 546 2041 iniquitatis,
563 1968 587 2022 si
602 1967 702 2023 suerint
715 1969 835 2024 exhibita
848 1987 910 2041 pec·
960 1967 1048 2021 iuerat
1068 1965 1095 2020 in
1120 1965 1216 2031 robis,
1232 1965 1280 2019 sed
1294 1980 1343 2034 per
1361 1964 1566 2019 instructionem
1579 1981 1670 2021 meam
1684 1967 1756 2022 ima-

113 2063 182 2110 cato.
199 2055 227 2110 Si
251 2055 324 2109 enirn
347 2064 460 2126 peceato
484 2056 687 2123 consenseritis,
703 2064 766 2112 tune
781 2056 909 2129 iniqnitas
962 2055 1052 2129 ginem
1069 2053 1118 2108 Dei
1137 2052 1164 2107 in
1189 2051 1266 2109 vobis
1280 2051 1435 2108 reformavi.
1452 2052 1578 2108 Formam
1593 2054 1653 2111 dico
1668 2055 1753 2126 illam,

112 2148 235 2197 armatur
250 2141 380 2197 membris
395 2141 501 2209 vestris,
519 2150 546 2198 ut
560 2159 611 2213 per
623 2143 682 2199 haec
696 2158 774 2198 arma
785 2143 909 2215 perficiat
959 2143 986 2198 id
1001 2150 1052 2208 est,
1077 2150 1132 2197 tam
1158 2140 1335 2197 excellentem
1354 2141 1423 2196 sicut
1443 2141 1660 2199 reformationem
1684 2144 1755 2199 ima-

112 2229 185 2302 quod
198 2229 268 2285 male
282 2228 364 2301 cupit.
378 2230 467 2286 Nolite
479 2245 528 2286 vos
539 2231 667 2288 exhibere
676 2231 786 2300 delicto,
799 2233 846 2289 sed
858 2249 907 2290 ex·
961 2232 1033 2304 ginis
1048 2231 1098 2286 Dei
1110 2248 1117 2296 ;
1133 2232 1165 2285 io
1180 2246 1263 2304 quom
1277 2228 1388 2284 formam
1402 2230 1502 2286 traditi
1511 2232 1578 2287 estis
1587 2248 1637 2303 per
1648 2232 1755 2289 miseri·

111 2318 201 2375 bibete
215 2334 262 2375 vos
277 2319 341 2383 Deo,
358 2318 451 2386 idest,
466 2328 618 2391 preparate
629 2336 677 2376 ros
688 2321 758 2377 bene
768 2321 907 2392 operando
961 2320 1082 2375 cordiam
1097 2318 1147 2374 liei
1166 2327 1192 2374 et
1215 2317 1366 2374 doctrinam
1390 2327 1523 2374 nostram.
1550 2320 1603 2375 Per
1617 2337 1665 2375 vos
1681 2323 1755 2378 enim

111 2405 225 2463 idoneos
239 2409 303 2465 Deo.
319 2407 352 2462 Et
365 2408 466 2477 justum
481 2415 531 2477 est,
550 2424 598 2464 vos
608 2409 670 2465 dico
681 2408 767 2466 iactos
783 2412 907 2467 viventes
960 2406 1155 2463 insufficientes
1184 2406 1265 2462 eratis
1292 2406 1445 2462 reformari.
1478 2406 1549 2462 Olim
1571 2407 1659 2463 fuistis
1681 2413 1754 2468 servi

110 2495 138 2550 in
150 2495 252 2565 justitia
265 2500 401 2569 tanquam
416 2513 453 2552 erc
467 2498 605 2566 mortuis,·
620 2498 720 2554 mortui
734 2498 805 2553 enim
824 2499 907 2554 eratis
960 2496 1076 2568 peccati,
1094 2495 1143 2551 sed
1156 2510 1227 2551 nunc
1240 2495 1376 2551 liberatio
1384 2501 1509 2567 peccato,
1520 2499 1592 2568 fecti
1602 2500 1669 2553 estis
1680 2501 1752 2554 serui

109 2583 138 2638 in
152 2592 274 2654 peccato.
290 2585 348 2640 Nec
371 2585 459 2641 solum
482 2594 543 2641 actu
559 2586 683 2642 exbibete
703 2602 752 2642 tos
772 2587 840 2653 Deo,
857 2586 906 2642 sed
956 2587 1099 2658 justitioe;
1115 2592 1141 2639 et
1155 2583 1216 2639 ideo
1226 2583 1310 2639 nolite
1320 2583 1433 2638 ulterius
1448 2583 1536 2656 redigi
1551 2585 1578 2638 in
1595 2585 1754 2641 servitutem

110 2672 192 2728 etiam
215 2674 340 2729 membro
364 2678 457 2730 vestro
480 2674 507 2728 in
528 2689 665 2730 consensu
679 2682 705 2730 et
721 2675 906 2733 exhortatione
958 2673 1074 2745 peccati.
1094 2673 1129 2728 Et
1144 2672 1222 2728 robis
1236 2671 1313 2728 iactis
1322 2672 1377 2740 iam
1392 2672 1479 2727 servis
1490 2673 1599 2742 justitiae
1615 2674 1676 2731 dico
1701 2675 1754 2731 bu·

110 2760 243 2817 bonorum
266 2770 417 2833 praeparate
442 2763 505 2819 Deo.
521 2763 640 2818 blembra
656 2771 747 2819 vestra
762 2764 822 2820 dico
837 2763 905 2820 faeta
958 2778 1087 2829 monem,
1103 2762 1132 2817 id
1148 2769 1198 2827 est,
1224 2760 1352 2832 praecipio
1367 2762 1444 2816 vobis
1459 2761 1584 2833 quiddam
1601 2763 1666 2818 satis
1680 2763 1750 2833 leve,

110 2855 174 2905 tunc
187 2865 268 2906 orme
276 2851 411 2920 justitie.
424 2850 472 2905 llis
482 2851 554 2906 enim
567 2851 649 2906 armis
660 2851 782 2922 perficiet
789 2852 903 2921 justitia,
959 2851 992 2905 ad
1009 2851 1081 2922 quod
1104 2850 1259 2905 humanitas
1274 2858 1363 2905 vestra
1377 2850 1444 2904 satis
1458 2858 1546 2921 potest
1560 2849 1697 2907 sufficere.
1718 2853 1753 2907 Et

110 2937 182 3010 quod
198 2938 267 2993 bene
291 2938 385 2993 suadet
409 2947 436 2994 et
456 2939 540 3010 cupit.
564 2940 675 2995 Debetia
696 2940 789 3012 utique
811 2949 838 2996 et
851 2957 895 3012 po·
961 2938 1023 3005 hoc,
1037 2939 1101 3010 quia
1111 2937 1250 3010 spirituale
1261 2946 1302 2993 est
1312 2938 1437 3008 arduum,
1449 2955 1502 2994 non
1517 2940 1646 3011 praecipio
1656 2940 1751 2996 vobis:

111 3026 188 3081 testis
202 3026 330 3082 exhibere
345 3043 394 3083 vos
408 3029 475 3084 Deo.
487 3029 558 3084 Nom
567 3033 725 3100 peccatum,
736 3028 786 3083 etsi
796 3037 903 3084 natura·
959 3027 1029 3083 facio
1038 3028 1460 3101 propteriofirmitotemcornis
1468 3033 1577 3095 uestrae,
1589 3028 1616 3083 id
1627 3037 1677 3100 est,
1689 3028 1751 3100 quia

110 3114 174 3170 liter
187 3115 222 3169 sit
237 3115 264 3169 in
274 3114 361 3181 vobis,
374 3123 529 3172 nontamen
541 3117 733 3173 dominabitur
744 3117 775 3172 io
786 3119 869 3185 vobis,
882 3119 905 3173 si
921 3087 943 3147 ⁰
960 3116 1016 3171 scio
1038 3132 1087 3171 ros
1102 3116 1189 3171 adbuc
1208 3115 1364 3172 camelitate
1387 3116 1483 3186 premi,
1509 3133 1560 3172 nec
1575 3118 1641 3173 satis
1656 3116 1751 3176 firmos

109 3202 261 3259 confortato
277 3204 363 3259 libero
378 3204 501 3272 arbitrio,
517 3204 605 3260 velitis
619 3205 667 3271 uti,
685 3205 734 3260 sed
751 3205 842 3276 potius
857 3222 906 3262 ros
958 3203 985 3259 in
1002 3204 1196 3276 spiritualibus,
1221 3205 1378 3260 homonum
1398 3205 1491 3277 utique
1513 3206 1582 3262 dieo.
1606 3207 1676 3262 Nam
1698 3210 1751 3267 boc

109 3290 314 3346 dominabimini
328 3292 380 3363 ipsi
403 3299 525 3363 peccato,
550 3309 584 3349 ne
598 3293 695 3349 babeat
710 3301 814 3350 actum.
835 3296 904 3350 Vere
957 3294 1104 3348 humanum
1120 3302 1170 3359 est,
1182 3295 1258 3349 sieut
1272 3293 1440 3349 exhibuistis
1452 3294 1678 3352 rnembrooestro
1693 3314 1752 3353 ser-

108 3388 253 3451 peecatum
267 3396 321 3437 non
334 3381 516 3437 dominabitur
530 3381 557 3436 in
571 3382 650 3439 vobis
667 3397 673 3437 :
689 3399 747 3439 oca
759 3383 813 3453 jam
827 3386 905 3441 enim
956 3385 1015 3438 vire
1029 3383 1228 3450 immunditie,
1245 3381 1273 3436 id
1283 3389 1324 3437 est
1336 3381 1457 3447 luxuriae,
1472 3381 1550 3454 gulae,
1563 3382 1677 3449 libidini,
1694 3402 1750 3440 ser-

109 3469 177 3528 estis
193 3471 243 3525 sub
259 3471 326 3542 tege,
343 3487 404 3541 quae
419 3486 481 3526 reos
499 3469 751 3540 iaciebatjubendo,
763 3488 817 3527 non
829 3473 906 3541 adju·
955 3471 1014 3526 vire
1029 3471 1108 3526 etiarn
1123 3470 1282 3543 iniquitati,
1299 3469 1326 3523 id
1342 3475 1392 3536 est,
1404 3470 1619 3524 omnicontrario
1629 3472 1747 3542 equitati

108 3557 219 3626 vando;
235 3559 368 3616 acdestis
384 3560 435 3616 aab
448 3560 551 3632 pretio,
563 3576 624 3631 quoe
634 3558 742 3615 dimittit
751 3568 862 3630 peccata
878 3568 905 3615 et
954 3559 990 3614 cd
1009 3557 1250 3614 consummandam
1274 3557 1465 3629 iniquitatem,
1490 3555 1585 3611 saltem
1607 3559 1649 3612 ito
1670 3576 1747 3616 nuno

107 3646 216 3716 adjuvat
230 3647 339 3717 operari
352 3646 434 3703 bona.
953 3644 1048 3700 fideles
1062 3645 1125 3701 lacti
1139 3644 1267 3700 exbibete
1277 3644 1402 3700 mambra
1413 3648 1504 3700 uestro
1514 3646 1617 3701 seruire
1622 3647 1748 3717 justitie

144 3733 214 3801 Quia
230 3735 328 3790 iterum
344 3749 438 3790 errare
454 3750 486 3789 ex
502 3749 535 3790 eo
560 3735 693 3808 quosdam
715 3733 805 3800 sentit,
831 3733 903 3806 quod
953 3733 1043 3788 eundo
1058 3733 1089 3788 io
1109 3733 1375 3801 sanctificationem,
1395 3732 1424 3787 id
1448 3740 1488 3788 est
1508 3732 1535 3787 in
1551 3734 1747 3805 plenitudinem

107 3820 209 3877 dixerat
222 3837 273 3892 per
288 3823 402 3895 gratiam
416 3822 508 3877 omnia
531 3822 642 3890 dimitti,
655 3829 682 3876 et
694 3822 747 3877 hae
762 3819 859 3878 fiducia
874 3837 903 3878 se
949 3820 1069 3890 justitiae.
1081 3821 1139 3877 Hoc
1152 3820 1244 3893 utique
1259 3821 1325 3876 satis
1340 3820 1487 3876 humanum
1502 3830 1553 3893 est,
1575 3830 1603 3877 ut
1618 3833 1747 3896 quantum

105 3925 228 3982 peceare,
252 3910 312 3981 quia
337 3909 426 3982 gratia
446 3917 539 3980 parata
560 3919 627 3978 erat,
653 3917 680 3966 et
703 3909 841 3966 sufficiens
855 3925 902 3964 re·
953 3909 1075 3964 servistis
1098 3909 1217 3976 diabolo,
1242 3916 1344 3964 tantum
1370 3909 1493 3965 serviatis
1514 3911 1582 3976 Dec,
1606 3912 1648 3967 cui
1662 3913 1746 3969 multo

106 3997 198 4054 laxare
212 3997 313 4064 omnia,
339 4006 431 4054 eontra
452 3999 493 4054 sic
516 3998 586 4054 male
610 4005 754 4069 operantes
775 3997 839 4054 dicit
853 3999 903 4054 bac
951 3997 1039 4070 magis
1059 3997 1125 4052 estis
1146 3997 1265 4053 obnoxii.
1281 3997 1352 4053 llere
1368 3997 1430 4069 quia
1445 3998 1516 4053 servi
1531 3999 1591 4055 lacti
1606 4000 1670 4055 estis
1685 4001 1745 4067 Dei,

105 4085 255 4143 intentione
275 4102 330 4142 non
354 4102 417 4142 esse
436 4087 617 4158 peccandum,
634 4087 695 4158 quia
710 4086 797 4160 gratia
811 4087 903 4142 omnia
952 4085 1053 4141 servire
1068 4085 1172 4141 debetis
1183 4086 1302 4156 justitie.
1319 4087 1462 4144 Nemeum
1472 4087 1547 4157 prius
1562 4091 1659 4144 essetis
1673 4091 1747 4145 servi

108 4175 218 4247 quidem
241 4174 359 4244 dimittit,
385 4175 433 4230 sed
458 4175 481 4230 si
504 4174 601 4245 aliquis
624 4175 763 4246 peccando
783 4191 812 4231 se
834 4175 901 4230 sub·
949 4176 1069 4247 peceati,
1087 4172 1167 4230 tiberi
1181 4182 1245 4230 tunc
1259 4175 1356 4246 fuistis
1365 4175 1498 4246 justitiae,
1515 4175 1604 4242 idest,
1621 4186 1746 4248 expertos

107 4262 213 4318 duxerit
227 4263 333 4335 gratia,
356 4261 443 4319 iactus
459 4277 556 4318 servus
570 4263 685 4334 peccati,
701 4263 838 4336 quomodo
852 4263 902 4320 scit
952 4260 988 4316 ab
1007 4262 1081 4317 omni
1105 4261 1218 4331 justitia,
1234 4260 1350 4318 fideliter
1374 4263 1526 4318 servientes
1545 4272 1667 4335 peceato.
1691 4265 1746 4321 Sed

106 4351 130 4406 ai
154 4351 189 4407 ad
217 4351 331 4425 gratiam
359 4351 459 4408 reverti
486 4351 593 4423 poterit,
614 4368 675 4407 cum
696 4351 752 4422 jam
772 4353 901 4424 subjugo
953 4366 1024 4406 nunc
1038 4349 1101 4406 iacti
1122 4350 1194 4405 servi
1213 4349 1332 4420 justitiae,
1358 4350 1440 4423 longe
1456 4350 1562 4407 fidelius
1578 4352 1679 4407 servire
1693 4352 1743 4408 de-

107 4439 210 4511 peccati
221 4439 320 4511 ligatus
335 4439 392 4495 sit?
407 4439 634 4513 Quandoquidem
648 4440 697 4495 sub
711 4441 798 4512 gratia
807 4435 937 4497 sumusD
952 4439 1022 4494 betis
1036 4439 1105 4494 Deo.
1120 4437 1346 4511 Quandoquidem
1360 4454 1453 4495 amore
1463 4439 1568 4511 peccati
1578 4439 1680 4496 lecistis
1695 4457 1745 4496 vos

106 4544 167 4600 quae
182 4525 349 4584 sufficienter
362 4536 459 4600 purgat
472 4529 563 4584 omnia
578 4546 585 4584 :
602 4544 665 4600 erpo
676 4530 741 4602 qaid
754 4530 900 4587 dicemus?
954 4535 1079 4598 expertes
1093 4526 1175 4582 totius
1186 4527 1314 4597 Justitiae:
1331 4544 1484 4600 erqoqeem
1495 4530 1632 4599 fructum,
1650 4528 1676 4582 id
1692 4538 1743 4596 εει,

106 4618 149 4672 Aa
164 4616 226 4672 ideo
239 4615 313 4672 licite
326 4618 514 4690 peccabimus,
531 4619 664 4690 quostiam
679 4620 901 4676 noosemassob
951 4616 1015 4689 quid
1029 4616 1149 4671 utilitatis
1165 4615 1302 4672 habuistis
1317 4620 1385 4672 tenc
1407 4624 1469 4671 ante
1488 4616 1695 4672 conversionem
1711 4619 1744 4673 de

106 4704 175 4775 tege.
193 4720 255 4777 quae
266 4705 388 4773 jubendo
402 4712 500 4778 gravat
513 4713 540 4761 et
554 4721 608 4761 non
620 4705 737 4774 adiuvat,
750 4707 797 4762 sed
807 4722 901 4762 sumus
950 4706 1010 4761 illis
1023 4706 1162 4777 inquibus
1177 4720 1255 4760 nunc
1270 4711 1330 4774 post
1339 4703 1546 4759 conversionem
1557 4706 1745 4761 erubescitis?

106 4791 155 4848 sub
169 4795 273 4864 pretio,
290 4809 349 4864 qua>
364 4801 390 4848 et
406 4802 519 4864 peccata
533 4794 653 4860 remittit,
669 4801 695 4849 et
710 4793 780 4850 bene
795 4795 901 4864 operari
950 4792 1014 4848 ldeo
1028 4793 1067 4847 sic
1090 4792 1284 4866 interrogando
1305 4791 1439 4848 invehitur
1459 4793 1488 4846 in
1509 4807 1566 4859 eos,
1588 4801 1614 4848 nt
1630 4808 1646 4848 a
1661 4795 1746 4849 servi-

104 4878 238 4947 adjuoati
251 4879 346 4937 Absit!
363 4883 430 4948 Hoc,
446 4881 543 4953 inquit,
553 4882 651 4937 abesse
659 4882 749 4945 debet,
763 4890 791 4936 ut
800 4898 901 4954 pecce-
949 4887 1004 4935 tute
1032 4881 1136 4952 peccati
1164 4880 1252 4951 magis
1267 4881 1412 4936 deterreat.
1438 4882 1477 4936 De
1498 4881 1639 4953 temporali
1655 4881 1743 4937 fructu

103 4977 165 5018 mus
180 4962 280 5020 fiducia
289 4964 406 5038 gratire;
423 4965 486 5038 quia
497 4982 531 5022 an
543 4967 661 5023 nescitis
674 4967 744 5039 quod
758 4960 832 5023 serii
841 4969 901 5039 ejus
948 4968 1054 5040 peccati
1083 4968 1145 5024 ideo
1169 4969 1256 5024 solum
1280 4968 1387 5040 requiro
1404 4984 1411 5022 ε
1428 4984 1489 5023 narn
1516 4970 1549 5024 de
1572 4968 1625 5025 fine
1648 4986 1744 5025 eorum

103 5053 171 5109 estis
188 5053 235 5109 coi
250 5054 419 5110 exhibuistis
434 5070 479 5111 uos
490 5054 740 5111 odobediendemt
754 5054 900 5112 Servidico
949 5056 1014 5112 satis
1027 5064 1131 5112 constat
1154 5057 1221 5125 finis
1239 5058 1355 5114 illorum
1370 5061 1412 5112 est
1432 5073 1517 5127 mors,
1533 5057 1561 5113 id
1580 5066 1630 5125 est,
1646 5058 1674 5112 in
1690 5057 1743 5115 fine

102 5137 167 5199 facti
181 5143 228 5197 coi
243 5142 381 5208 obedistis,
399 5142 427 5197 id
442 5151 491 5209 est,
507 5143 535 5198 in
550 5160 581 5199 ea
596 5144 663 5200 bora
677 5143 899 5216 quacitoobedi-
949 5144 1012 5200 vitae
1036 5144 1162 5200 absorbet
1184 5145 1251 5199 istos
1277 5154 1380 5200 aterna
1403 5145 1551 5201 damnatio.
1576 5146 1654 5202 Servi
1679 5147 1743 5203 iacti

103 5227 161 5284 atis.
177 5228 491 5298 Ejusservidic03siue
506 5232 673 5304 precationi
688 5230 829 5296 obedistis,
850 5232 899 5286 du·
948 5232 1052 5304 peccati
1075 5233 1179 5287 nullum
1203 5232 1320 5289 fructum
1350 5233 1492 5297 habuistis,
1518 5234 1567 5289 sed
1592 5252 1670 5291 curre
1693 5252 1743 5308 per

102 5316 189 5372 centis
202 5316 239 5373 od
253 5322 383 5384 mortem,
398 5318 425 5374 id
436 5328 476 5374 est
486 5320 521 5375 ad
533 5320 732 5376 damnationem
741 5339 748 5386 ;
758 5321 815 5376 sive
827 5318 898 5375 servi
947 5321 1062 5395 gratiam
1078 5322 1220 5378 liberatio
1232 5326 1357 5394 peccato,
1374 5323 1447 5378 serui
1461 5326 1557 5377 aetem
1578 5325 1651 5394 sueti
1675 5326 1740 5390 beo,

101 5405 167 5460 estis
181 5407 355 5475 obeditionis,
372 5407 400 5462 id
414 5415 455 5463 est
466 5408 576 5478 justitia
590 5409 714 5466 ducentis
729 5424 777 5465 vos
791 5407 827 5463 od
839 5423 899 5462 ma·
948 5409 1054 5468 bebetis
1069 5414 1197 5482 {ructum
1215 5416 1349 5477 oestrum,
1376 5410 1403 5465 id
1427 5418 1477 5480 est,
1493 5408 1548 5465 fide
1561 5420 1687 5482 suscepta
1703 5413 1744 5467 di-

98 5491 186 5566 jorem
197 5495 366 5567 justitiam,⁸
382 5494 740 5575 qniaobedicodopeceato,
751 5495 823 5556 servi
833 5511 899 5574 pec·
946 5515 1029 5575 gnum
1042 5497 1175 5555 :fructum
1186 5499 1247 5560 dice
1257 5499 1413 5559 tendentem
1424 5500 1455 5557 ie
1472 5500 1740 5572 sanctificationem.
