3750 5984
153 144 205 196 913
792 137 968 196 EPISTOLAE
986 135 1155 209 leNQUE.
1745 143 1797 200 stt

158 263 502 322 etdelectenturinlaetitia.
513 265 667 322 lisinterim
679 263 960 337 gaudiiseossolatur,
975 263 1071 323 atem
1079 272 1220 331 aeternam,
1238 278 1298 336 que
1312 270 1354 319 est
1368 264 1396 318 iu
1410 264 1526 321 Christo.
1543 267 1573 321 ln
1595 266 1629 322 iis
1650 274 1741 323 autem
1752 281 1803 340 pe-

159 352 214 409 imo
231 353 290 409 haec
304 354 404 426 gaudia
414 353 647 426 superabundanti
660 352 754 410 fenore
779 360 953 425 compensata
1005 355 1104 421 tendis,
1119 352 1202 409 modo
1215 350 1358 423 prolixius,
1373 352 1455 408 modo
1469 354 1737 425 compendiosiusest
1751 355 1802 412 im·

158 440 328 512 multiplicat,
343 457 394 513 pro
408 443 518 516 gaudiis
532 442 594 499 vita
606 441 760 515 praesentis,
770 438 954 513 quaerelique·
1004 442 1177 507 morandum,
1194 448 1274 511 prout
1283 455 1313 495 se
1327 440 1410 496 babet
1423 440 1467 496 vel
1482 443 1611 513 temporis
1639 443 1799 515 opportuni-

158 536 231 595 runt,
243 529 330 584 donec
345 530 502 601 centuplum
517 530 652 602 accipiant
665 537 692 586 et
711 529 794 585 vitam
823 536 954 584 artemam
1004 539 1056 598 tas,
1067 528 1270 586 velderotiouis
1284 526 1408 584 affectus.
1428 529 1493 584 Plus
1507 545 1571 586 vero
1593 546 1648 602 quo
1662 529 1761 589 aflectu
1775 539 1802 589 ει

160 616 330 689 possideant.
361 619 452 674 Pauca
475 617 584 691 quidem
610 625 682 685 sunt,
708 633 769 690 quae
788 616 836 671 tibi
862 616 954 673 dicere
1003 618 1150 682 desiderio,
1172 631 1253 688 quam
1267 616 1365 687 quibus
1380 616 1471 672 verbis
1485 617 1537 672 ista
1551 617 1669 688 petenda
1687 618 1742 676 sint
1755 633 1802 677 cu·

156 719 280 775 possum,
292 711 385 776 utpote
401 705 479 762 miles
494 707 581 763 adhuc
595 707 629 761 ad
639 705 792 762 uovabello
801 703 878 760 rudis
888 721 895 771 ;
905 704 954 760 sed
1004 723 1066 762 rare
1080 705 1221 761 debemus.
1243 705 1316 761 Deus
1327 703 1400 760 enim
1412 719 1467 760 nou
1481 719 1595 761 necesse
1609 706 1692 762 babet
1707 714 1736 763 ut
1750 721 1801 764 nos

156 800 186 848 tu
200 808 285 863 pensa
299 808 401 865 magna
415 794 449 850 de
463 793 593 862 minimis,
609 793 727 866 plurima
737 794 770 849 de
785 792 893 865 paucis.
911 793 953 848 ab
1004 795 1029 850 ci
1045 793 1246 860 necessitatem,
1262 791 1307 849 vel
1322 791 1486 848 voluntatem
1493 801 1616 850 nostram
1624 794 1802 867 verbisquaai

157 880 192 936 iis
206 880 312 952 gaudiis
327 888 353 937 et
367 882 462 938 tandiu
476 881 596 939 abfuisse
609 898 714 956 gemes,
741 890 768 938 et
781 882 857 939 dices
873 896 879 936 :
895 883 954 937 flea
1002 880 1219 946 manifestemus,
1236 879 1283 953 qui
1302 878 1382 952 (sicut
1408 878 1520 953 legitur)
1532 880 1586 938 scit
1612 880 1712 954 quihus
1729 896 1801 956 opus

158 969 241 1025 mibi!
257 971 324 1042 qula
337 970 481 1028 incolatus
493 985 573 1027 meua
599 971 784 1043 procuratur
798 973 841 1027 ast
863 969 952 1037 (Psol.
1003 971 1039 1026 sit
1052 969 1142 1038 nobis,
1158 976 1306 1041 antequam
1320 975 1446 1040 petamus
1455 983 1537 1037 ctun3
1553 969 1602 1026 sed
1612 985 1663 1026 nos
1675 967 1800 1028 ineflabi-

157 1070 235 1125 cxrx,
252 1056 290 1127 5),
306 1065 358 1114 etc.
375 1058 417 1113 ad
427 1057 573 1115 laboreste
587 1058 829 1125 vocaricredebas,
839 1056 874 1113 ad
885 1072 953 1131 gau·
1003 1057 1065 1113 liter
1077 1057 1244 1130 indigemus,
1265 1063 1293 1112 ut
1311 1056 1371 1126 ejus
1385 1054 1518 1113 beneficia
1545 1057 1650 1114 ardenti
1662 1056 1800 1116 desidmm

158 1142 204 1199 dia
216 1151 243 1201 te
253 1143 346 1208 inrito,
360 1145 429 1202 Veni
444 1161 521 1219 ergo,
537 1162 572 1202 ne
593 1144 714 1213 differas,
730 1154 757 1202 et
778 1161 886 1203 mecum
900 1145 952 1202 bo·
1003 1145 1169 1218 flagitemus.
1184 1145 1241 1201 lloc
1256 1150 1348 1201 autem
1376 1151 1450 1200 nuto
1470 1143 1606 1202 efficacius
1628 1160 1799 1218 possumus;

156 1247 217 1287 rum
226 1232 390 1304 gaudiomm
413 1232 525 1302 fructus,
541 1241 569 1290 ει
582 1233 684 1305 pariter
710 1233 770 1306 spei
789 1240 953 1290 aetemomm
1003 1240 1104 1306 quanto
1119 1232 1208 1306 gratia
1222 1231 1338 1304 Spiritus
1350 1230 1439 1288 sancti
1452 1232 1581 1302 adjuvare
1608 1233 1738 1307 dignatur
1749 1249 1801 1292 no·

156 1333 238 1392 carpe
251 1319 392 1379 libamina.
407 1321 473 1379 Haec
487 1322 590 1394 gaudia
603 1337 655 1378 uec
675 1323 813 1379 somniare
839 1329 953 1394 possunt
1004 1328 1088 1377 stram
1103 1318 1297 1376 intinnitatem.
1313 1318 1428 1376 Dicente
1440 1334 1558 1393 namque
1568 1320 1698 1393 apostolo
1710 1338 1718 1377 :
1728 1321 1800 1391 Quid

156 1407 203 1480 qui
216 1408 395 1467 secularibus
409 1411 501 1467 causis
516 1418 544 1467 ει
558 1410 685 1484 negotiis,
702 1419 728 1466 ει
737 1409 820 1467 variis
829 1410 892 1468 vitre
905 1426 952 1467 ro·
1003 1424 1116 1465 oremus
1123 1409 1198 1464 sicat
1207 1411 1317 1480 oportet
1325 1409 1477 1473 nescimus,
1484 1408 1532 1464 sed
1537 1410 1597 1481 ipae
1604 1409 1730 1480 Spiritus
1736 1425 1800 1467 son·

156 1496 303 1569 luptatibus
317 1505 343 1553 et
358 1497 431 1554 curis
453 1497 615 1555 inserviunt.
635 1497 744 1555 Amisso
758 1499 830 1555 enim
859 1514 951 1567 sensu,
1003 1501 1067 1553 ctus
1080 1496 1210 1568 postulat
1221 1509 1273 1568 pro
1287 1494 1367 1551 nobis
1393 1496 1543 1566 gemitibus
1557 1497 1798 1556 inenarrabilibus

155 1583 257 1658 stupidi
272 1585 366 1653 corde,
383 1593 411 1642 et
424 1586 502 1658 quasi
515 1585 699 1643 febricitantes
707 1595 783 1642 sunt.
797 1587 872 1644 Licet
886 1602 989 1681 sua-3
1003 1587 1095 1656 (Rom.
1114 1598 1174 1650 vm,
1190 1585 1246 1653 26).
1263 1581 1392 1649 Postulat,
1399 1581 1477 1649 dixit,
1491 1583 1519 1639 id
1529 1591 1570 1640 est
1579 1583 1719 1655 postulare
1725 1584 1799 1652 lacit,

93 1686 99 1700 ·
156 1671 210 1739 via,
227 1671 291 1728 licet
310 1672 402 1729 dulcia
419 1672 533 1741 fercula,
549 1682 577 1729 ει
590 1674 689 1745 pocula
717 1673 818 1731 offeras
843 1673 953 1732 febrici-
1004 1672 1048 1728 vel
1063 1670 1218 1743 postulandi
1230 1677 1344 1742 praestat
1358 1668 1494 1727 affectum.
1510 1671 1588 1728 Nunc
1598 1671 1634 1727 ad
1648 1679 1702 1728 tres
1718 1687 1802 1746 supra

154 1759 232 1826 tanti,
246 1775 301 1816 nou
316 1760 423 1831 sapiunt
437 1760 472 1828 ei,
489 1762 554 1833 quia
569 1778 680 1818 sensum
695 1777 750 1818 non
760 1762 852 1819 habet.
861 1761 953 1818 Multi·
1003 1759 1107 1831 positas
1120 1758 1266 1831 petitiones
1274 1765 1455 1814 revertamur.
1468 1757 1589 1815 Primum
1602 1774 1670 1832 ergo
1683 1761 1802 1833 petenda

155 1847 276 1903 tudinem
292 1848 393 1920 quippe
408 1848 562 1905 dulcedinis
581 1865 638 1906 suae
651 1849 795 1906 abscondit
814 1849 953 1907 ‘Dominus
1003 1854 1045 1903 est
1059 1845 1229 1919 indulgentia
1243 1853 1428 1917 peccatorum,
1438 1862 1493 1903 non
1507 1861 1601 1903 eorum
1611 1854 1723 1918 tantum,
1734 1863 1804 1921 quc·

155 1935 312 1992 timentibus
327 1952 368 1992 se.
383 1936 440 1992 lllis
455 1936 560 1994 scilicet
574 1938 717 1995 abscondit
730 1938 764 1993 ab
779 1937 853 2005 aliis;
873 1946 902 1994 ut
916 1938 955 1993 illi
1003 1951 1065 1990 rum
1076 1935 1156 1990 nobis
1171 1935 1274 1992 conscii
1288 1950 1393 2006 sumus,
1409 1934 1502 2006 idest,
1517 1934 1655 2007 inquibus
1669 1950 1720 1992 nos
1733 1934 1802 1994 deli·

154 2023 280 2090 sentiant,
296 2023 341 2078 alii
355 2039 421 2081 non.
444 2024 523 2098 Rogo
541 2032 633 2081 autem
648 2032 745 2082 utnon
772 2025 953 2097 prolixitatem
1004 2023 1292 2097 quissecognovimus,
1305 2021 1355 2078 sed
1370 2028 1503 2079 eteorum
1520 2023 1548 2078 iu
1565 2023 1800 2097 quibusiguoran-

153 2111 302 2168 verborum
316 2127 417 2183 penses
431 2112 633 2170 multitudinem
643 2113 793 2170 charitatis.
808 2115 953 2187 Nunquam
1003 2118 1044 2166 ter
1057 2110 1127 2182 lapsi
1155 2125 1259 2167 sumus.
1288 2110 1316 2167 Si
1341 2109 1412 2166 enirn
1440 2109 1526 2183 culpae
1550 2126 1618 2183 quas
1643 2112 1802 2185 ignoranter

156 2198 228 2255 enim
243 2198 309 2254 mibi
324 2199 392 2254 satis
407 2199 519 2270 dixisse,
531 2215 672 2273 nunquam
686 2201 752 2257 satis
766 2200 865 2258 fecisse
877 2203 952 2259 vide·
1004 2198 1190 2256 commisimus
1204 2214 1259 2256 non
1283 2205 1376 2254 essent
1399 2197 1536 2269 timendae,
1554 2215 1610 2256 non
1622 2199 1759 2257 diceretur
1772 2201 1801 2256 in

155 2288 217 2354 bor,
233 2287 323 2345 donec
333 2287 619 2357 voluntatemchristi,
635 2296 662 2345 et
676 2289 844 2346 desiderium
862 2305 953 2346 meum
1002 2287 1800 2359 Psalmozlpnoroniinsmcaanememineriaffaolxxrv,

155 2374 323 2447 implereris.
341 2375 418 2431 Vale.
434 2375 541 2433 Educat
556 2383 582 2432 te
596 2377 729 2434 Dominus
743 2377 778 2433 de
792 2377 854 2434 lacu
868 2377 952 2434 mise-
1003 2374 1041 2445 7).
1057 2376 1091 2430 Et
1106 2374 1252 2447 Apostolus
1262 2390 1324 2431 cum
1348 2373 1480 2431 dixisset:
1496 2376 1574 2433 flilra'l
1587 2375 1659 2433 mint
1672 2377 1802 2434 conscias

154 2461 202 2518 riae
215 2469 242 2518 et
255 2462 355 2519 deluto
369 2463 455 2531 faecis,
472 2471 499 2519 et
513 2470 615 2521 statuat
638 2481 720 2537 supra
734 2472 838 2536 petram
867 2466 953 2538 pedes
1002 2479 1076 2531 anm,
1091 2462 1220 2519 contiuuo
1228 2462 1332 2518 addidit
1348 2478 1354 2517 ε
1372 2463 1488 2521 sednon
1501 2464 1534 2520 in
1546 2464 1598 2521 boc
1620 2463 1800 2535 justificatas

153 2555 225 2618 tuos,
237 2559 265 2606 et
279 2551 397 2625 dirigere
411 2551 540 2624 dignetur
552 2568 667 2626 gressus
681 2560 750 2610 tuos.
765 2553 870 2626 Eripiat
891 2554 964 2609 aui-·
1003 2567 1065 2607 mm
1081 2551 1106 2619 (l
1120 2550 1180 2608 Cor.
1197 2565 1236 2616 ιν,
1255 2550 1282 2623 l)
1299 2565 1305 2604 ε
1322 2549 1449 2607 videlicet
1464 2566 1494 2606 se
1513 2550 1541 2606 in
1551 2551 1648 2628 *mulus
1662 2567 1712 2623 per
1725 2550 1801 2626 iguo·

153 2652 228 2694 mam
242 2645 316 2694 tuam
330 2638 365 2695 de
379 2646 478 2709 morte,
494 2640 591 2697 oculos
604 2648 666 2698 tuos
680 2657 696 2697 a
710 2641 850 2712 lacrymis,
867 2642 952 2714 pedes
1004 2637 1116 2694 rentiam
1128 2636 1288 2710 deliquisse,
1314 2638 1360 2696 rel
1373 2637 1535 2711 delinquere
1549 2638 1672 2712 potuisse
1694 2638 1802 2712 siguifi-

154 2732 215 2782 tuos
227 2741 245 2781 a
258 2726 346 2799 lapsu.
370 2730 468 2785 amen.
1002 2726 1166 2781 canslurta
1182 2726 1256 2798 quod
1270 2733 1296 2782 et
1310 2725 1379 2782 alius
1394 2727 1536 2798 apostolus
1549 2727 1617 2784 dixit
1631 2744 1639 2782 ε
1655 2729 1689 2783 ln
1700 2728 1802 2786 mallia

1002 2815 1080 2871 enlm
1093 2813 1263 2886 offendimus
1273 2828 1369 2871 omnes
1380 2816 1452 2886 (loe.
1462 2828 1504 2884 nr,
1514 2815 1553 2886 a).
1564 2816 1594 2870 ln
1604 2815 1800 2874 secundavero

408 2877 617 2936 EPISTOLA
653 2880 697 2936 ¹¹·
1002 2901 1133 2972 petitione
1147 2902 1342 2974 duopraeterea
1357 2901 1485 2959 diriesse
1512 2902 1683 2976 postulanda,
1704 2902 1798 2973 idest,

447 2998 650 3042 anmrouuua.
967 2965 1056 3046 onou
1071 2990 1159 3047 solum
1174 2990 1371 3062 operationem,
1387 2991 1437 3047 sed
1451 3000 1479 3048 et
1492 2990 1678 3064 cognitionem
1700 2990 1800 3050 divina

423 3090 462 3147 pe
475 3091 556 3147 modo
570 3089 680 3147 orandi,
1001 3078 1165 3134 voluntatis:
1182 3076 1247 3150 quia
1269 3077 1349 3135 facilc
1371 3085 1446 3135 errat
1461 3078 1563 3152 quisin
1586 3095 1620 3136 eo
1644 3079 1716 3152 quod
1743 3094 1799 3136 nou

188 3193 319 3250 mom
333 3193 582 3252 mmmmm
604 3195 689 3252 ,mer
715 3198 842 3253 ,oms
878 3197 950 3255 salu,
1001 3164 1138 3239 iutelligit,
1153 3173 1181 3220 et
1194 3173 1284 3238 potest
1298 3166 1389 3239 decipi
1402 3165 1495 3240 specie
1515 3167 1592 3235 recti,
1621 3174 1652 3222 ut
1676 3164 1799 3224 videatur

154 3287 210 3338 ,em
586 3236 592 3262 '
845 3240 851 3264 ’
1001 3253 1036 3319 ei,
1053 3252 1126 3325 quod
1140 3253 1242 3310 bonum
1256 3260 1308 3319 est,
1325 3254 1438 3326 malurn,
1449 3263 1477 3311 et
1492 3255 1566 3328 quod
1580 3253 1799 3323 malumembo·

932 3373 950 3428 d
1001 3357 1074 3396 num.
1092 3341 1169 3398 Unde
1183 3341 1316 3415 propheta
1329 3359 1335 3397 :
1348 3343 1390 3399 Vra
1404 3343 1448 3400 bia
1457 3345 1506 3417 qai
1520 3343 1741 3402 dicantmolam
1754 3343 1800 3402 bo·

1000 3446 1081 3495 num,
1097 3428 1356 3486 etbonammalam
1367 3431 1432 3501 (lan.
1449 3445 1477 3500 v,
1487 3432 1545 3503 ιι).
1556 3430 1681 3501 Quodne
1695 3444 1750 3489 nos
1759 3429 1799 3488 iu·

1000 3530 1155 3586 curramus,
1167 3516 1296 3586 jubemur
1310 3516 1338 3572 in
1351 3517 1505 3590 Evangelio
1519 3518 1720 3576 cumcolumboe
1729 3517 1798 3575 aim-

187 3322 281 3442 Nuper
294 3385 357 3428 cum
370 3371 406 3428 de
417 3372 501 3429 modo
522 3371 619 3428 orandi
646 3372 778 3444 querenti
793 3373 850 3443 tibi,
876 3388 931 3445 quo

151 3457 269 3516 Domino
278 3459 362 3515 dante
376 3459 443 3515 mihi
457 3459 546 3517 visum
571 3467 613 3515 est
628 3461 845 3531 respondissem,
872 3477 949 3517 sum-

151 3561 264 3618 mopere
278 3546 431 3618 postulasti,
447 3555 476 3602 ut
490 3547 593 3619 scripto
601 3547 651 3602 tibi
660 3547 808 3619 dirigerem
832 3556 888 3605 tres
898 3565 949 3622 pe-
1031 3604 1062 3616 ,,
1273 3604 1279 3615 .
1466 3606 1471 3617 .

151 3633 271 3702 titiones,
286 3635 315 3690 in
334 3635 432 3707 quibus
456 3650 590 3691 summam
609 3636 773 3702 orationum,
803 3651 874 3709 qm
899 3653 950 3708 pm
999 3604 1131 3676 pbcrtate,
1153 3605 1326 3677 prudentiam
1354 3615 1489 3678 serpentis
1510 3606 1614 3663 habere
1638 3607 1748 3676 (uana.
1764 3621 1795 3674 x,

1001 3692 1058 3761 16);
1074 3708 1154 3764 quam
1170 3692 1217 3766 qui
1230 3693 1342 3761 babent,
1357 3692 1434 3768 luget
1448 3709 1497 3751 eos
1522 3694 1663 3767 propbeta,
1679 3693 1795 3751 dicens:

152 3723 232 3778 nobis
241 3722 344 3793 singuli
357 3722 482 3790 facimus,
498 3723 622 3780 dixeram
635 3731 760 3781 constare
788 3725 899 3782 debere.
915 3725 951 3781 Et
1001 3780 1137 3853 Ephraim
1146 3784 1243 3852 [mm
1252 3786 1294 3838 m
1308 3782 1384 3840 m,
1397 3781 1526 3840 columba
1541 3782 1667 3851 upum,
1679 3798 1737 3841 ,m
1748 3780 1799 3839 tm.

152 3811 215 3882 qnia
228 3810 263 3867 ad
277 3810 451 3867 excitandum
464 3811 617 3871 derououis
638 3811 774 3879 aflectum,
796 3815 849 3870 hoc
862 3813 950 3886 pluri·
1381 3869 1386 3881 .
1451 3870 1456 3880 .

151 3914 228 3954 mum
241 3899 334 3956 valere
361 3899 496 3967 dixeram,
518 3900 542 3956 si
569 3916 625 3958 non
654 3917 762 3973 semper
790 3902 949 3958 eorumdem
1000 3866 1797 3943 benecorflfae.vu,ll).Quraqurdamvoleutescolumbte

152 4001 232 4043 nsum
247 3988 394 4044 verborum
403 4004 551 4061 sequamur
565 4007 573 4056 3
589 3989 726 4062 sedpront
739 3988 853 4046 affectus
868 3989 950 4046 dicta·
999 3955 1200 4057 ⁸imR¹i⁰i⁸⁸¹⁰¹¹J
1213 3958 1324 4057 39618Γῄ
1340 3973 1373 4014 ‘³⁰
1388 3958 1461 4034 ΨΜ
1482 3973 1540 4025 ⁰⁰¹⁹
1571 3957 1598 4013 id
1614 3965 1665 4027 ⁰⁵¹¹
1693 3957 1796 4015 imni·

870 4117 879 4147 Ι
894 4079 951 4151 φή,
1000 4054 1120 4117 gentiam
1134 4051 1256 4103 veritatis
1271 4061 1325 4103 non
1340 4047 1449 4116 babent,
1461 4046 1630 4104 seducuntur
1643 4054 1671 4103 et
1694 4055 1795 4104 errant.

1000 4133 1074 4203 Quas
1088 4135 1218 4191 tenebras
1233 4134 1332 4190 erroris
1346 4142 1374 4191 ει
1387 4134 1549 4209 ignorantiae
1562 4150 1597 4191 ne
1611 4149 1661 4191 uos
1676 4135 1800 4192 incurra-

999 4237 1070 4287 mus,
1087 4221 1161 4295 omni
1176 4222 1304 4278 instantia
1318 4228 1347 4278 et
1355 4222 1445 4279 studio
1459 4221 1594 4278 orandum
1610 4230 1660 4292 est,
1677 4230 1707 4278 ut
1720 4222 1798 4280 illurn
1853 4231 1856 4237 '

999 4307 1183 4365 sincerissima
1193 4316 1221 4365 ει
1245 4308 1515 4387 perseverantissima
1541 4309 1693 4371 imitatione
1720 4311 1798 4383 sequi

1000 4411 1163 4463 mereamur,
1174 4396 1222 4469 qui
1232 4396 1297 4454 dicit
1314 4412 1320 4451 :
1340 4398 1526 4470 Qolaeqna'tar
1534 4413 1592 4467 me,
1604 4398 1797 4457 mnnmbalct

999 4482 1031 4539 in
1047 4483 1180 4550 tenebris,
1196 4484 1245 4541 scd
1259 4483 1342 4542 babet
1358 4486 1456 4543 lumea
1472 4486 1539 4542 vitra
1554 4486 1646 4556 (lona.
1662 4500 1724 4555 uun,
1740 4488 1796 4557 ld).

1000 4569 1130 4643 Operatio
1141 4587 1208 4629 vero
1218 4571 1317 4629 divina
1337 4572 1482 4630 voluntatis
1500 4573 1528 4630 in
1542 4573 1597 4630 illis
1610 4573 1719 4631 duobus
1733 4588 1798 4634 acn-

1000 4659 1080 4727 sistit‚
1097 4675 1159 4732 qua
1174 4659 1294 4717 breviter
1304 4676 1435 4733 expressa
1456 4669 1528 4733 sunt,
1550 4662 1598 4718 ubi
1612 4662 1714 4719 dictum
1741 4668 1797 4719 eat:

1000 4748 1117 4806 Destino
1133 4749 1240 4807 amolo
1254 4753 1284 4806 at
1292 4751 1339 4820 soc
1354 4749 1554 4822 bonamfPaol.
1565 4747 1798 4820 insaucia

1000 4836 1054 4892 duo
1064 4852 1147 4908 quam
1161 4836 1328 4909 generaliter
1340 4837 1574 4909 comprehendant
1588 4836 1722 4911 quidquid
1736 4835 1800 4892 ubi·

1001 4922 1091 4995 quein
1107 4923 1254 4996 Scripturis
1267 4925 1433 4996 pmcipitur,
1449 4924 1531 4982 facile
1549 4924 1662 4997 quilibet
1674 4923 1799 4981 animad-

1000 5012 1089 5069 vertit.
1105 5011 1196 5068 Tertio
1210 5012 1291 5083 (sicut
1314 5013 1381 5084 dixi)
1402 5013 1523 5085 peteuda
1541 5020 1583 5070 eat
1604 5012 1659 5069 vita
1685 5019 1798 5080 osterna,

1002 5107 1031 5156 ut
1045 5099 1162 5172 simplici
1176 5101 1265 5169 oculo,
1281 5101 1308 5156 id
1332 5108 1383 5168 est,
1409 5101 1516 5157 sincera
1540 5099 1690 5158 intentione
1712 5101 1801 5158 Deum

187 5183 272 5255 Igitur
286 5191 419 5256 quantum
433 5184 560 5256 parvitati
573 5200 643 5243 meae
659 5186 735 5242 dedit
760 5187 894 5244 Dominus
909 5187 951 5243 in·
1003 5202 1159 5260 queramus
1175 5207 1183 5257 3
1198 5196 1226 5245 et
1251 5188 1280 5245 iu
1296 5189 1422 5245 omnibus
1438 5204 1499 5262 qua
1525 5189 1643 5262 aginam,
1663 5188 1802 5263 nequead

152 5270 285 5343 telligere,
303 5272 356 5328 tria
371 5273 502 5330 debemus
518 5273 618 5346 singuli
632 5290 682 5345 pro
695 5274 775 5331 nobis
784 5275 812 5330 iu
827 5275 951 5333 oratioue
1001 5276 1151 5349 appetitum
1159 5276 1248 5333 laudis
1263 5277 1398 5344 humanae,
1410 5277 1485 5349 quod
1505 5285 1547 5335 est
1554 5278 1734 5350 hypocrysim
1749 5292 1802 5334 ue·

152 5367 257 5430 petere.
274 5361 395 5416 anum
409 5361 519 5418 reniam
534 5360 705 5418 delictorum.
717 5363 824 5420 Deinde
832 5363 951 5438 agnitio·
1003 5366 1099 5438 quead
1114 5364 1247 5438 quidlibet
1261 5365 1347 5434 aliud,
1362 5364 1675 5422 uisitautumadDeum
1697 5364 1804 5423 habon-

152 5461 215 5505 uem
231 5454 257 5504 et
271 5448 458 5522 operationem
472 5449 572 5507 diviua
586 5449 742 5506 voluntatis.
759 5449 849 5509 Tertio
878 5451 952 5510 salu·
1002 5453 1168 5511 dumuustra
1178 5453 1304 5511 flectatur
1316 5454 1440 5515 intendo.
1451 5456 1485 5511 fn
1494 5454 1691 5526 simplicitate,
1702 5453 1800 5527 iuquit,

151 4075 230 4142 verit,
243 4074 328 4132 verba
341 4075 490 4143 variantes,
504 4075 549 4133 vel
562 4092 596 4133 ex
610 4077 677 4149 ipsis
700 4077 869 4134 orationibus

150 4161 202 4219 bus
216 4162 316 4219 utimur
328 4163 356 4218 in
368 4163 504 4231 Ecclesia,
520 4163 563 4220 vel
578 4179 611 4220 ex
625 4165 717 4221 verbis
726 4180 868 4222 sacrarum
881 4166 950 4223 Scri·

151 4256 304 4322 plurmum,
320 4251 466 4324 petitiones
480 4260 588 4308 nostras
607 4251 794 4320 insonnemus,
810 4255 863 4310 boc
877 4269 948 4327 quo·

151 4354 205 4411 que
218 4339 395 4396 devotissime
418 4339 531 4411 petiisti,
547 4347 577 4396 nt
591 4340 683 4413 aliqua
696 4340 746 4396 tibi
758 4341 787 4398 iu
800 4342 872 4398 huuc
885 4357 945 4398 mo·
958 4313 984 4374 D

150 4427 217 4483 dum
231 4428 454 4495 conscriberem
471 4427 760 4501 quibuscommcuitus
774 4429 844 4487 hauc
853 4429 950 4486 orandi

151 4513 267 4572 formam
281 4515 360 4588 sequi
369 4515 487 4572 valeres.
499 4516 656 4588 Postposita
663 4517 753 4590 igitur
762 4518 946 4588 excusatione,

149 4617 185 4659 ae
199 4603 291 4675 potius
304 4604 431 4660 charitati
445 4602 576 4671 defuisse,
593 4619 676 4676 quam
702 4605 775 4674 iuste
803 4620 950 4663 excusasse

151 4690 271 4758 viderer,
286 4706 338 4762 pro
352 4691 455 4748 viribus
473 4707 541 4764 quas
555 4691 688 4748 Dominus
702 4691 768 4749 dare
781 4692 948 4766 dignabitur,

150 4778 289 4836 desiderio
300 4787 345 4835 tuo
360 4779 517 4837 satisfacere
538 4779 652 4836 curabo.
671 4780 743 4836 blalo
765 4780 837 4837 enim
853 4789 882 4838 ut
906 4799 950 4839 me

149 4866 286 4938 imperitia
299 4883 361 4924 mea
374 4873 495 4936 accuset,
511 4881 594 4940 quam
608 4868 715 4940 quade
740 4868 824 4926 corde
838 4877 885 4926 tuo
899 4871 951 4927 boc

142 4954 224 5025 iubet
238 4955 368 5025 charitas,
386 4962 507 5012 accuset.

274 5062 324 5118 llic
352 5046 486 5134 proponit
497 5061 556 5117 trin
569 5077 628 5119 esse
645 5062 829 5134 postulando.
