3742 5986
170 134 223 189 '139
592 133 763 191 GUlGONlS
783 135 794 190 l
812 131 1017 191 ctatuusnss
1037 131 1190 211 ‚attolus
1210 133 1349 190 PRIORIS
1368 133 1401 190 V.
1772 132 1823 188 'tto

168 265 291 332 diurnos,
306 260 451 335 pelliciam,
480 259 576 332 pelles,
601 259 769 324 mantellum,
798 257 947 331 caputium,
975 256 1091 315 misnae
1119 255 1168 330 [al.
1198 256 1341 331 mitaneas]
1369 256 1462 312 laneas
1487 254 1566 322 duas,
1581 252 1734 327 ‚lumbaria
1755 252 1819 321 duo,

167 363 278 437 cingula
292 362 356 427 duo,
375 360 510 415 sotulares
526 374 621 415 corum
635 358 670 415 de
684 358 784 415 bovina
797 356 870 430 pelle
891 356 970 413 liunt.

203 465 230 519 2.
260 460 284 515 Α
313 458 443 514 Kalendis
466 456 630 513 Novembris
658 471 740 511 unam
769 455 888 512 tunicam
913 464 1034 513 veterem
1061 455 1197 526 reddunt,
1227 470 1366 527 unamque
1392 467 1494 510 novam
1521 449 1659 522 accipiunt
1676 464 1683 507 :
1699 449 1822 506 simililer

169 574 221 630 par
234 557 385 630 caligarum
400 556 535 624 reddunt,
553 564 580 612 et
592 571 644 628 par
657 554 809 628 caligarum
823 570 927 628 parque
947 554 1088 626 pedulium
1109 560 1230 609 sumunt.
1249 550 1338 608 Pelles
1359 558 1387 608 et
1408 548 1529 623 pellicias
1553 547 1690 619 accipiunt
1704 554 1822 618 veteres,

169 669 218 710 eas
233 653 359 710 videlicet
373 667 441 724 quas
456 652 571 708 reddunt
585 651 731 718 monachi,
748 650 815 709 cum*
824 666 910 707 novas
924 649 1070 723 accipiunt.
1090 650 1198 707 Habent
1212 648 1302 706 adhuc
1315 648 1350 704 ad
1368 647 1467 704 lectum
1486 644 1604 718 paleam,
1620 642 1735 714 filtrum,
1760 645 1822 718 pnl-

169 750 248 807 vinar
273 758 376 806 cotum.

207 851 234 903 3.
250 791 273 902 ’t
287 846 391 903 Pascha
404 860 490 917 usque
503 843 537 899 ad
557 842 656 900 lestum
686 844 715 900 S.
744 843 921 900 llichaelisa
949 842 1037 915 prima
1064 857 1152 914 usqne
1178 840 1214 896 ad
1245 838 1453 913 completorium
1480 839 1620 897 nocturnis
1654 838 1822 897 sotularibus

168 961 224 1003 non
238 953 360 1001 utuntur.
390 945 421 998 ln
447 941 580 1014 superiori
607 942 688 997 etiam
715 940 876 997 dormitorio
905 955 1064 999 communes
1092 938 1197 1007 lectos,
1221 937 1365 1009 pellicias,
1389 936 1578 1011 amularesque
1605 944 1758 994 nocturnos
1773 939 1821 993 ba-

170 1042 247 1099 bent.
279 1042 309 1097 ln
336 1040 463 1097 omuibus
491 1039 646 1112 hujusmodi
672 1039 744 1094 aliud
773 1038 839 1093 nihil
867 1045 987 1110 curatur,
1021 1036 1074 1092 uisi
1101 1045 1132 1092 ut
1157 1036 1246 1109 trigas
1263 1043 1391 1092 arceatur
1418 1043 1445 1092 et
1472 1033 1582 1092 nuditas
1604 1041 1729 1109 tegatur..
1753 1035 1823 1091 Nam

169 1139 337 1211 alligaturas
352 1136 510 1194 sotularium
525 1144 552 1193 et
566 1152 661 1192 renum
676 1135 785 1209 cingula
799 1134 834 1190 de
849 1136 931 1191 cruda
945 1140 1045 1207 gerunt
1055 1133 1158 1189 canalm
1172 1131 1358 1203 lumbariaque
1368 1131 1427 1203 ipsa
1437 1132 1570 1188 canabina
1584 1139 1658 1187 aunt.
1674 1132 1756 1188 Adeo
1770 1148 1822 1188 non

170 1237 234 1309 quid
248 1236 350 1293 vanitas
364 1242 409 1290 aut
424 1235 558 1305 voluptas,
574 1234 623 1290 sed
637 1234 709 1306 quod
725 1232 774 1306 [al.
792 1230 880 1305 quid]
890 1231 949 1287 sola
962 1230 1112 1288 necessitas
1125 1235 1170 1284 aut
1182 1228 1282 1285 utilitas
1296 1228 1415 1301 postulet
1426 1229 1570 1301 cogitatur.

207 1334 233 1388 l.
245 1333 352 1389 Habent
367 1340 395 1388 et
408 1331 536 1388 scutellas
551 1331 619 1386 duas
633 1330 668 1386 ad
683 1329 769 1398 cibos,
787 1330 823 1385 ad
836 1344 936 1401 panem
956 1343 1037 1384 unam
1052 1327 1172 1382 mantilis
1188 1326 1268 1392 loco,
1297 1326 1333 1381 ad
1355 1325 1503 1382 munditias
1524 1341 1608 1382 unam
1630 1325 1820 1399 grandiorem,

166 1431 277 1502 iustam,
295 1431 438 1502 scyphum,
455 1428 593 1495 salariam,
605 1427 733 1485 cochlear
747 1434 775 1483 et
788 1425 940 1492 cultellum,
955 1441 1003 1484 vas
1023 1426 1175 1497 aquarium,
1199 1425 1363 1481 ferramenta
1391 1424 1485 1494 etiarn,
1502 1425 1637 1494 securim,
1663 1423 1821 1492 fossorium,

169 1529 324 1595 dolabrum,
340 1527 474 1596 subulam,
501 1525 662 1595 falciculam,
685 1542 750 1583 acus
774 1524 853 1592 duas,
878 1523 954 1579 silum
977 1520 1087 1580 forfices
1108 1523 1256 1580 terebmm.
1282 1522 1347 1578 llaec
1366 1521 1521 1593 quicunque
1548 1521 1649 1595 legerit
1676 1519 1822 1581 riderarel

169 1626 372 1700 reprehendere
386 1640 441 1682 non
455 1623 573 1695 lestinct,
589 1623 642 1678 nisi
656 1623 730 1695 prius
745 1622 827 1679 vitam
841 1620 997 1692 huiusmodi
1006 1620 1034 1676 in
1046 1620 1094 1675 tali
1102 1619 1248 1675 solitudine
1263 1625 1290 1674 et
1303 1597 1374 1674 int'er
1383 1625 1456 1674 muta
1470 1616 1575 1675 durent
1594 1617 1714 1692 frigora.

838 1745 1035 1803 CAPITULUll
1049 1743 1142 1800 LVlll.

564 1849 639 1917 Quod
655 1847 786 1920 loquendi
800 1862 865 1902 cam
880 1846 1029 1902 extraneis
1048 1843 1196 1899 licentiam
1209 1857 1268 1898 non
1281 1849 1424 1915 querant.

206 1971 232 2024 1.
247 1965 426 2039 colloquendi
442 1964 522 2022 simul
538 1980 597 2020 cum
614 1964 657 2018 his
671 1963 717 2036 qui
732 1963 831 2019 domus
845 1962 924 2032 hujus
938 1975 994 2017 non
1009 1964 1072 2016 sunt
1085 1956 1224 2014 licentiam
1237 1972 1292 2012 non
1307 1963 1445 2029 quarunt,
1461 1969 1513 2012 uec
1532 1952 1582 2028 [al.
1605 1953 1665 2027 ne]
1679 1969 1744 2011 cum
1757 1970 1818 2028 ger·

169 2080 250 2121 mano
264 2063 384 2136 quidem.

204 2166 232 2220 2.
244 2160 317 2215 Nihil
330 2158 450 2226 omnino,
469 2156 522 2211 nisi
537 2173 598 2212 cnm
613 2155 723 2211 licentia
737 2156 809 2227 apud
825 2172 855 2212 se
870 2163 971 2212 tenent.

205 2262 230 2314 3.
247 2256 382 2325 accusati,
399 2255 459 2311 sine
473 2270 549 2310 mora
565 2253 692 2326 prostrati
707 2252 815 2310 veniam
830 2260 935 2325 petunt.
951 2252 1188 2325 Reprehensorem
1203 2251 1231 2308 in
1246 2252 1341 2308 eadem
1355 2251 1400 2308 die
1415 2266 1470 2307 non
1485 2247 1703 2321 reprehendunt.

853 2375 1052 2432 CAPthlLUll
1069 2376 1139 2430 LIX.

700 2473 778 2543 Quod
791 2475 843 2545 fiat
859 2476 891 2530 de
903 2490 933 2530 re
948 2473 1176 2531 alicuinoslram
1204 2472 1301 2527 mbae.

207 2571 235 2629 Si
262 2571 343 2630 alicui
370 2578 494 2628 nostram
518 2571 577 2628 sire
591 2570 662 2628 laico
676 2571 734 2627 sive
747 2571 891 2640 monacho,
907 2570 942 2625 ab
955 2569 1056 2643 aliquo,
1072 2572 1116 2629 vel
1131 2570 1219 2627 amico
1251 2570 1294 2625 vel
1317 2565 1538 2640 propinquata
1559 2563 1646 2622 vestis
1659 2563 1706 2622 vel
1720 2561 1818 2637 aliquid

169 2669 324 2738 hujusmodi
337 2669 451 2726 missurn
465 2669 554 2736 luerit,
570 2685 624 2725 non
639 2669 664 2725 ei
679 2668 728 2725 sed
744 2668 788 2724 alii
803 2668 894 2740 potius
908 2668 996 2737 datur,
1013 2685 1049 2723 ne
1061 2667 1139 2741 quasi
1154 2665 1297 2738 proprium
1320 2664 1422 2720 babere
1441 2662 1578 2719 videatur.

854 2791 1142 2851 COMMENTAltlUS.

168 2890 304 2948 mitorium
319 2897 375 2946 crat
389 2888 417 2945 in
432 2888 564 2960 superiori
592 2888 684 2955 domo,
699 2889 727 2944 id
742 2897 783 2946 est
803 2889 894 2962 ampla
920 2895 1002 2952 cad
1016 2909 1075 2951 non
1085 2898 1154 2950 rant
1166 2894 1313 2952 licentiam
1321 2910 1379 2951 non
1389 2897 1590 2967 quartanam
1599 2899 1741 2961 camelo.
1748 2892 1818 2949 ldatu

167 2995 244 3037 mera
259 2979 390 3051 separatis
404 2978 438 3033 ab
453 2977 568 3033 invicem
582 2976 689 3033 lectulis
703 2978 814 3048 repleta,
837 2979 968 3051 adquam
1014 2984 1071 3053 jam
1086 2982 1153 3037 dixit
1172 2998 1221 3054 pro
1250 2983 1392 3039 monacbis
1420 2982 1454 3038 ll.
1471 2983 1501 3037 P.
1519 2981 1620 3055 Guigo,
1646 2996 1708 3053 cap.
1725 2985 1753 3037 3.
1781 2979 1819 3039 tt

167 3070 339 3126 divertebant
353 3066 451 3122 iratres
466 3082 481 3120 a
495 3067 577 3121 domo
600 3065 721 3121 inferiori
736 3067 772 3122 ad
798 3067 968 3139 superiorem
1018 3087 1181 3128 conversum
1195 3087 1251 3127 non
1264 3071 1382 3143 pertinet
1394 3086 1516 3143 quarere
1529 3069 1665 3126 licentiam
1685 3069 1760 3126 sicut
1773 3083 1820 3125 nec

170 3158 268 3214 diebus
283 3155 557 3212 lestisascendeutes.
577 3155 748 3225 Impossibile
767 3156 840 3212 enim
854 3165 913 3212 erat
940 3164 969 3211 ut
1018 3161 1236 3227 admonachnm,
1253 3167 1282 3216 ut
1296 3161 1420 3232 loquatur
1435 3159 1517 3214 etiam
1530 3173 1592 3215 cum
1615 3171 1756 3230 germano
1768 3157 1819 3213 lra-

169 3246 293 3317 duplices
308 3244 391 3302 cellas
405 3243 505 3315 singuli
520 3243 662 3312 haberent,
687 3245 810 3300 nnumin
837 3245 967 3313 interiori,
1019 3256 1060 3304 tre
1076 3267 1084 3315 ς
1100 3249 1149 3305 sed
1162 3248 1338 3305 nihilominus
1348 3256 1405 3303 tum
1419 3263 1568 3319 germanus
1587 3245 1684 3312 frater,
1705 3254 1764 3302 lum
1777 3243 1820 3300 alii

169 3343 197 3391 et
210 3335 319 3390 alteram
334 3334 362 3387 in
376 3331 509 3403 superiori
524 3332 614 3388 domo.
633 3333 685 3388 Per
698 3350 861 3390 commanet
884 3335 969 3391 lector
1017 3345 1133 3408 possunt
1145 3336 1283 3394 licentiam
1297 3336 1372 3392 illam
1395 3344 1488 3407 petere
1505 3334 1702 3407 apraesidente
1731 3333 1819 3390 etob-

169 3422 304 3496 intelligit,
321 3421 368 3494 qui
382 3420 585 3491 occupabantur
599 3436 615 3476 a
630 3421 745 3495 singulis
753 3421 880 3477 iratribus
889 3429 970 3493 prout
1018 3425 1115 3493 unere,
1130 3433 1210 3498 prout
1224 3442 1257 3482 aa
1272 3441 1332 3497 cap.
1349 3428 1382 3481 10
1397 3427 1465 3482 et30
1478 3424 1620 3481 evidenter
1632 3430 1751 3480 constat.
1760 3422 1820 3479 Non

168 3511 336 3580 occurrebat,
353 3510 390 3566 ita
402 3517 431 3565 ut
445 3508 533 3565 alicui·
541 3509 671 3581 singulari
684 3510 813 3581 proprius
827 3526 882 3567 non
897 3511 969 3566 assi·
1019 3513 1059 3571 sic
1074 3515 1108 3570 de
1123 3515 1166 3570 bis
1180 3515 1226 3587 qui
1247 3515 1345 3571 domus
1372 3522 1434 3569 sunt
1449 3531 1457 3568 :
1472 3528 1536 3568 nam
1559 3511 1700 3568 licentiam
1727 3517 1819 3582 petere

168 3608 308 3674 gnaram,
325 3599 370 3672 qui
386 3614 419 3655 eo
433 3598 547 3654 absente
564 3603 599 3653 ab
619 3598 673 3654 alio
687 3614 742 3654 non
762 3607 857 3671 posset
884 3614 969 3656 occu·
1018 3619 1081 3659 cunr
1096 3604 1139 3658 bis
1153 3602 1336 3676 colloquendi,
1360 3617 1412 3660 nec
1438 3601 1481 3658 bic
1502 3615 1554 3658 nec
1567 3599 1631 3656 alibi
1651 3598 1818 3672 prohibitum

166 3690 236 3759 pari.
1020 3707 1083 3749 esse
1097 3691 1288 3764 comperimus.

203 3778 286 3833 Num.
303 3778 329 3831 3.
346 3775 518 3832 inmanibus
535 3774 695 3846 hujusmodi
710 3775 969 3833 cliadniltilcarc-
1054 3781 1169 3837 Numa.
1180 3780 1315 3837 decorati
1327 3781 1487 3848 ricemere,
1498 3786 1551 3835 etc.
1567 3776 1817 3850 Reprcbcnaoresr,

169 3868 216 3921 tur
230 3865 289 3920 nisi
302 3867 336 3919 ul
351 3865 517 3936 frigametc.
534 3863 584 3919 Hic
598 3864 970 3933 baberentjudiciumcontra
1019 3877 1073 3926 etc.
1102 3869 1152 3926 Hic
1171 3868 1286 3925 sormam
1310 3868 1442 3924 habemus
1463 3865 1679 3924 mortificationis
1706 3865 1818 3930 intime,

169 3967 200 4008 sa
215 3951 399 4022 couscriptum
416 3950 461 4022 qui
476 3950 549 4021 apud
563 3966 615 4006 nos
642 3950 743 4007 vellent
758 3951 858 4008 sivein
879 3969 969 4024 panno
1019 3974 1102 4031 quam
1116 3956 1314 4030 profitebantur
1326 3957 1407 4028 primi
1420 3957 1513 4012 Patres
1532 3954 1629 4024 nostri,
1645 3954 1674 4009 in
1697 3969 1818 4027 queser-

169 4055 224 4113 quo
238 4047 329 4097 vestes
344 4047 551 4110 componuntur,
567 4039 624 4095 sive
639 4039 667 4094 in
681 4039 741 4110 ipsa
756 4039 838 4096 vestis
859 4056 970 4114 compo·
1019 4046 1227 4103 vandamodum
1242 4061 1297 4102 non
1325 4045 1499 4117 apponebant
1514 4044 1584 4100 sicut
1600 4043 1630 4098 iu
1656 4041 1818 4102 admentati-

169 4129 268 4185 sitione
283 4128 384 4200 aliquid
397 4127 505 4184 curiose
517 4143 651 4199 quaerere,
668 4128 740 4200 quod
756 4128 872 4185 nitorem
887 4146 970 4187 saecu·
1018 4135 1070 4190 bus
1084 4134 1271 4207 corporalibus
1299 4133 1360 4191 illos
1388 4133 1509 4190 studiose
1523 4131 1685 4205 apposuisse
1705 4137 1817 4197 constat,

167 4218 256 4274 larem
270 4218 418 4274 redoleret.
441 4217 505 4286 Sed,
528 4223 558 4271 ut
584 4217 733 4289 prudenter
759 4218 850 4274 statim
880 4220 1067 4311 subditBsed
1082 4224 1209 4281 volebant
1223 4223 1309 4279 amori
1331 4222 1438 4295 privato
1451 4222 1480 4278 in
1507 4220 1732 4278 excusationibus
1748 4234 1817 4274 nun·

166 4308 200 4364 lt.
218 4307 247 4363 P.
264 4307 363 4378 daiga,
380 4306 403 4362 si
416 4304 587 4362 eliminanda
611 4313 674 4361 sunt
688 4321 705 4361 a
718 4307 820 4363 uostris
847 4309 967 4365 vestibus
1017 4312 1082 4369 tium
1097 4312 1221 4368 absolute
1235 4311 1343 4368 remitti.
1368 4310 1447 4379 Quod
1475 4317 1547 4367 certe
1561 4325 1649 4383 genus
1671 4306 1817 4365 mortifica·

168 4395 272 4452 vanitas
286 4402 314 4451 et
326 4394 460 4467 voluptas,
476 4395 627 4452 necessitas
639 4403 687 4452 ant
710 4395 810 4452 utilitas
837 4412 893 4454 non
905 4404 968 4453 sunt
1017 4401 1098 4460 tionis
1111 4417 1208 4457 omnes
1221 4399 1393 4456 austeritates
1407 4400 1566 4472 corporales
1586 4397 1670 4471 longe
1698 4403 1816 4469 superat,

167 4483 354 4556 repudianda,
1016 4497 1044 4546 et
1057 4490 1092 4545 ad
1106 4489 1225 4545 studium
1244 4488 1431 4546 conversionis
1459 4503 1582 4549 morum.
1598 4485 1634 4543 de
1648 4501 1702 4558 qua
1729 4492 1817 4542 solutu

202 4574 284 4628 Num.
302 4573 327 4627 l.
344 4574 405 4628 lloec
417 4573 575 4647 quicunque
590 4575 699 4645 legerit,
724 4581 776 4630 etc.
793 4573 843 4631 Hic
870 4575 968 4646 repetit
1017 4578 1173 4646 emittimus,
1187 4585 1300 4649 spectat,
1316 4577 1409 4650 sicque
1422 4576 1458 4632 ad
1472 4575 1620 4632 medullam
1634 4590 1708 4631 veras
1721 4572 1817 4630 morti·

167 4661 239 4718 circa
253 4660 350 4718 iratres
364 4661 436 4732 qnod
447 4662 506 4731 jam
520 4661 625 4717 dixerat
639 4663 712 4719 circa
721 4664 879 4731 monachos,
904 4679 965 4735 cap.
1017 4665 1151 4723 ficatiouis
1165 4674 1192 4723 ct
1207 4666 1248 4721 sui
1262 4666 1349 4737 ipsius
1368 4663 1557 4738 abnegationis
1570 4664 1599 4719 in
1622 4663 1736 4720 bomine
1749 4662 1818 4718 inte·

167 4753 212 4809 28.
243 4751 351 4807 Sciebat
373 4749 445 4805 enim
473 4750 516 4806 vir
532 4757 642 4806 sanctus
670 4751 801 4806 mundum
829 4752 968 4808 abundare
1017 4754 1091 4822 riori,
1108 4754 1155 4810 ubi
1169 4756 1242 4810 Deus
1252 4754 1397 4821 invenitur,
1412 4770 1463 4809 nos
1477 4753 1601 4824 aspirare
1616 4751 1720 4809 debere
1729 4765 1818 4808 exem

168 4840 329 4896 censoribus
343 4838 508 4905 indiscretis,
524 4838 570 4910 qui
585 4839 690 4910 seipsos
703 4839 886 4912 negligentes,
895 4841 968 4909 judi·
1018 4844 1065 4916 plo
1086 4843 1134 4899 illo
1160 4843 1307 4910 docebant,
1329 4843 1403 4915 quod
1431 4841 1460 4896 in
1484 4841 1601 4912 prologo
1624 4838 1818 4896 modernorum

167 4929 216 4984 ciis
231 4928 415 4993 nihilominus,
432 4926 565 4993 censuris,
584 4936 664 4999 atque
692 4927 769 4984 iactis
795 4929 909 4984 aliorum
923 4929 968 4984 in·
1019 4940 1188 4997 statutorum,
1208 4931 1256 4986 ubi
1269 4930 1304 4986 de
1317 4930 1375 4987 Deo
1403 4930 1432 4985 in
1457 4928 1581 4985 interiori
1606 4927 1721 4985 homine
1748 4942 1819 5000 tqtrah

169 5017 374 5072 discriminatim
398 5015 557 5087 arguendis,
581 5014 639 5071 lere
667 5023 752 5073 totam
780 5017 841 5073 vitae
862 5026 968 5088 tempus
1018 5021 1104 5076 rendo
1119 5020 1217 5093 agitur,
1232 5018 1335 5075 discrte
1348 5017 1506 5089 explicatur.

168 5104 336 5174 impendunt,
359 5112 386 5160 et
399 5121 434 5159 ne
448 5104 511 5159 inde
538 5102 625 5160 nostri
653 5105 687 5159 ad
709 5105 852 5177 scrupulos
880 5122 970 5162 ruove-
1055 5108 1131 5163 ldem
1144 5108 1261 5164 relatum
1288 5106 1412 5164 invenies
1426 5107 1453 5161 in
1468 5105 1588 5178 antiquis
1607 5106 1726 5176 statutis,
1748 5111 1816 5176 part.

168 5199 260 5249 rentur
272 5192 404 5262 praevenit
419 5207 476 5257 cos,
493 5200 519 5247 ct
533 5192 571 5247 ita
585 5192 629 5248 bic
645 5208 678 5248 ex
691 5193 816 5264 prolesso
839 5194 968 5265 loquitur.
1020 5210 1060 5261 ru,
1081 5211 1141 5267 cap.
1160 5200 1192 5264 3,
1209 5212 1284 5251 num.
1300 5197 1327 5250 l.
1343 5196 1410 5251 Item
1425 5210 1487 5266 cap.
1506 5198 1550 5264 23,
1565 5211 1641 5250 num.
1657 5198 1685 5264 5,
1701 5194 1819 5265 itemque

205 5281 302 5335 Totum
316 5279 369 5335 hoo
383 5280 529 5350 capitulum
555 5281 671 5336 relatum
686 5282 772 5336 babes
799 5282 827 5336 in
854 5281 971 5353 antiquis
1021 5299 1081 5356 cap.
1102 5288 1135 5343 12
1150 5299 1170 5339 u
1184 5284 1279 5355 partis,
1296 5300 1370 5339 num.
1387 5287 1431 5338 13.

170 5368 291 5436 statutis,
307 5375 377 5441 part,
394 5382 434 5422 ιιι.
450 5383 511 5439 cap.
527 5372 572 5435 23,
589 5385 616 5423 n.
634 5373 660 5437 l,
675 5371 691 5425 t
705 5376 732 5425 et
752 5373 779 5425 a.
1057 5373 1123 5428 Car.
1140 5373 1210 5428 LlX.
1225 5373 1335 5428 -Noc
1350 5372 1434 5429 cited
1460 5372 1513 5427 alii
1536 5369 1633 5444 polites
1647 5370 1747 5440 datar,
1767 5377 1818 5427 etc.

156 5484 159 5489 ·
204 5456 271 5514 Cra.
287 5457 424 5514 111111-
437 5456 520 5514 Num.
537 5460 563 5512 1.
580 5457 762 5532 cambucas
775 5458 873 5517 domm
888 5457 972 5532 bajus
1021 5460 1089 5516 lnde
1103 5468 1219 5532 apparet
1247 5475 1330 5533 quam
1358 5459 1451 5517 stricte
1461 5458 1562 5517 vellant
1570 5474 1682 5518 omnem
1696 5459 1821 5532 proprie·
