3742 5986
732 202 1039 264 CONSUETUDINES.

672 326 940 386 ctettutun
965 329 1097 387 LXIX.

787 427 826 483 Ite
840 429 1005 485 Poroscevc.

95 519 121 570 1.
138 516 166 570 In
182 515 311 583 crastino,
328 516 381 572 boc
397 523 439 571 est
453 517 480 571 in
495 517 656 586 Pareseeve,
673 518 720 591 qui
733 519 845 592 ibidem,
861 523 914 581 hoe
936 533 977 581 est
991 525 1115 594 interius,
1131 534 1202 595 sunt,
1228 535 1290 599 post
1315 543 1426 598 nonam,
1443 547 1504 602 quae
1517 532 1579 604 plus
1607 547 1641 590 ea
1669 535 1714 593 die

59 628 141 684 quam
157 612 266 668 caeteris
281 612 411 680 differtur,
429 613 540 669 veniunt
554 613 588 669 ad
603 614 757 687 ecclesIam,
774 617 865 691 ibique
880 621 966 678 Pater
989 627 1088 682 moster
1110 625 1194 680 semel
1223 640 1274 696 pro
1298 625 1433 696 Ecclesia,
1450 629 1536 685 semel
1549 646 1600 702 pro
1630 646 1711 703 papa,

59 724 111 780 pro
126 710 263 780 episcopis
276 717 303 765 et
325 710 430 767 cunctis
444 710 532 767 sacris
551 711 699 779 ordinibus,
715 728 766 784 pro
781 713 956 786 imperatore,
972 735 1021 790 pro
1050 721 1261 790 catechumenis,
1277 737 1328 793 pro
1342 724 1447 780 eunetis
1473 725 1664 783 afflictionibus
1687 736 1714 784 et

59 807 197 878 periculis,
214 823 264 879 pro
279 808 423 878 haereticis,
439 822 489 881 pro
503 808 613 875 Judaeis,
630 825 680 881 pro
695 811 819 883 paganis,
835 814 931 882 veniis,
948 817 1068 888 exceptis
1081 817 1192 885 Judaeis,
1208 818 1242 873 ad
1257 819 1364 892 singula
1379 820 1537 891 subJunctis,
1548 823 1657 880 dieunt.

95 908 126 960 2.
145 903 251 961 Deinde
265 903 383 962 oblatum
398 920 415 961 a
429 905 589 978 coquinario
604 920 711 963 erucem
726 909 916 967 venerabiliter
928 913 1094 982 osculantur,
1110 914 1232 971 dicentes
1255 914 1325 970 intra
1340 931 1370 971 se
1387 934 1393 970 ε
1409 917 1565 976 Αᾱοναιιιιιι
1580 924 1616 990 tc,
1631 920 1713 978 curt-

58 1003 112 1067 ste,
134 1006 163 1056 et
176 1002 367 1059 benedicimus
379 1003 438 1071 tibi,
456 1004 521 1076 quio
534 1020 586 1076 per
600 1009 730 1061 sauciam
743 1022 856 1063 crucem
872 1005 953 1066 tuom
968 1010 1113 1067 redemisti
1127 1011 1276 1068 mundum.
1294 1012 1346 1082 Qui
1358 1012 1410 1070 hoc
1425 1029 1479 1070 non
1503 1014 1564 1083 scit,
1590 1015 1655 1073 dicit
1669 1033 1713 1075 se·

56 1096 121 1164 mel,
139 1098 225 1154 Pater
243 1102 349 1156 moster.

741 1170 938 1230 cnuttututt
956 1170 1040 1227 LXX.

593 1270 732 1338 Quomodo
747 1287 776 1327 se
790 1271 914 1327 babeant
927 1272 958 1325 io
974 1268 1212 1326 solemnitatibus.

19 1349 25 1359 ’
95 1357 177 1415 Omni
192 1360 273 1416 totIus
288 1360 352 1415 anni
366 1361 410 1417 die
425 1378 479 1434 quo
494 1365 641 1436 capitulum
668 1375 786 1435 tenetur,
802 1366 849 1439 qui
877 1382 986 1423 sursum
1000 1382 1055 1422 non
1082 1365 1242 1436 ascendunt,
1258 1367 1311 1424 nisi
1338 1371 1527 1441 prohibuerint
1541 1377 1712 1448 obedientie,

58 1456 144 1512 cellas
158 1463 261 1525 tenent,
278 1463 303 1513 et
318 1458 436 1529 spetiem
450 1459 523 1531 quod
536 1460 609 1519 iuter
622 1462 740 1519 Tertiam
756 1471 781 1519 et
797 1463 906 1519 Sextum
920 1470 970 1530 est,
983 1462 1098 1520 orationi
1119 1464 1287 1536 impendunt.

733 1586 934 1643 ctpltututt
948 1586 1048 1642 LXXI.

681 1683 752 1752 Ouid
762 1685 875 1755 fociant
886 1698 939 1756 pro
954 1683 1107 1754 defunctis.

94 1776 147 1831 Pro
162 1786 285 1833 recenter
298 1776 425 1834 defuncto
435 1784 569 1836 trecentas
584 1779 728 1837 Orationes
742 1780 898 1837 DominIeas
912 1779 1023 1847 debent,
1040 1795 1154 1852 quarum
1173 1780 1347 1837 medietatem
1362 1794 1424 1838 oum
1433 1780 1520 1839 veniis
1534 1780 1661 1841 reddunt.
1676 1784 1712 1841 Itt

58 1875 88 1931 in
104 1874 218 1946 singulis
232 1875 435 1943 anniversariis,
453 1893 550 1936 novem
566 1894 627 1934 oum
645 1878 758 1934 totidem
772 1877 869 1935 veniis.

664 2000 934 2060 CAPITULUtI
957 2002 1107 2058 LXXII.

725 2102 764 2156 Dc
778 2114 882 2156 rasura
895 2100 1036 2170 fratrum.

98 2198 123 2248 1.
140 2192 253 2262 Quoties
267 2193 403 2259 monachi,
419 2195 499 2252 toties
513 2195 644 2252 raduntur
660 2203 685 2251 et
700 2194 775 2251 laici.
795 2193 849 2250 Sed
863 2193 924 2250 laici
939 2192 1051 2265 insuper
1066 2192 1147 2248 etiam
1161 2190 1251 2262 capita
1274 2190 1374 2247 lavant.
1401 2193 1499 2250 Omnia
1522 2203 1613 2253 autem
1627 2197 1711 2256 obse·

60 2291 134 2363 quia,
152 2291 300 2364 quamlibet
314 2292 429 2363 privata,
446 2309 506 2366 quse
520 2293 572 2348 sibi
587 2293 654 2365 ipsis
669 2293 769 2367 singuli
784 2306 838 2348 non
851 2298 997 2348 occurrunt
1011 2298 1057 2344 aut
1071 2305 1126 2345 non
1140 2296 1255 2361 possunt
1269 2288 1368 2357 lucere,
1385 2290 1421 2346 ab
1435 2291 1496 2348 aliis
1510 2293 1647 2351 humiliter
1660 2295 1712 2354 de·

60 2397 177 2462 tuteque
193 2390 382 2461 complentur;
398 2390 435 2445 ite
449 2398 478 2445 ut
489 2389 598 2447 felicem
612 2406 642 2445 se
656 2396 731 2461 putet
744 2389 787 2446 cui
801 2387 854 2444 tale
868 2386 1015 2461 quidquam
1025 2386 1104 2442 luerit
1114 2386 1285 2457 imperatum.

96 2489 126 2543 2.
145 2485 295 2542 obviantes
308 2486 391 2542 etism
405 2485 458 2542 sibi
471 2487 599 2557 invicem,
614 2486 701 2543 amica
711 2486 850 2543 alacritate
863 2493 891 2541 et
904 2483 1000 2540 humili
1027 2483 1222 2556 supplicatione
1249 2489 1343 2539 mutuo
1366 2479 1456 2537 locum
1482 2479 1587 2554 dantes,
1604 2493 1713 2545 servato

56 2591 249 2654 pertranseunt
262 2583 380 2641 silentio.
395 2584 426 2638 ln
440 2599 493 2655 quo
504 2583 635 2654 juniores,
651 2581 680 2639 id
700 2590 742 2638 est
765 2583 811 2656 qui
825 2581 962 2654 posterius
975 2588 1121 2649 venerunt,
1138 2588 1264 2655 satagunt
1277 2577 1428 2651 praevenire
1442 2578 1575 2648 majores.

658 2706 926 2763 CAPITULUII
954 2705 1129 2762 LXXIII.

607 2889 610 2893 ,
712 2803 872 2860 Democritio
889 2802 1077 2874 suscipiendo.

95 2899 121 2953 1.
138 2896 225 2954 Laicis
240 2896 275 2954 ed
288 2897 488 2969 professionem
502 2897 692 2972 suscipiendis,
708 2899 826 2973 idipsum
839 2915 910 2972 pene
924 2898 954 2955 fit
967 2899 1042 2971 quod
1055 2907 1082 2955 et
1096 2899 1214 2970 clericis,
1231 2916 1293 2957 narn
1307 2900 1432 2958 similiter
1445 2899 1713 2973 duraproponuntur

59 3003 262 3068 uastauere.
749 3067 1038 3125 couuurtrtntus.

100 3165 166 3221 Cir.
183 3164 280 3221 LXIX.
310 3196 344 3206 —
373 3164 413 3221 Ibi
437 3171 563 3222 notantur
599 3165 725 3239 quaedam
754 3166 863 3238 publiea
876 3171 974 3229 Amus
990 3178 1086 3221 omnes
1101 3163 1128 3219 in
1142 3162 1244 3217 mutuis
1270 3161 1410 3234 obsequiis
1423 3162 1502 3221 nobis
1516 3162 1634 3222 multem
1648 3164 1713 3224 red·

59 3253 172 3326 pietutIs
187 3253 315 3311 exercitis
339 3270 354 3309 a
382 3254 587 3311 remanentibus
600 3253 628 3309 in
642 3253 724 3327 domo
738 3253 862 3311 interiori
913 3252 1019 3309 dendis.

59 3341 228 3416 peragenda,
254 3350 280 3399 et
302 3342 376 3400 idem
403 3341 522 3399 retertur
549 3341 577 3397 in
600 3342 718 3416 antiquis
741 3341 859 3410 statutis,
947 3342 1028 3397 Num.
1044 3343 1072 3399 2.
1090 3340 1239 3398 Oboiootcs
1261 3342 1359 3395 eutem
1372 3338 1428 3394 sibi
1440 3340 1573 3408 inuicem,
1589 3348 1643 3399 eto.
1660 3341 1711 3400 Hic

60 3438 134 3503 pert.
152 3446 193 3499 ιιι,
223 3446 285 3504 esp.
301 3433 327 3498 7,
345 3448 373 3486 n.
390 3432 416 3487 1.
911 3429 1037 3485 videmus
1051 3444 1133 3501 quam
1148 3426 1268 3484 alienum
1281 3433 1355 3483 esset
1368 3443 1383 3481 ι
1398 3427 1495 3498 spiritu
1514 3436 1542 3484 et
1569 3429 1708 3502 praxipri-

98 3519 164 3576 Cir.
181 3520 268 3575 LXX.
291 3551 327 3562 -
340 3519 390 3576 Ilio
404 3519 465 3575 luce
490 3517 593 3575 elarius
622 3525 737 3590 apparet
750 3516 861 3574 nomine
911 3532 1018 3574 morum
1041 3516 1282 3574 carthusianorum
1297 3513 1345 3570 illa
1358 3514 1448 3570 vultus
1474 3522 1501 3571 et
1521 3523 1648 3588 gestuum
1662 3532 1710 3574 as-

60 3608 253 3665 solemm'tutis
268 3608 344 3680 pium
358 3607 522 3680 scriptorem
537 3605 706 3663 intellexisse
720 3605 861 3680 quodlibet
911 3605 1013 3677 peritas
1028 3621 1089 3678 quae
1104 3605 1226 3676 spiritum
1249 3602 1476 3659 melancholicum
1489 3602 1605 3671 redolet,
1620 3618 1710 3662 cume

59 3694 160 3752 testum
175 3695 296 3766 capituli.
317 3697 368 3754 Hic
386 3695 467 3752 etiam
482 3695 610 3751 stetuitur
624 3694 738 3768 qualiter
752 3702 859 3766 tempus
911 3703 1008 3752 contra
1022 3693 1125 3751 tultum
1140 3692 1228 3765 potius
1242 3690 1336 3764 gaudii
1354 3698 1382 3747 et
1395 3690 1448 3762 piae
1462 3689 1606 3748 hileritetis
1626 3691 1712 3750 velint

59 3784 221 3857 impendere
235 3784 335 3843 debent
364 3785 410 3857 qui
425 3784 452 3840 in
467 3784 550 3841 domo
564 3783 685 3840 interiori
694 3782 792 3840 diebus
805 3783 861 3841 les·
910 3782 997 3840 asuis
1011 3782 1040 3838 in
1064 3796 1179 3839 occursu
1193 3780 1308 3836 lratrum
1336 3778 1448 3848 assumi,
1465 3786 1493 3836 et
1518 3778 1601 3852 longe
1615 3780 1649 3835 ab
1662 3779 1711 3838 ille

61 3873 97 3928 tis
116 3881 267 3930 remanent.
910 3880 1013 3937 rustice
1026 3876 1210 3934 inurbanitate
1234 3875 1366 3932 distantes
1379 3874 1488 3946 exigant
1520 3874 1657 3932 comitatis
1673 3883 1710 3945 et,

98 3962 174 4019 Idem
186 3960 304 4019 retertur
316 3960 345 4017 in
355 3960 472 4034 antiquis
482 3959 599 4030 stetutls,
611 3967 682 4032 part.
697 3974 739 4029 ιιι,
754 3974 815 4032 esp.
832 3964 858 4029 8,
910 3975 940 4023 ut
953 3968 990 4023 ita
1005 3968 1103 4034 (ticam,
1120 3965 1232 4022 urbanoe
1254 3963 1391 4020 chat-itatis
1411 3979 1509 4035 protes
1524 3978 1539 4019 t
1553 3963 1633 4021 nott,
1647 3979 1710 4021 mo.

60 4066 89 4105 n·
102 4053 128 4106 i·
909 4055 986 4111 deste
1021 4055 1137 4112 serveri.
1167 4052 1237 4109 tlule
1265 4068 1332 4124 ergo
1351 4051 1505 4126 intelligunt
1539 4059 1647 4119 statuta,
1663 4052 1710 4126 qui

96 4139 162 4195 Cin·
180 4138 276 4194 LXXI·
293 4168 328 4180 -
341 4137 372 4194 ld
386 4144 488 4194 tuntum
502 4135 652 4193 reddebant
671 4150 723 4208 pin
736 4142 860 4193 tenentur
910 4143 1023 4199 uerbum
1041 4148 1150 4199 scaete
1163 4141 1340 4197 rusticitatis
1354 4139 1393 4194 ibi
1416 4139 1597 4210 reperientes,
1613 4146 1709 4211 putant

60 4226 196 4285 defunctis
210 4227 238 4284 in
252 4227 362 4300 propria
377 4227 470 4293 domo,
486 4240 551 4281 nem
564 4233 627 4281 tunc
642 4223 773 4296 temporis
787 4223 860 4278 nulla
910 4231 999 4289 omnia
1014 4246 1031 4286 t
1044 4229 1124 4286 nobis
1138 4245 1201 4286 cum
1213 4228 1352 4300 incompta
1373 4226 1523 4283 rusticitate
1542 4242 1604 4282 esse
1618 4242 1707 4301 agen.

60 4316 140 4374 llebet
155 4316 257 4373 mentio
270 4313 466 4373 Beneficiorum
488 4329 540 4386 pro
563 4313 624 4369 aliis
650 4328 699 4384 per
727 4310 860 4384 suffragiu
910 4320 956 4375 da.
971 4320 1033 4374 Non
1047 4318 1096 4384 sic,
1113 4316 1193 4373 amici
1208 4323 1235 4372 et
1249 4314 1345 4371 lratres
1359 4315 1388 4370 in
1402 4313 1511 4371 Christo
1526 4312 1709 4388 dilectissimi,

59 4398 272 4462 reddendorum.
909 4423 964 4463 non
984 4406 1024 4463 sie
1038 4405 1172 4461 rusticitas
1186 4404 1221 4459 ita
1243 4401 1421 4477 lntelbgende
1435 4410 1485 4469 est,
1502 4402 1552 4460 sed
1565 4419 1616 4476 per
1644 4418 1709 4460 sun-

100 4495 250 4551 chiurum
263 4492 374 4549 nomine
387 4490 564 4564 intelligimus
579 4489 651 4562 pium
665 4487 895 4574 naerumnnint
908 4502 981 4552 ctam
994 4493 1172 4550 rusticitatem
1187 4491 1340 4565 intelligere
1352 4490 1485 4547 debemus
1499 4491 1596 4547 modos
1607 4491 1709 4566 egendi

59 4596 115 4655 qun
128 4596 219 4655 genua
234 4580 375 4648 flectimuS,
393 4586 419 4636 et
445 4594 586 4635 scamnum
600 4585 644 4632 aut
661 4584 759 4633 terrum
774 4590 857 4633 09911-
908 4582 1058 4654 simplices,
1075 4582 1197 4637 sinceros
1220 4586 1247 4635 et
1274 4579 1419 4650 ingenuos,
1436 4578 1547 4651 quinos
1576 4595 1591 4634 a
1614 4579 1709 4636 mundi

59 4669 155 4726 tamur.
169 4669 245 4726 idem
259 4667 373 4725 reicitur
392 4668 421 4723 iu
444 4667 565 4739 antiquis
592 4665 707 4735 stillulis,
728 4672 799 4747 unit.
815 4679 856 4732 111,
909 4671 1004 4743 spiritu
1014 4679 1041 4727 et
1050 4668 1211 4727 vanitatibus
1221 4667 1304 4741 longe
1318 4665 1419 4723 distare
1429 4673 1570 4735 testentur,
1582 4682 1708 4740 quosque

58 4774 121 4831 cap.
138 4762 163 4826 9
180 4775 208 4814 ιι.
226 4763 251 4813 1.
907 4759 936 4815 in
950 4758 1076 4816 omnibus
1091 4772 1201 4814 servare
1224 4755 1366 4811 debemus.

96 4846 163 4903 Crto.
179 4846 340 4902 LXXII.-
353 4845 435 4901 Num.
452 4847 478 4899 1.
497 4843 574 4901 Sed'
564 4858 681 4916 imsuper
705 4841 792 4898 etium
807 4856 857 4897 co·
943 4843 1019 4899 Idem
1033 4841 1171 4898 retertur
1164 4856 1192 4894 ιιι
1207 4838 1326 4910 antiquis
1352 4837 1469 4906 statutis,
1485 4852 1516 4892 ιιι
1530 4844 1616 4909 parte,
1641 4851 1703 4911 cap.

58 4937 123 5010 pito
144 4937 250 4992 teuent.
269 4933 395 4991 Omnium
418 4948 491 4989 nunc
515 4931 603 5003 capita
630 4929 755 4986 lavantur
769 4936 796 4986 et
811 4942 857 4984 ra·
905 4935 952 4998 21,
968 4947 1043 4987 num.
1061 4931 1158 4996 Iett,
1174 4943 1235 5000 cap
1252 4931 1277 4993 3,
1294 4943 1370 4983 nuru.
1391 4929 1419 4985 2.

61 5025 171 5080 duntur.
186 5022 296 5079 Nullam
325 5031 413 5078 autent
440 5021 606 5077 mentionem
635 5018 700 5075 lecit
715 5017 750 5074 de
766 5017 859 5073 barbis
942 5020 1009 5076 Cre.
1026 5019 1146 5075 LXXIII.
1158 5016 1284 5072 -.Num
1297 5019 1323 5070 1.
1335 5014 1705 5085 Lotcisodcoovcrsieuem,

60 5127 257 5170 conversorum
272 5110 452 5183 tungloribus,
470 5109 531 5181 quia
546 5115 611 5164 tuno
625 5105 683 5163 lere
693 5105 797 5162 slmiles
812 5105 860 5160 ha·
909 5117 962 5165 ete.
979 5108 1045 5163 Inde
1060 5114 1140 5162 natus
1154 5112 1195 5161 est
1208 5120 1275 5160 usus
1293 5103 1322 5158 in
1336 5102 1430 5160 ordine
1456 5102 1572 5159 vocandi
1589 5118 1707 5160 conver.

60 5201 163 5258 bebunt
176 5200 312 5269 monachi,
328 5215 390 5256 eum
405 5198 495 5254 sexies
506 5204 609 5254 tantum
636 5196 665 5250 1ιι
691 5210 764 5250 euno
778 5193 858 5249 rede·
909 5208 955 5249 sos
969 5191 1030 5247 illos
1044 5189 1143 5247 tratres
1158 5205 1205 5262 qur
1197 5188 1255 5244 ed
1268 5186 1426 5244 clericatum
1439 5201 1494 5243 non
1509 5193 1572 5242 sunt
1591 5186 1646 5259 apti
1659 5193 1705 5242 aut

60 5297 165 5346 rentur.
181 5289 349 5360 Praeoipuam
362 5287 495 5343 rationem
505 5285 583 5344 istius
595 5283 752 5340 mutationis
766 5281 858 5354 essig-
909 5279 1044 5352 dispositi.

61 5378 187 5435 nevimus
200 5392 294 5449 supra,
308 5391 370 5448 cap.
386 5379 412 5431 9.
944 5368 1016 5425 Ibid.
1032 5368 1240 5440 Idipmmpeoe
1252 5365 1287 5435 fit
1300 5363 1539 5438 quodetetcrtcts.
1554 5361 1608 5417 Per
1621 5359 1706 5417 oleri-

96 5467 167 5524 Ibid.
184 5468 287 5526 Omnia
301 5469 399 5524 eutem
425 5465 564 5539 obsequio,
580 5470 633 5520 eto.
649 5461 699 5518 Hic
725 5459 858 5518 babemus
909 5458 1004 5516 oosIt
1011 5457 1042 5513 P
1054 5454 1145 5528 Guigo
1157 5451 1283 5527 intelligit
1296 5451 1455 5508 monachos.
1466 5450 1544 5508 Unde
1550 5454 1624 5521 patet
1633 5449 1707 5521 quod

61 5556 179 5613 turmam
193 5554 352 5613 humditatis
370 5561 398 5612 et
414 5551 549 5612 cberitatis
568 5565 652 5625 quem
678 5563 757 5623 sequ
748 5546 857 5606 debe·
907 5552 973 5604 tuno
995 5543 1088 5617 (prout
1112 5541 1258 5599 euomnum
1274 5538 1410 5612 miratur)
1423 5537 1527 5597 nullum
1554 5535 1708 5694 igqiperent

167 5652 288 5710 Ριιιοι..
303 5649 394 5711 CLIII.
