3750 5984
110 108 162 163 aas
674 101 777 160 unns
792 101 842 160 na
860 96 1053 157 musonio
1072 99 1201 157 oman.
1524 96 1529 108 ·
1582 69 1591 79 ’
1710 99 1764 157 sss

109 228 199 287 riores
214 245 228 285 ε-
238 243 272 286 eo
282 227 356 302 quod
369 227 415 285 isti
434 226 606 301 precipiunt,
629 227 669 284 illi
686 225 947 301 precipientibusA
961 222 1072 295 spiritus
1086 223 1133 296 qui
1145 223 1180 280 ad
1194 224 1284 281 Deum
1305 226 1432 283 conversi
1454 234 1531 297 sunt,
1556 222 1762 297 glorificationis

111 332 162 391 pro
174 316 266 374 debito
291 315 465 387 subjectionis
487 315 627 373 obediunt.
651 316 682 371 ln
706 331 759 387 qua
778 323 912 386 potestate
962 311 1105 384 premium
1128 321 1293 385 acceperunt
1316 314 1513 371 beatitudinem
1540 320 1678 381 aetemam,
1708 327 1762 384 qua

111 420 167 463 non
181 392 344 461 solumsunr
359 404 534 472 excellentes,
551 405 641 461 sedet
655 402 820 460 differentes.
840 404 912 459 Nam
961 417 1013 472 pro
1031 400 1136 458 meritis
1163 399 1239 475 digni
1268 402 1330 459 lacti
1358 410 1421 458 sunt
1448 403 1538 476 gratia
1566 401 1616 458 Dei
1631 400 1763 471 adiuvan-

110 499 137 552 et
150 493 185 548 ab
199 493 252 549 illis
268 493 367 565 quibus
381 491 517 548 dominari
530 491 641 563 debent,
663 507 696 549 ex
718 507 751 548 eo
774 491 848 564 quod
871 492 912 548 eis
962 496 1009 556 te,
1039 489 1143 563 absque
1171 490 1312 547 coactione
1339 491 1466 564 quidem,
1496 498 1524 547 et
1561 490 1591 545 in
1631 496 1761 546 aternum
1795 488 1799 493 '

111 581 286 638 dominantur
308 580 447 638 differunt.
482 582 607 637 Potestas
630 595 697 637 vero
721 597 781 653 quae
803 580 838 635 ad
861 596 911 636 ex·
961 579 1050 633 Deum
1064 579 1198 635 videntes.
1214 579 1242 635 in
1257 579 1327 652 ipso,
1344 581 1379 637 dc
1392 580 1463 651 ipso,
1480 588 1507 638 et
1531 595 1593 636 cum
1616 578 1677 650 ipso
1701 577 1760 634 sine

111 678 190 725 terna
211 677 261 735 est,
283 676 404 741 potestas
427 668 666 725 administrationis
700 683 716 724 a
748 668 911 741 quibusdam
961 664 1015 722 fine
1030 666 1149 740 gaudent
1164 668 1449 741 [Par.,gaudehunt].
1470 672 1504 724 ht
1519 684 1584 725 vero
1600 667 1677 739 quia
1700 667 1759 723 Deo

109 758 274 815 nominatur.
302 759 370 813 Nam
394 758 441 813 illa
472 758 544 815 circa
564 758 652 814 bonos
680 765 827 830 operantur
850 775 911 830 quse
961 755 1051 810 aversi
1074 763 1144 824 sunt,
1169 754 1268 811 inferni
1291 764 1353 813 sunt
1375 757 1536 812 mdentibus
1563 755 1654 811 traditi
1675 754 1760 827 (quod

112 862 208 903 eorum
230 846 310 901 saluti
333 845 492 902 necessaria
514 854 585 916 sunt,
610 855 656 902 aut
678 846 715 902 ad
738 845 838 902 bonam
862 862 910 902 eos
960 858 993 899 ex
1009 843 1256 915 culpamemerunt
1270 845 1329 901 Deo
1343 845 1498 912 deserente,
1515 844 1620 917 absque
1641 859 1759 916 oppres·

110 935 274 992 voluntatem
287 934 454 1004 inclinando,
479 941 526 990 aut
549 934 584 990 ad
608 934 727 990 habitam
747 935 910 1007 explendam
960 930 1036 987 sione
1051 932 1166 1003 tamen),
1184 940 1211 987 et
1234 932 1262 987 in
1289 941 1421 990 aeternum
1439 935 1527 989 Deum
1551 949 1605 989 non
1629 931 1760 989 videbunt

110 1023 183 1079 vires
196 1022 354 1094 prebendo.
371 1022 574 1080 etacontraria
587 1030 719 1094 potestate
733 1039 781 1080 eos
797 1023 908 1079 tuendo.
959 1019 1108 1091 Dispositio
1122 1036 1188 1076 vero
1211 1020 1342 1077 bonomm
1366 1022 1393 1077 in
1422 1022 1528 1078 duobus
1560 1020 1706 1077 consistit:
1730 1019 1760 1076 in

110 1111 174 1166 tlsti
189 1112 268 1168 etiam
288 1110 412 1167 homines
436 1127 485 1182 per
504 1126 551 1168 eos
575 1110 725 1184 saepissime
750 1111 907 1182 puniuntur,
958 1106 1040 1164 leude
1056 1107 1182 1165 videlicet
1204 1110 1306 1177 divina,
1328 1111 1355 1164 in
1380 1126 1432 1182 qua
1452 1110 1556 1183 jugiter
1569 1115 1755 1182 perseverant,

111 1198 183 1270 quia,
207 1199 437 1272 quemadmodum
460 1200 498 1255 ait
516 1200 695 1273 Augustinus,
713 1222 724 1248 α
747 1216 798 1271 per
820 1200 909 1256 bonos
958 1202 985 1251 et
998 1195 1026 1249 in
1042 1194 1130 1253 officio
1145 1196 1386 1254 administrationis
1400 1198 1545 1254 multarum
1556 1198 1584 1253 in
1594 1197 1757 1254 boemundo

110 1286 224 1360 angelos
250 1296 276 1344 et
289 1304 341 1359 per
361 1288 459 1356 melos,
481 1288 606 1344 homines
628 1288 716 1345 melos
734 1304 909 1362 nonunquam
958 1284 1152 1356 gerendarum,
1169 1285 1226 1342 sive
1250 1287 1324 1342 eirca
1345 1286 1480 1355 homines,
1507 1287 1564 1342 sive
1592 1285 1664 1342 circa
1686 1285 1756 1341 alias

107 1376 181 1434 Dens
195 1375 325 1449 flagellat.
344 1399 356 1426 a
373 1375 427 1432 Sed
451 1376 523 1449 quod
538 1392 590 1448 per
611 1377 726 1450 angelos
744 1377 832 1433 bonos
855 1393 908 1432 un·
957 1388 1134 1445 quascunque
1145 1389 1201 1441 res,
1217 1373 1246 1430 in
1260 1391 1373 1445 quarum
1397 1374 1629 1431 administratione
1655 1373 1755 1431 divinae

109 1478 192 1535 quam
207 1465 281 1520 Deus
304 1464 429 1520 homines
450 1464 552 1520 bonum
573 1464 764 1538 flagellaverit,
788 1464 854 1521 dicit
878 1481 908 1521 se
955 1460 1086 1517 obediunt
1100 1461 1281 1534 dispositioni.
1297 1462 1414 1518 blasima
1432 1479 1498 1519 vero
1514 1478 1610 1519 corum
1634 1462 1754 1518 admini-

107 1551 210 1625 legisse
233 1567 289 1608 non
311 1552 443 1609 recolere.
468 1553 553 1623 liujus
575 1561 666 1610 autem
689 1553 828 1624 potestatis
853 1549 1051 1645 nonBstratio
1064 1550 1137 1607 circa
1150 1551 1275 1607 homines
1290 1550 1424 1618 consistit,
1442 1559 1496 1606 tam
1511 1552 1539 1606 in
1561 1550 1752 1622 corporalium,

107 1641 218 1697 minima
236 1656 301 1713 pars
323 1648 374 1708 est,
390 1640 500 1698 libertas
520 1641 625 1698 arbitrii
650 1657 758 1699 eorum.
787 1642 836 1697 Est
856 1657 907 1698 au·
959 1653 1041 1710 quam
1067 1638 1095 1693 in
1122 1639 1298 1710 spiritualium
1325 1638 1522 1696 beneficiorum
1562 1638 1753 1695 exhibitione:

108 1737 162 1785 tcm
177 1729 295 1786 liberum
309 1730 462 1798 arbitrium,
476 1730 607 1800 iudicium
618 1730 766 1788 voluntatis
773 1730 908 1787 liberum:
959 1743 1019 1798 quae
1032 1726 1142 1798 quidem
1157 1728 1216 1784 sine
1231 1728 1305 1784 omni
1319 1728 1422 1796 labore,
1438 1729 1487 1784 sed
1507 1735 1600 1783 tamen
1622 1740 1678 1783 non
1698 1726 1757 1782 sola

108 1833 163 1890 quo
176 1818 276 1889 quippe
289 1818 348 1874 fere
358 1819 440 1875 modo
450 1818 681 1891 etaphilosophis
690 1818 857 1890 descriptum
867 1819 908 1875 in·
958 1814 1096 1872 voluntate
1112 1815 1261 1888 adimplere
1286 1825 1401 1889 possunt
1423 1816 1509 1887 (quod
1524 1815 1609 1871 solius
1630 1815 1680 1870 liei
1703 1821 1754 1883 est,

108 1905 226 1963 venitur.
234 1906 315 1962 diunt
323 1906 566 1963 enim-hiberum
577 1907 719 1963 arbitrium
729 1915 779 1974 est,
791 1907 909 1964 liberum
958 1904 1035 1973 cujus
1049 1904 1118 1960 velle
1132 1903 1224 1961 iacere
1238 1906 1300 1977 cst),
1325 1906 1375 1960 sed
1398 1905 1489 1977 aliquo
1511 1903 1555 1960 vel
1577 1902 1686 1971 visibili,
1712 1902 1756 1958 vel

108 1992 143 2049 de
162 1994 299 2051 voluntate
316 1995 459 2064 judicium.
478 1995 535 2051 »ld
561 2002 613 2063 cst,
637 1996 753 2052 liberum
769 1996 909 2052 arbitrium
957 1990 1096 2059 invisibili,
1121 2000 1203 2064 prout
1225 1993 1266 2049 eis
1289 1993 1426 2065 competit,
1450 2000 1522 2048 actu.
1546 1991 1665 2047 Ordines
1688 2006 1755 2047 vero
1793 1986 1797 1993 ’

109 2089 150 2138 est
163 2090 284 2154 potestas
298 2083 474 2141 discernendi
487 2083 559 2140 inter
571 2084 682 2153 bonum,
694 2084 832 2141 etmalum
846 2101 909 2142 cum
956 2078 1079 2152 ipsorum
1093 2081 1234 2137 beatorum
1261 2081 1414 2154 spirituum,
1432 2081 1582 2138 secundum
1611 2087 1669 2137 tres
1696 2080 1756 2136 hie·

112 2170 263 2227 voluntaria
278 2171 411 2228 electione
425 2171 489 2228 honi
505 2180 532 2229 et
544 2173 737 2245 reprobatione
751 2173 906 2230 maliNum
956 2169 1076 2225 rarchias
1099 2169 1220 2227 distincti
1247 2178 1318 2238 sunt,
1349 2185 1464 2242 quarum
1488 2169 1615 2241 quaelibet
1642 2169 1753 2225 ordines

110 2258 251 2315 arbitrium
268 2260 305 2317 ad
326 2259 519 2317 discretionem
539 2261 672 2330 iudicium
695 2261 784 2335 [Por.‚
802 2262 908 2337 judicii]
956 2257 1076 2314 continet
1088 2265 1153 2314 tres.
1170 2259 1199 2314 ln
1214 2258 1302 2331 prima
1315 2259 1469 2315 hierarchia
1483 2267 1546 2313 sunt
1567 2266 1620 2314 tres
1643 2258 1753 2314 ordines

107 2346 234 2419 pertinet,
258 2347 331 2405 unde
359 2350 479 2405 arbitros
504 2350 612 2420 judices
638 2350 731 2408 dicere
763 2351 906 2408 solemus:
956 2345 1011 2412 isti,
1027 2347 1163 2418 seraphin,
1180 2348 1310 2404 cherubin
1325 2355 1352 2404 et
1367 2347 1463 2404 throni.
1489 2346 1520 2402 ln
1545 2346 1674 2414 secunda,
1700 2346 1753 2402 do-

107 2435 221 2492 lihertas
242 2452 309 2493 vero
333 2437 370 2494 ad
392 2437 566 2509 voluntatem,
591 2455 672 2510 quam
692 2438 809 2496 liberem
826 2441 908 2497 hebet
956 2434 1129 2504 minutiones,
1162 2435 1331 2507 principatus
1359 2445 1386 2492 et
1413 2442 1573 2507 potestates.
1606 2435 1637 2490 ln
1672 2434 1755 2490 tertia

105 2532 230 2580 creatura
245 2525 394 2581 rationalis.
410 2527 480 2582 Nam
494 2526 581 2584 libere
596 2526 699 2583 bonum
713 2528 769 2583 vult
784 2528 827 2584 illa
846 2546 908 2601 quae
956 2522 1080 2590 virtutes,
1096 2523 1254 2595 archangeli
1270 2532 1298 2580 et
1311 2524 1412 2597 angeli.
1428 2523 1488 2594 Qua
1508 2540 1575 2580 vero
1598 2523 1703 2580 ratione
1727 2533 1754 2581 at

107 2614 210 2670 honum
224 2613 281 2670 vult
297 2630 304 2669 z
321 2621 348 2670 et
361 2614 448 2671 libere
463 2615 565 2670 malum
585 2615 643 2671 vult
657 2615 702 2671 illa
724 2632 785 2688 quae
805 2617 905 2673 malurn
956 2627 1037 2667 causa
1052 2611 1116 2667 talia
1130 2611 1242 2667 ordines
1264 2611 1309 2667 isti
1336 2612 1424 2668 sortiti
1453 2620 1514 2667 sunt
1541 2611 1661 2678 nomina,
1687 2612 1753 2667 satis

107 2702 174 2759 vuli.
190 2701 244 2757 Sed
259 2701 326 2758 illud
339 2701 369 2758 fir
382 2702 524 2775 gradensi
531 2704 723 2776 preveniente,
733 2704 761 2760 id
771 2713 821 2774 ess,
834 2706 907 2779 quod
955 2715 1092 2771 superque
1110 2699 1255 2755 multorum
1278 2699 1474 2756 catholicorum
1497 2700 1638 2756 doctorum
1659 2707 1753 2757 ceren-

106 2798 230 2848 creatura
244 2790 384 2847 rationaHs
398 2791 454 2847 vult
468 2791 589 2848 bonurn:
607 2793 657 2848 hoc
677 2799 767 2849 autem
791 2792 820 2849 lit
840 2811 906 2868 gra·
955 2788 1031 2844 sione
1045 2787 1216 2844 notissimum
1231 2795 1282 2854 est,
1303 2795 1329 2844 et
1356 2788 1459 2844 idcirco
1485 2803 1599 2844 necesse
1625 2796 1750 2856 nonest,

105 2878 145 2935 tia
160 2878 210 2935 liei
227 2878 379 2948 deserente,
395 2879 424 2936 id
447 2887 498 2951 est,
523 2880 596 2952 quod
618 2888 744 2938 creatura
767 2883 905 2939 rationalis
955 2884 984 2932 ut
998 2875 1033 2933 de
1045 2875 1090 2932 illa
1105 2891 1155 2932 nos
1169 2876 1274 2933 ratione
1298 2883 1325 2932 et
1348 2891 1430 2934 causa
1454 2875 1553 2949 aliquid
1574 2876 1603 2932 in
1625 2876 1753 2948 prasenti

107 2967 165 3024 vult
188 2966 290 3023 molum
306 2983 313 3022 z
329 2968 379 3024 sed
402 2983 514 3042 semper
537 2976 680 3042 utmmque
704 2969 732 3026 lit
755 2971 903 3028 voluntate.
919 2939 1111 3037 oloquamur.
1128 2965 1184 3023 Sed
1197 2973 1225 3021 ut
1239 2965 1273 3021 ad
1287 2974 1314 3022 ta
1328 2964 1481 3041 veniamus,
1498 2965 1544 3037 qui
1568 2965 1703 3021 habitator
1721 2981 1753 3022 es

106 3056 176 3112 Nam
196 3071 249 3113 nec
272 3055 356 3130 gratia
380 3056 431 3113 llei
453 3057 595 3126 adiuvans,
620 3058 787 3115 voluntatem
807 3060 906 3131 premit
956 3054 1041 3121 cellae,
1065 3069 1116 3124 pro
1130 3069 1183 3126 quo
1207 3062 1233 3109 et
1255 3053 1298 3110 cui
1323 3053 1498 3110 haecomnia
1521 3053 1647 3122 dicimus,
1674 3053 1752 3127 erige

108 3144 282 3212 necessitate,
297 3160 349 3201 nec
363 3144 496 3201 deserens
517 3146 615 3218 spoliat
635 3146 770 3204 libertate.
786 3148 906 3204 lndeest
957 3149 1089 3214 quatenus
1112 3141 1185 3209 licet,
1215 3142 1270 3198 imo
1296 3149 1427 3214 quatenus
1452 3141 1501 3197 tibi
1528 3141 1621 3197 datum
1657 3141 1750 3211 fuerit,

105 3233 177 3307 quad
191 3232 317 3290 voluntas
336 3233 479 3305 praemium
500 3243 621 3291 meretur
643 3242 671 3291 et
693 3251 813 3308 poensrn,
843 3235 907 3310 quia
954 3229 1101 3287 defaecatos
1123 3246 1199 3301 purae
1212 3229 1438 3287 considerationis
1461 3238 1513 3286 tuae
1527 3230 1621 3287 oculos
1643 3230 1678 3286 ad
1701 3231 1752 3286 bos
1821 3224 1823 3228 ’

106 3320 192 3376 libere
212 3328 238 3377 et
263 3321 366 3393 absque
386 3321 462 3378 omni
486 3322 628 3379 coactione
650 3324 686 3379 ad
708 3331 854 3395 utrumque
874 3340 905 3380 sa
954 3334 1054 3376 novem
1077 3318 1219 3374 beatorum
1246 3318 1388 3390 spirituum
1415 3318 1536 3387 ordines,
1565 3326 1594 3374 ut
1616 3334 1651 3375 ex
1675 3326 1752 3391 parte

105 3403 227 3474 inclinat,
239 3404 268 3460 id
282 3412 324 3460 est
351 3404 387 3460 ad
405 3405 507 3462 bonum
535 3414 564 3463 et
589 3406 699 3463 malum.
728 3408 789 3463 Non
813 3415 905 3464 autem
955 3406 1125 3480 videasque
1150 3422 1244 3463 eorum
1268 3406 1322 3462 sint
1341 3406 1521 3463 sublimitates
1544 3415 1571 3462 et
1592 3407 1749 3480 dignitates.

106 3492 166 3549 sine
180 3507 263 3549 causa
278 3492 435 3550 dictumest
456 3493 573 3550 liberum
600 3495 743 3552 voluntatis
760 3495 903 3567 judicium,
954 3496 984 3551 ln
1000 3495 1060 3567 ipsa
1075 3496 1147 3552 iutra
1161 3504 1187 3552 te
1201 3494 1307 3551 interna
1320 3495 1521 3562 recordatione,
1549 3496 1628 3551 stude
1651 3495 1751 3552 olfactu

108 3580 151 3639 vel
164 3580 281 3637 liberum
295 3581 329 3638 dc
344 3581 481 3638 voluntate
492 3582 635 3652 judicium.
652 3583 715 3640 Sola
728 3600 795 3640 vero
810 3585 904 3641 volun·
954 3584 1094 3640 memoriae
1109 3585 1152 3641 vel
1163 3584 1280 3640 tenuiter
1293 3584 1407 3641 odorare
1425 3600 1431 3640 :
1448 3593 1475 3640 et
1489 3592 1570 3658 gustu
1585 3583 1697 3651 amoris,
1722 3584 1750 3640 in

105 3675 145 3724 tas
160 3685 268 3740 semper
282 3676 413 3727 creaturae
426 3670 565 3727 rationalis
580 3680 633 3728 est.
656 3673 726 3727 Nam
746 3672 780 3728 sd
806 3672 904 3728 volun·
954 3680 1084 3746 qnantum
1097 3682 1184 3745 potes,
1201 3673 1304 3746 aliquid
1318 3673 1352 3729 de
1366 3673 1472 3745 gaudiis
1494 3671 1645 3729 coelestium
1668 3671 1751 3744 spiri-

104 3764 187 3813 tatem
200 3757 354 3814 habendam
367 3758 441 3814 nullo
456 3758 562 3833 indiget
577 3767 651 3815 extra
666 3777 695 3816 se
715 3761 803 3832 posito
824 3777 904 3818 crea·
954 3769 1030 3818 tuum
1054 3770 1233 3836 praegustare,
1257 3762 1303 3835 qni
1326 3762 1354 3817 in
1375 3761 1489 3834 singulis
1503 3761 1646 3818 ordinibus
1664 3769 1750 3818 sunt:

104 3853 166 3903 tura
178 3845 317 3902 rationalis
333 3861 339 3902 :
356 3847 430 3918 quod
442 3847 470 3902 in
483 3847 555 3903 malo
570 3848 708 3905 voluntate
723 3865 818 3905 omnes
842 3866 904 3906 esse
953 3851 1091 3925 quomodo
1106 3850 1206 3923 singuli
1220 3851 1248 3906 in
1262 3851 1360 3923 seipsis
1382 3858 1445 3907 sunt
1458 3850 1608 3922 incorrup:i
1631 3858 1658 3907 et
1680 3850 1752 3907 inte-

104 3929 240 3986 novimus.
256 3931 326 3986 Nam
340 3931 374 3985 ad
389 3946 450 3986 eam
465 3931 618 3988 habendam
637 3949 671 3989 ex
685 3949 716 3989 se
730 3933 798 3997 sola.
822 3950 904 3990 crea·
954 3941 1008 4014 gri,
1021 3940 1134 4010 iucundi
1148 3947 1175 3995 et
1189 3939 1243 3996 laeti
1259 3955 1265 3995 :
1281 3939 1309 3995 in
1324 3956 1419 3997 amore
1433 3939 1630 4006 sincerissimo,
1647 3939 1750 3996 arden-

105 4018 319 4075 &irrrationalis
334 4018 522 4077 sufficiensesl
539 4036 546 4077 τ
563 4020 611 4076 sed
626 4021 660 4076 td
676 4022 777 4078 bonum
801 4022 904 4078 haben·
953 4028 1069 4097 tissime,
1092 4036 1119 4085 et
1141 4029 1412 4100 perseverantissimo
1435 4029 1551 4086 invicem
1575 4028 1700 4086 benevoli
1724 4035 1752 4084 et

106 4106 181 4176 dum,
197 4107 357 4175 assessis,
383 4116 509 4165 creatura
530 4109 668 4165 rationalis
692 4110 829 4167 sufficiens
849 4126 904 4167 non
954 4117 1088 4191 benigni:
1106 4133 1175 4189 pace
1197 4118 1414 4190 imperturbabili
1436 4117 1584 4189 tranquilli,
1608 4117 1637 4173 in
1658 4115 1751 4188 perie-

106 4204 158 4262 est,
174 4195 226 4250 nisi
240 4195 275 4250 sit
290 4195 383 4266 arbuta
396 4212 411 4250 a
426 4196 517 4270 gratia
532 4197 591 4254 Dei.
610 4198 666 4256 Sed
679 4198 742 4255 licet
756 4199 815 4255 sine
836 4214 904 4272 gra-
953 4201 1076 4257 ctissima
1089 4201 1250 4257 certitudine
1266 4202 1367 4272 securi,
1389 4201 1532 4269 individui,
1555 4201 1627 4272 puri,
1649 4200 1750 4266 sereni,

105 4284 143 4341 tia
156 4284 215 4351 Dei,
232 4284 333 4340 bonam
347 4285 514 4342 voluntatem
526 4286 628 4343 habere
650 4302 705 4343 non
728 4288 823 4359 possit,
849 4291 940 4354 nonD
955 4288 1043 4360 ipsum
1057 4290 1145 4344 Deum
1160 4289 1228 4346 facie
1243 4290 1275 4345 sd
1298 4290 1394 4346 taciem
1419 4289 1551 4357 videntes,
1576 4290 1634 4345 heo
1658 4288 1751 4346 inces-

106 4383 196 4430 tamen
212 4372 304 4445 aliquo
318 4373 471 4431 extrinseco
486 4382 549 4447 eget
563 4376 596 4430 ad
616 4375 715 4432 bonam
736 4375 904 4432 voluntatem
954 4386 1047 4433 santer
1062 4377 1229 4433 aehoerentes
1244 4377 1319 4432 nulla
1333 4378 1495 4449 interposita
1509 4393 1540 4433 re
1554 4377 1607 4433 alia
1622 4395 1629 4432 z
1645 4377 1674 4432 in
1694 4378 1752 4434 Deo

103 4461 268 4518 habendam.
283 4463 351 4517 Nam
367 4461 420 4517 nisi
434 4463 515 4534 culpa
530 4471 660 4520 creaturae
674 4464 813 4520 rationalis
827 4464 904 4520 obsi·
955 4473 981 4522 et
994 4481 1028 4522 ex
1041 4466 1099 4522 Deo
1115 4465 1187 4521 besti
1202 4466 1359 4533 existentes,
1375 4466 1426 4524 Dei
1439 4465 1625 4523 indesinenter
1638 4466 1666 4522 in
1688 4466 1750 4538 ple-

105 4556 168 4617 stat,
184 4565 322 4622 nunquam
338 4551 427 4624 gratia
442 4551 492 4607 liei
506 4551 585 4607 deest
597 4552 632 4607 ad
655 4552 755 4608 bonam
779 4552 904 4610 volunta·
953 4553 1076 4610 nitudine
1089 4569 1162 4609 verae
1176 4561 1203 4609 et
1216 4553 1244 4608 in
1259 4562 1390 4610 aetemum
1418 4553 1597 4611 indeficientis
1624 4554 1752 4611 dilectio-

106 4643 161 4691 tem
171 4637 335 4694 habendam.
350 4637 424 4694 Nihil
439 4646 481 4695 est
496 4655 563 4711 ergo
579 4640 651 4712 quod
667 4640 707 4696 sic
734 4640 768 4698 sit
786 4648 905 4712 potesta·
954 4642 1006 4710 nis,
1023 4650 1050 4699 et
1065 4642 1260 4713 exsultationis,
1278 4643 1403 4698 laudibus
1418 4651 1445 4699 et
1458 4642 1603 4714 praeconiis
1618 4643 1750 4699 insisten-

105 4723 141 4781 tis
154 4734 284 4782 ereaturae
298 4727 449 4794 rationalis,
462 4727 531 4784 sicut
540 4735 581 4783 est
596 4728 656 4799 ipsa
670 4728 805 4797 voluntas,
822 4745 905 4801 quarn
955 4738 996 4786 tes
1011 4747 1018 4786 :
1035 4731 1134 4803 quibus
1149 4730 1189 4802 (ut
1203 4731 1287 4786 multa
1302 4731 1379 4787 brevi
1406 4746 1519 4788 semona
1545 4731 1752 4801 concludamus)

107 4829 217 4886 semper
238 4814 325 4872 libere
346 4816 430 4872 habet
453 4815 558 4873 ratione
581 4816 753 4874 discernente
774 4832 810 4873 an
832 4818 905 4875 bona
954 4818 1022 4874 nihil
1034 4819 1141 4891 penitus
1156 4820 1243 4885 adest,
1260 4818 1328 4875 nibil
1342 4820 1428 4889 deest,
1444 4819 1517 4875 boni.
1533 4819 1556 4874 0
1573 4825 1672 4890 quanta
1692 4832 1753 4872 sua·

107 4902 142 4957 sit
157 4902 201 4959 vel
220 4903 301 4958 mala.
327 4905 400 4960 Bene
414 4920 481 4977 ergo
500 4904 617 4961 libemus
641 4905 782 4961 arbitrium
806 4905 906 4963 dicitur
954 4908 1023 4964 vitas
1038 4916 1065 4964 et
1079 4908 1195 4964 dulcedo
1210 4907 1236 4963 in
1251 4908 1341 4965 verbis
1356 4908 1415 4963 istis
1432 4907 1437 4963 1
1456 4908 1484 4964 Si
1498 4916 1525 4962 tu
1536 4906 1625 4978 aquila
1641 4921 1681 4977 es,
1696 4905 1752 4963 imo

107 4989 223 5046 liberum
237 4991 385 5048 voluntatis
396 4992 536 5062 judicium,
552 4993 597 5050 vel
613 4993 729 5049 libemm
751 4993 786 5050 de
809 4995 917 5055 valona
956 4997 1020 5068 quia
1030 5012 1068 5064 es,
1087 4995 1110 5050 si
1125 5003 1214 5051 lamen
1229 4996 1301 5053 sicut
1314 4997 1343 5051 in
1356 4996 1426 5054 cella
1440 5011 1502 5051 esse
1513 4995 1607 5063 debes,
1624 4995 1660 5050 ita
1673 4994 1701 5049 in
1721 5010 1753 5051 ea

108 5085 162 5134 tate
175 5079 316 5148 judicium,
347 5096 380 5137 eo
407 5081 480 5152 quod
506 5082 547 5153 (ut
573 5081 675 5138 dictum
703 5082 755 5155 est)
783 5091 906 5139 creatura
956 5100 996 5154 es,
1012 5084 1130 5151 elevare,
1148 5083 1255 5140 elevare
1269 5085 1305 5140 ab
1320 5085 1360 5140 eis
1375 5101 1435 5157 quae
1450 5091 1511 5139 sunt
1524 5082 1595 5140 inira
1609 5091 1645 5151 te,
1670 5091 1698 5140 et
1717 5085 1752 5139 ab

105 5167 247 5224 rationalis
262 5185 371 5240 semper
394 5168 477 5225 habet
502 5177 666 5241 potestatem
690 5171 775 5228 libere
796 5171 906 5229 volendi
956 5173 1236 5245 eisquaesuntextra
1252 5180 1299 5229 te:
1316 5181 1343 5228 et
1370 5172 1479 5228 elevare
1502 5173 1685 5229 mediantibus
1709 5172 1753 5229 his

107 5255 209 5312 bonum
223 5256 267 5313 vel
280 5257 392 5325 malum,
409 5274 472 5314 cum
486 5258 619 5315 electione
634 5259 724 5329 hujus,
740 5259 767 5314 id
778 5268 819 5315 est
829 5259 904 5327 boni,
956 5277 1016 5333 quae
1031 5269 1094 5316 sunt
1108 5260 1177 5317 intra
1192 5269 1218 5318 te
1233 5262 1267 5317 ad
1282 5261 1335 5318 ista
1349 5262 1384 5318 de
1398 5261 1496 5333 quibus
1509 5261 1654 5333 loquimur,
1671 5261 1755 5317 subli-

107 5344 249 5415 etjudicio
263 5346 461 5419 reprobationis
476 5346 557 5418 illius,
579 5347 606 5404 id
623 5355 665 5405 est
679 5347 752 5404 mali.
777 5348 819 5405 illi
841 5363 906 5406 vero
955 5349 1011 5408 mia
1034 5357 1061 5409 et
1083 5366 1192 5424 magna,
1217 5350 1338 5425 perlecta
1362 5359 1389 5412 ct
1412 5351 1527 5426 integra,
1556 5349 1700 5422 tranquilla
1727 5358 1755 5408 et
