3750 5984
113 181 166 237 tot
407 184 599 246 Expostulo
615 189 655 246 IN
672 190 864 250 aelstanus
882 192 994 254 PAULI.
1010 227 1046 242 -·
1059 200 1097 258 IN
1114 203 1226 262 amsa.
1250 208 1261 263 l
1280 207 1328 264 ab
1346 209 1469 268 mass.
1710 215 1764 275 tta

117 323 129 354 s
148 303 208 367 sed.
225 304 294 361 sicut
308 316 351 363 est
362 325 438 374 rere,
463 311 575 367 verbum
589 313 650 384 Dei,
665 315 710 386 qui
738 323 868 388 operatur
882 317 911 373 in
925 320 949 380 Α
993 322 1063 380 Vere
1077 341 1132 382 non
1146 328 1224 401 quasi
1239 329 1379 401 placentes
1393 334 1564 402 hominibus,
1581 341 1762 410 nequeenim

117 413 129 437 ι
147 391 225 447 robis
239 394 287 465 qui
301 397 456 453 credidistis
472 398 521 472 [ol.
537 399 601 456 add.
614 401 643 457 in
652 401 761 476 ipsnml.
772 405 828 460 Vos
842 405 915 462 enirn
933 423 939 433 ·
963 412 1114 485 aliquando
1125 419 1235 488 suimus
1249 419 1281 474 iu
1291 423 1614 494 sermoueadulutionis,
1626 427 1701 482 sicud
1711 442 1761 483 ros

124 479 300 538 «imitatores
328 483 392 542 lacti
416 488 490 552 estis,
520 487 627 558 iratres,
650 492 836 548 Ecclesiarum
851 495 918 561 Dei,·
962 501 1053 569 scitis,
1064 511 1091 558 et
1106 519 1155 560 vos
1169 505 1195 560 in
1211 515 1296 564 testes
1310 510 1428 580 appello.
1440 512 1532 585 Neque
1548 513 1647 569 luimus
1661 514 1689 569 in
1703 531 1762 571 ser·

120 587 133 617 ι
152 584 211 639 quae
226 571 327 625 suntin
340 574 444 643 ludaea,
459 576 486 631 in
506 576 614 634 Christo
638 581 712 646 lesu,
730 580 794 651 quia
817 581 914 638 eadem
962 604 1043 644 mone
1065 594 1211 662 aramum
1232 612 1282 653 nec
1307 597 1387 652 etiam
1402 603 1433 656 iu
1462 602 1607 659 occasione
1620 610 1649 657 ut
1664 603 1760 660 saltem

116 678 129 703 ι
147 657 224 728 passi
238 660 305 714 estis
320 670 345 716 et
361 678 409 718 vos
424 680 439 717 a
452 665 651 722 contribulibus
674 669 786 736 vestris,
803 671 873 727 sicut
887 677 914 725 cl
963 677 1097 747 suspicari
1110 691 1202 751 posset
1222 684 1256 739 de
1277 685 1376 752 nobis;
1392 694 1419 742 et
1433 689 1506 745 Deus
1529 689 1592 745 inde
1608 693 1688 747 testis
1703 696 1758 748 est.

117 765 129 790 a
148 744 201 816 ipsi
215 761 232 800 a
246 747 358 813 ludaris,
374 751 421 823 qui
436 761 462 807 et
476 753 620 809 Dominum
649 757 807 812 occiderunt
820 759 912 814 lesum
962 764 996 818 lit
1005 781 1063 822 uon
1074 767 1173 824 inimus
1182 777 1340 843 quaerentes
1349 776 1508 845 ploriamal
1518 777 1759 852 hominibusque

117 854 128 879 ι
148 840 175 888 et
189 836 350 906 prophetas,
364 846 390 894 et
403 855 454 895 nos
478 843 615 911 persecuti
639 853 712 912 sunt,
737 854 764 900 et
785 847 843 902 Deo
857 861 913 902 nou
961 868 1051 925 meque
1066 872 1084 911 a
1099 858 1189 925 uobis,
1205 876 1295 934 neque
1310 862 1343 917 ab
1358 863 1435 919 aliis.
1449 864 1511 919 Non
1526 864 1626 921 fuimus
1640 866 1667 921 in
1680 883 1760 924 occa·

116 920 270 993 aplacent,
286 932 314 980 et
327 927 453 982 omnibus
467 929 622 985 hominibus
637 932 829 1004 adversantur,
844 950 911 1005 pro-
962 940 1038 997 sione
1054 945 1183 1013 avaritie,
1199 964 1276 1013 eum,
1292 949 1321 1005 id
1331 940 1517 1021 est'qnamvis
1529 956 1671 1024 possimus
1683 957 1758 1013 uobis

117 1031 129 1056 ι
154 1009 281 1068 hibentes
295 1029 347 1068 nos
361 1016 489 1086 gentibus
503 1017 578 1089 loqui
592 1027 621 1073 ut
636 1020 705 1076 salvi
723 1019 799 1087 liant,
814 1029 844 1078 ut
857 1023 911 1078 im·
961 1033 1117 1096 erseonem',
1129 1037 1292 1108 accipiendo
1304 1040 1498 1110 temporalitas
1510 1043 1626 1100 vobisut
1636 1045 1758 1115 apostati

115 1097 238 1167 «pleant
259 1110 372 1171 peccata
400 1119 450 1159 sua
477 1122 597 1177 semper.
631 1109 756 1165 Pervenit
783 1111 856 1165 enirn
870 1111 911 1166 ire
962 1116 1077 1174 Christi.
1087 1120 1686 1201 Nonquaerentesgloriam,sedtoctisumut
1694 1148 1757 1204 par·

116 1205 127 1231 a
146 1185 197 1240 Dei
212 1203 295 1259 super
309 1189 371 1247 illos
386 1207 473 1264 usqua
488 1193 516 1247 in
542 1191 634 1251 linem.
663 1198 719 1252 Nos
734 1205 835 1264 autern,
852 1198 910 1254 tra·
959 1206 1019 1262 vuli
1029 1208 1061 1262 in
1068 1209 1200 1276 madio‚id
1208 1220 1248 1266 est
1257 1212 1373 1267 humiles
1382 1214 1410 1267 in
1422 1217 1754 1276 communitateaestrum.

115 1295 126 1320 ι
146 1281 212 1341 tres,
229 1276 366 1334 desolatio
382 1280 459 1335 vobis
483 1282 519 1337 ad
545 1290 653 1354 tempas
681 1285 768 1350 hore,
786 1294 909 1358 aspectu,
959 1292 1056 1349 Nullus
1074 1295 1145 1352 enim
1165 1297 1214 1353 luit
1229 1299 1273 1354 cui
1297 1315 1351 1356 non
1368 1303 1621 1361 condescenderim.
1638 1309 1756 1364 Parvuli

113 1377 200 1418 snon
215 1366 315 1434 corde,
341 1367 522 1425 abundantius
538 1369 724 1428 festinavimus
753 1373 849 1430 faciem
863 1391 910 1431 ve·
960 1382 1031 1448 dico,
1049 1387 1186 1457 tauquam
1213 1389 1317 1444 nutrix
1343 1391 1568 1448 condescendens
1582 1394 1711 1464 parvulo,
1729 1402 1756 1452 et

114 1479 125 1504 a
143 1464 230 1510 stram
244 1454 339 1511 videre
354 1472 415 1511 cnm
430 1458 516 1512 mullo
540 1459 687 1526 desiderio,
714 1462 843 1533 quoniam
857 1479 909 1519 vo·
959 1469 1043 1525 multa
1057 1473 1195 1529 sustinens
1209 1475 1244 1530 ab
1255 1475 1311 1532 illo.
1326 1477 1385 1534 Nec
1397 1478 1495 1534 nutrix,
1507 1481 1641 1538 conducta
1654 1484 1753 1554 pretio,

113 1565 125 1596 s
143 1543 243 1599 luimus
257 1543 351 1599 venire
365 1543 401 1599 ad
415 1560 474 1600 vos.
490 1546 551 1620 Ego
566 1548 674 1620 quidem
694 1550 793 1606 Paulus
821 1558 848 1606 et
862 1566 908 1606 se·
959 1557 1008 1613 sed
1028 1560 1054 1614 si
1069 1564 1162 1632 toneat
1177 1564 1302 1634 proprios
1328 1565 1411 1635 filios,
1442 1567 1539 1639 quibus
1561 1585 1595 1624 ex
1611 1567 1755 1629 dilectione

113 1653 126 1683 ι
144 1630 199 1687 rnel
213 1637 241 1686 et
255 1630 362 1699 iterum,
374 1633 424 1688 sed
432 1632 573 1705 impedivit
585 1652 637 1692 nos
648 1638 773 1693 Satanas.
786 1637 853 1707 Quae
867 1647 945 1731 estB
960 1647 1018 1702 sola
1042 1649 1156 1718 parvula
1179 1651 1231 1717 sit;
1252 1652 1319 1707 nihil
1338 1652 1376 1708 ihi
1400 1671 1527 1725 querens
1558 1664 1658 1729 praeter
1672 1657 1753 1716 lilios.

113 1742 124 1766 α
142 1719 215 1776 enim
230 1728 323 1774 nostra
337 1735 401 1791 spcs
420 1729 465 1777 aut
493 1722 634 1795 gaudium,
660 1734 705 1780 aut
732 1741 832 1781 corona
845 1727 908 1799 glo·
959 1736 1099 1809 Tanquam
1113 1738 1204 1793 nutrix
1218 1738 1289 1795 tilios
1303 1741 1338 1795 ita
1362 1742 1550 1799 desiderantes
1565 1761 1628 1814 vos,
1641 1761 1695 1802 non
1708 1763 1754 1803 rea

112 1807 212 1863 ‹riael
226 1807 323 1862 Nonne
347 1824 396 1864 tos
415 1816 477 1864 ante
501 1811 647 1866 Dominum
672 1822 794 1869 nostrum
816 1815 908 1870 lesum
959 1827 1182 1897 vestrosoupide,
1200 1829 1359 1886 volebamus
1375 1831 1487 1888 tradere
1507 1833 1582 1888 uobis
1596 1836 1754 1892 maureium
1791 1827 1795 1835 ’

113 1917 124 1944 α
143 1895 280 1951 Christum
300 1896 366 1950 estis
385 1896 412 1951 in
435 1897 553 1953 adventu
582 1900 664 1969 ejus?
682 1902 736 1958 vos
756 1901 909 1958 animastis
958 1913 1145 1983 &immitam
1154 1915 1213 1982 οη,
1226 1917 1378 1984 sedetiam,
1391 1919 1413 1973 si
1431 1923 1754 1991 oportereqanimmg.

113 2004 125 2036 s
143 1983 233 2056 gloria
247 1992 340 2042 nostra
354 1993 381 2041 et
398 1985 540 2058 gaudium·
559 2008 569 2039 r
958 2005 1044 2056 siras.
1062 2001 1126 2057 ldeo
1150 2005 1285 2074 quonism
1299 2009 1371 2076 tacti
1389 2010 1457 2063 estis
1472 2008 1552 2064 nobis
1578 2007 1751 2078 charissimi,

958 2088 1020 2144 lacti
1032 2105 1125 2144 sumus
1135 2090 1228 2163 ntique
1238 2092 1345 2163 parvuli
1356 2102 1485 2167 tanquam
1494 2096 1593 2151 nutrix.
1606 2098 1752 2165 Vosenim‚

961 2180 1753 2258 praeseminare:estutator-temstmetsmtpatimu.-

146 2269 269 2327 Dicendo
284 2268 408 2340 superius
419 2271 531 2343 qualem
545 2272 699 2329 introitum
714 2278 741 2328 et
751 2272 846 2345 quales
857 2271 909 2329 sm.
957 2273 1052 2336 posset
1066 2266 1139 2322 enim
1155 2267 1282 2324 laborare
1306 2285 1361 2326 non
1390 2287 1477 2343 usque
1503 2273 1539 2327 ad
1556 2271 1751 2345 fatigationem,

110 2365 177 2425 tres,
192 2357 236 2412 bis
251 2356 453 2431 significaverat
477 2359 555 2415 vobis
583 2358 770 2417 difficultatem
784 2361 908 2417 introitus
957 2354 1007 2409 sed
1022 2353 1182 2427 plerumque
1198 2372 1213 2410 a
1237 2358 1296 2413 Deo
1311 2358 1453 2414 laborabat
1466 2367 1496 2415 ut
1519 2361 1609 2432 magis
1627 2361 1752 2418 delesses

110 2445 153 2501 sui
165 2463 173 2513 ς
187 2461 281 2517 qnam,
298 2445 362 2516 qaia
385 2455 530 2504 exsecutus
548 2463 602 2503 non
625 2448 722 2515 luerat,
741 2448 823 2503 modo
841 2450 907 2504 setis
957 2443 1103 2499 desisteret
1113 2459 1194 2515 quarn
1204 2445 1383 2502 voluntarius.
1396 2447 1469 2503 Bene
1479 2448 1539 2503 dico
1547 2449 1650 2505 laboris
1660 2455 1688 2506 et
1703 2453 1751 2522 ta·

105 2530 209 2591 'adime
224 2534 329 2601 inserit,
345 2534 440 2590 dicens
456 2553 463 2589 ε
478 2536 540 2592 Non
551 2543 659 2607 oportet
678 2553 721 2593 me
739 2536 829 2593 dicere
840 2553 908 2609 qua·
959 2532 1126 2603 riparensi,-
1140 2547 1191 2587 nos
1206 2533 1278 2588 enim
1293 2535 1510 2607 praedicavimus
1523 2539 1555 2592 iu
1568 2537 1643 2594 uobis
1658 2540 1751 2594 Evan-

109 2623 166 2679 lenr
181 2623 319 2677 introitum
334 2622 479 2678 habuimus
491 2625 525 2680 ad
540 2640 589 2680 vos
603 2644 610 2692 ;
625 2642 703 2693 nam,
720 2640 770 2681 vos
783 2626 838 2699 ipsi
847 2629 906 2698 tra·
955 2619 1061 2691 delium
1076 2619 1135 2688 Μ,
1155 2625 1305 2692 Oletttltt
1317 2627 1400 2678 ”0⁶20
1426 2641 1459 2680 (ιθ
1474 2624 1529 2691 dit·
1553 2633 1681 2697 ll¹¹³¹¹l¹¹ffl
1696 2626 1750 2681 diei

112 2716 181 2777 tm,
198 2711 265 2766 „qs
278 2713 359 2767 ,epig
369 2713 522 2768 introitum
535 2718 666 2770 nostrum
677 2715 713 2770 ap
726 2729 782 2778 005,
799 2716 864 2786 quta
879 2713 906 2771 id
957 2706 1096 2763 residuum
1118 2717 1177 2763 erat
1196 2724 1212 2763 a
1227 2711 1421 2779 praedicatione
1443 2719 1469 2766 et
1483 2712 1615 2769 oratione.
1631 2714 1696 2770 ldeo
1711 2715 1751 2772 sic

110 2807 153 2856 est
167 2799 249 2871 quod,
266 2816 324 2856 mou
334 2800 393 2871 suit
408 2801 515 2867 imanis,
533 2801 560 2856 id
576 2810 616 2857 est
629 2801 740 2857 inutilis.
752 2802 845 2859 lnanis
859 2819 905 2858 es·
956 2802 1112 2866 operantes,
1124 2803 1380 2869 aequemuetram
1388 2817 1585 2874 probaremus;
1594 2803 1702 2874 etquod
1712 2803 1751 2859 ila

110 2896 151 2944 ,οἱ
167 2888 250 2959 sipm
265 2887 346 2943 rebus
357 2888 450 2943 mundi
466 2897 615 2960 pateretur,
629 2890 672 2946 vel
682 2890 767 2961 &pap
777 2907 906 2962 resurge.
955 2882 1077 2949 fecerim,
1089 2900 1135 2942 oos
1144 2886 1213 2941 estis
1228 2890 1313 2943 testes
1327 2893 1356 2944 et
1370 2890 1535 2962 Deosquam
1548 2895 1647 2946 sanate
1657 2890 1684 2989 in
1694 2907 1748 2958 nte,

108 2985 160 3046 ret,
172 2975 225 3042 vel,
242 2976 265 3030 si
279 2976 360 3031 ineis
375 2976 493 3033 lructum
508 2977 571 3034 tidei
587 2994 640 3036 non
655 2978 765 3035 lacerat.
781 2980 843 3034 Non
857 2978 906 3035 luit
955 2975 983 3027 et
1000 2986 1081 3042 quam
1092 2973 1171 3043 juste
1185 2973 1221 3028 ad
1236 2975 1397 3045 proximum,
1411 2982 1439 3034 et
1449 2980 1512 3033 siue
1527 2979 1651 3050 quarem,
1668 2979 1752 3035 idest

107 3064 208 3129 inanis,
224 3063 273 3120 sed
284 3068 360 3130 aute,
377 3064 405 3120 id
419 3073 460 3120 est
474 3066 501 3119 in
516 3066 662 3127 veniendo.
672 3069 750 3140 passi
766 3083 860 3122 sumus
873 3068 904 3123 iu
954 3058 1123 3126 ἱῡῦθθθῐιῑθΐ,
1140 3061 1199 3117 Sint
1213 3063 1288 3117 Omni
1302 3064 1385 3134 fflstl0r
1398 3067 1507 3137 [timul
1519 3066 1592 3121 ”⁰⁶3⁸
1601 3067 1649 3138 ⁹¹⁴⁵
1658 3069 1750 3124 ‘'idi''

107 3153 250 3225 Philippis
264 3153 437 3208 acerbitatem
453 3152 653 3219 tribulationis,
670 3161 696 3210 et
710 3155 792 3209 etiam
807 3156 905 3227 affecti
954 3146 1045 3203 ditiis·
1057 3147 1127 3217 Quia
1140 3153 1237 3205 tantia
1252 3152 1365 3220 attulit
1379 3154 1488 3224 suimus
1503 3154 1591 3220 urob,
1606 3154 1749 3213 ⁵50ss011¹¹¹¹

107 3241 301 3308 automata,
317 3240 345 3295 ia
355 3248 396 3296 est
407 3239 496 3296 sareu
506 3241 691 3311 opprobriosis
706 3242 806 3297 versis.
824 3244 905 3298 nass
954 3235 1060 3291 habetis
1078 3239 1243 3293 sicariam
1257 3238 1318 3303 hoe.
1348 3243 1473 3311 qualeter
1493 3243 1638 3320 testificati
1651 3259 1749 3311 summ

107 3333 138 3386 et
153 3330 250 3401 affecti
259 3327 321 3384 dico
336 3330 411 3385 sicut
425 3330 541 3400 vosipsi
556 3330 646 3389 scitis,
658 3329 725 3394 Nos,
737 3329 858 3401 inquam,
868 3331 904 3385 ita
954 3340 1183 3397 unumquemque
1200 3330 1334 3392 uestrum,
1350 3328 1533 3399 deprecantes
1547 3347 1593 3388 nor
1612 3335 1641 3387 et
1650 3348 1749 3388 conso-

106 3417 221 3488 psssict
237 3415 328 3474 affecti
337 3416 438 3472 luimus
454 3417 526 3487 apud
537 3432 587 3473 vos
604 3419 635 3473 im
647 3418 744 3474 multa
762 3419 904 3474 sollicita·
955 3414 1048 3469 lantes
1066 3412 1210 3469 tribulatos
1224 3418 1359 3487 tauquam
1372 3420 1457 3487 pater
1479 3417 1750 3489 consolareturfitior

106 3506 185 3574 diue,
201 3504 228 3561 id
243 3504 393 3561 eslcuriosi
407 3504 442 3560 de
459 3504 619 3561 domesticis
647 3506 738 3561 rebus.
760 3507 790 3560 ln
819 3505 905 3561 multa
954 3518 1026 3557 suos.

106 3593 184 3650 enim
196 3576 311 3665 penuria
331 3609 450 3659 eramus,
467 3601 495 3649 et
522 3593 620 3649 curiosi
644 3610 678 3649 ne
707 3609 767 3661 vos,
782 3593 905 3651 uidentes
989 3588 1133 3645 testificati
1148 3606 1242 3644 sumus
1257 3595 1289 3646 ut
1304 3592 1488 3649 ambularetis
1502 3594 1653 3665 dipuelieo,
1670 3595 1750 3651 idest

106 3689 291 3752 contemptum
315 3689 449 3749 nostrum,
467 3681 676 3738 contemneretis
691 3681 718 3736 in
741 3682 821 3737 nobis
844 3698 905 3738 uer·
954 3685 984 3731 at
999 3677 1095 3732 essetis
1119 3678 1194 3750 digni
1209 3678 1308 3735 hahere
1335 3680 1432 3735 Deum.
1462 3680 1528 3747 Vel,
1546 3689 1574 3736 ut
1588 3682 1701 3753 dignum
1716 3685 1749 3740 sit

107 3770 175 3824 bum
186 3769 246 3825 Dei.
262 3770 297 3825 lit
312 3770 375 3826 licet
390 3769 416 3824 in
430 3777 503 3825 tanta
518 3770 700 3826 sollicitudine
715 3787 848 3836 essemus,
861 3779 904 3826 ta·
954 3766 1040 3820 Deum
1054 3765 1179 3821 habitare
1195 3767 1222 3820 in
1251 3767 1329 3823 V0his
1346 3786 1352 3823 ἓ
1368 3769 1416 3840 qui
1429 3770 1503 3825 ”01¹⁸
1526 3773 1635 3827 ”mvii
1657 3789 1703 3829 ιθ*
1717 3775 1749 3829 Μ

106 3873 172 3914 men
187 3857 337 3914 puppim
350 3858 485 3928 fiduciam
507 3859 582 3931 toqui
600 3859 637 3914 aa
655 3875 702 3915 νος
718 3859 904 3930 homeliam
953 3869 1052 3909 esuum
1067 3870 1196 3925 mpetum,
1213 3854 1240 3910 id
1260 3863 1302 3911 est
1323 3856 1357 3912 ad
1376 3857 1429 3913 hoc
1442 3864 1472 3911 ut
1486 3859 1567 3914 modo
1581 3868 1708 3932 regnaret
1722 3860 1750 3915 in

106 3946 169 4001 liei.
184 3946 336 4002 llabuimus
347 3946 408 4002 dico
423 3946 455 4001 im
475 3946 594 4002 Domino
609 3950 727 4013 uostro;
743 3962 800 4016 prm
823 3946 904 4001 nimia
953 3941 1039 4008 vobis,
1053 3941 1099 4013 qni
1110 3941 1185 4012 prius
1200 3943 1282 3998 eratis
1297 3959 1411 4017 regnum
1427 3944 1536 4015 diaboli,
1553 3950 1581 4003 et
1599 3946 1627 4000 in
1644 3946 1750 4003 baben-

105 4033 181 4091 enim
195 4032 353 4090 difficultate
368 4033 409 4088 via
425 4034 578 4088 hnmanain
593 4033 672 4088 nobis
686 4032 903 4090 deficienscom-
952 4029 1016 4084 dam
1026 4030 1147 4100 plotium
1162 4030 1190 4084 in
1204 4029 1305 4086 lutuno.
1317 4032 1352 4086 Et
1367 4032 1466 4103 quinia
1490 4049 1604 4107 regnum
1627 4035 1677 4092 Dei
1698 4050 1750 4092 so·

105 4120 228 4194 pellebat
241 4137 292 4177 nos
305 4123 391 4176 Deum
412 4120 567 4177 consulere.
580 4121 644 4177 Ideo
663 4119 790 4177 fiduciam
806 4121 903 4176 habui·
953 4117 1006 4173 cati
1017 4117 1092 4183 estis,
1103 4118 1460 4192 ideonvtdrtlitlwot'mtlt
1470 4123 1750 4180 Daosiuaintermis-

104 4226 167 4265 mus
182 4210 248 4282 quia
262 4208 423 4266 exhortatio
438 4213 537 4266 eostre
551 4211 629 4280 [aeta
645 4209 681 4264 ad
700 4226 746 4265 aas
766 4225 825 4265 uon
848 4216 904 4264 erat
952 4205 1267 4278 sione,quoniam‚aum
1277 4208 1381 4264 anobis
1388 4209 1567 4281 accepissetis
1578 4211 1750 4268 umbumau·

105 4297 903 4362 zamaeerrora‚iaestuesuasioneenorisutaoee.
954 4293 1043 4359 ditas,
1055 4292 1084 4348 id
1098 4300 1140 4348 est
1153 4308 1187 4349 ex
1201 4295 1260 4350 som
1274 4295 1368 4350 auditu
1387 4296 1548 4366 exciperetis
1562 4296 1677 4353 vernum
1688 4300 1748 4365 oet,

104 4401 167 4442 rem
181 4401 231 4440 vos
245 4400 337 4441 errare
351 4385 379 4440 in
390 4384 454 4450 lide,
471 4401 560 4458 neque
576 4385 609 4441 de
622 4383 818 4454 immunditia,
835 4374 939 4441 sicuti)
953 4381 1103 4453 accepistis
1112 4381 1196 4450 illud,
1206 4399 1264 4439 uon
1279 4387 1312 4437 ut
1322 4383 1436 4440 verbum
1446 4383 1603 4453 homiuum,
1616 4387 1664 4442 sed
1675 4387 1751 4444 suut

104 4473 147 4530 illi
168 4473 310 4530 Nicolaitae
329 4475 374 4546 qui
398 4473 514 4530 suadent
538 4473 668 4529 mulieres
691 4473 817 4529 omnibus
841 4489 903 4530 esse
954 4470 1068 4525 verium
1082 4469 1132 4525 liei
1144 4468 1229 4541 (quod
1251 4486 1349 4528 oerum
1363 4473 1428 4544 est),
1455 4474 1504 4545 qui
1525 4473 1599 4529 Deus
1613 4478 1750 4546 operatu

105 4577 276 4620 communes.
287 4563 378 4634 Neque
392 4561 543 4618 exhortatio
563 4569 657 4616 nostra
679 4569 720 4616 est
738 4563 770 4617 ia
784 4562 857 4627 dolo,
875 4561 903 4616 id
953 4559 985 4613 in
999 4557 1072 4614 vobis
1092 4557 1211 4629 quotidie
1225 4560 1273 4631 qui
1291 4559 1458 4616 credidistis.
1475 4561 1509 4615 Et
1532 4576 1597 4616 vere
1620 4570 1751 4633 operatur

104 4659 148 4708 est
167 4651 195 4706 in
204 4649 374 4721 deceptione.
387 4651 484 4705 Posset
495 4649 565 4704 enirn
577 4665 639 4705 esse
656 4648 901 4722 aequoreorum,
953 4645 981 4701 in
991 4645 1078 4702 vobis·
1090 4647 1161 4701 Nam
1171 4662 1227 4712 ²²0⁸,
1240 4649 1356 4717 stillet·
1368 4649 1441 4718 stili
1452 4649 1749 4709 tilstimt'itlwitffl&

104 4735 443 4808 mequedeimmuuditia,
460 4743 485 4790 et
495 4742 587 4788 tamen
596 4735 628 4790 in
639 4733 710 4800 dolo,
719 4733 742 4787 si
751 4732 904 4790 intenderet
954 4734 1107 4789 etesiarum
1122 4733 1181 4803 liei,
1193 4750 1255 4807 quae
1267 4738 1338 4791 suut
1352 4738 1384 4791 io
1404 4736 1518 4804 ludam
1533 4753 1593 4808 qua
1608 4744 1671 4792 sunt
1687 4737 1749 4794 dico

104 4824 231 4895 accipere
244 4823 280 4878 ab
293 4823 343 4878 eis.
358 4823 420 4878 Non
435 4820 484 4877 luit
498 4822 526 4876 in
542 4820 620 4888 dolo,
637 4821 684 4877 red
699 4821 773 4878 aaut
782 4822 902 4893 probati,
954 4822 986 4877 ia
1003 4820 1113 4876 Christo
1128 4823 1203 4878 lesu.
1226 4821 1382 4879 Imitatores
1392 4821 1420 4877 in
1434 4823 1497 4890 hoc,
1513 4825 1580 4897 quio
1591 4827 1669 4897 passi
1683 4827 1752 4882 estis

105 4911 134 4967 id
145 4911 375 4982 estpmhabiliter
394 4926 488 4966 sumus
514 4909 661 4981 inspectio
676 4910 739 4976 lieo,
761 4912 795 4965 ut
809 4909 844 4963 ab
857 4908 904 4965 illo
955 4909 1052 4965 eadem
1067 4914 1095 4965 et
1110 4925 1157 4965 uos
1170 4927 1188 4965 a
1202 4911 1406 4967 contribulibus
1423 4912 1542 4980 vestris,
1567 4913 1643 4968 sieut
1656 4918 1685 4971 et
1695 4915 1751 4987 ipsi

104 5000 271 5056 crederetur
283 4999 361 5055 erodis
370 4999 564 5070 annpelium.
581 4998 656 5054 Sient
674 4996 783 5069 probati
798 5013 903 5066 sumus,
954 4996 1028 5068 passi
1043 5004 1106 5051 sunt
1119 5014 1137 5053 a
1151 4998 1266 5054 ludaeis.
1279 4997 1332 5067 Qui
1346 4999 1433 5055 ludaei
1442 5015 1497 5054 non
1512 4999 1609 5055 mirum
1620 5001 1643 5057 si
1655 5018 1752 5074 persa·

103 5087 150 5144 llo
165 5087 354 5159 loommur,id
368 5095 475 5143 estnon
485 5086 575 5141 minus
590 5086 618 5142 in
629 5085 707 5141 nobis
736 5087 808 5142 Deus
828 5085 906 5142 inve·
955 5092 1140 5157 quuntu1·eos‚
1151 5088 1216 5158 quia
1226 5087 1648 5155 oeciderumtllomiauntlesam
1659 5095 1754 5164 etpro-

104 5175 145 5232 nit
159 5190 239 5247 mam
258 5191 289 5231 se
307 5175 480 5232 inuenturum
509 5174 644 5245 praevidit.
666 5176 817 5247 loquimur
831 5173 903 5241 dico,
953 5172 1066 5244 phetas.
1079 5174 1229 5229 lloretiam
1242 5176 1389 5247 parsecuti
1400 5180 1479 5242 sunt,
1490 5176 1518 5231 in
1528 5179 1683 5252 quantique
1694 5196 1751 5236 mou

104 5281 166 5322 nou
181 5263 269 5320 solum
282 5279 336 5319 non
351 5265 509 5337 placenter,
526 5264 575 5318 sed
590 5279 641 5320 nec
651 5263 732 5319 etiam
746 5261 811 5317 iacti
824 5263 906 5335 quasi
954 5260 1070 5331 pluaemt
1086 5261 1149 5331 lieo,
1165 5261 1230 5319 licet
1243 5263 1504 5336 persequendam,
1520 5266 1684 5323 arbitrentur
1699 5267 1753 5322 ob·

104 5352 248 5425 placentes
275 5352 443 5417 homiuibus,
464 5352 511 5408 sed
536 5358 690 5423 quaerentes
713 5351 823 5421 placore
839 5351 903 5415 lieo,
956 5348 1078 5420 sequium
1094 5365 1124 5404 se
1138 5358 1269 5420 praestare
1284 5352 1351 5407 Deo.
1377 5351 1429 5421 Qui
1443 5354 1524 5409 etiarn
1551 5355 1637 5411 iudei
1653 5357 1752 5411 adver-

105 5443 156 5514 qui
168 5440 269 5512 probat
283 5441 367 5497 eorda
381 5444 492 5507 nostro,
503 5438 532 5495 id
547 5447 589 5494 ast
603 5439 740 5496 caiatiam
756 5445 849 5510 aperta
865 5445 906 5494 est
955 5440 1060 5493 santur
1084 5438 1214 5494 omuibus
1228 5440 1397 5506 homiuibus,
1414 5440 1498 5497 idest
1514 5443 1619 5498 utilitati
1630 5443 1752 5499 omniunt

104 5536 201 5588 „om
213 5527 347 5587 voluntas,
639 5538 642 5546 ·
955 5524 1105 5594 hominum,
1119 5526 1299 5598 prohibentes
1309 5544 1360 5586 uos
1376 5529 1452 5601 toqui
1466 5530 1608 5600 acerbus,
1620 5535 1653 5593 ul
1667 5533 1753 5592 saluae

402 2151 561 2192 axaosrrm.
