3742 5986
54 169 105 226 ιιι
315 251 319 259 ν
363 168 555 227 annosum
574 170 611 227 m
628 168 819 228 arrsroms
838 170 949 227 exau.
969 201 1005 215 -
1023 172 1061 229 m
1078 173 1187 230 uersr.
1208 138 1256 229 ιἰι
1273 175 1398 232 araas.
1647 176 1700 234 ass

55 311 151 352 samio
162 295 324 350 maturuere
332 295 474 366 procedet,
484 294 512 350 id
522 303 563 350 est
571 294 662 351 nullus
670 311 761 352 sermo
770 295 893 357 malusA
908 319 919 344 r
937 305 1030 367 pterea
1053 299 1136 354 nolite
1157 298 1215 355 heri
1238 300 1433 371 imprudentes,
1450 301 1500 357 sed
1521 300 1704 372 intelligentes

57 383 192 455 procedat
206 400 243 439 ecc
256 399 303 439 ore
319 386 418 439 uestro.
435 383 488 439 Sed
501 385 526 439 si
540 385 603 456 guis
614 393 756 440 sermoest
771 385 858 441 bouus
910 407 921 431 r
938 402 998 456 quae
1013 387 1047 441 sit
1062 387 1188 442 voluntas
1203 389 1253 444 Dei
1268 390 1356 457 (dom.
1373 391 1492 457 x11,2;l
1506 389 1597 445 Thess.
1614 404 1652 456 xv,
1663 389 1701 458 5).

58 479 88 528 et
101 471 176 527 utilis
189 472 225 527 ad
239 470 458 541 edificatione-m
471 471 547 542 fidei,
565 472 592 527 id
606 480 647 528 est
662 481 690 528 ut
704 473 859 545 proximum
909 496 920 520 e
938 474 972 528 lit
986 474 1069 530 nolite
1092 475 1223 531 inebriari
1245 478 1318 543 vino,
1336 477 1362 531 in
1378 493 1432 548 quo
1456 485 1497 532 est
1520 476 1637 542 luxuria,
1654 476 1705 531 sed

59 557 180 617 aedificet
193 559 220 614 in
233 557 298 626 lide,
315 558 360 613 ille
373 560 512 630 procedat.
529 561 570 615 lta
583 568 672 616 tamen
692 566 725 616 ut
739 561 785 617 det
794 578 858 633 pru·
910 582 921 612 ι
939 561 1088 632 implemini
1103 563 1204 633 Spiritu
1228 573 1330 630 sancto,
1347 565 1489 637 loquentes
1505 564 1705 634 vobismetipsis

60 649 135 704 tiam
149 646 341 713 audientibus,
357 653 386 701 ut
400 655 495 719 gratus
517 648 552 703 sit
566 648 599 703 iis
623 649 669 719 qui
693 649 814 714 audiunt,
832 657 859 704 et
911 649 966 703 «in
990 650 1111 720 psalmis,
1136 659 1163 706 et
1186 653 1303 722 hymnis,
1321 659 1347 707 et
1370 653 1484 710 canticis
1508 652 1702 724 spiritualibus,

58 734 325 805 loco,ette1npore.
342 735 517 806 Vospraelati
532 735 613 805 (sicut
628 737 798 808 dictumest)
813 736 860 792 do
911 757 922 787 «
939 745 1082 793 cantantes
1106 746 1132 793 et
1153 739 1300 809 psallentes
1322 741 1349 794 in
1373 742 1502 796 cordibus
1524 741 1623 797 restris
1646 741 1705 795 Do-

58 831 131 880 cete.
146 823 192 890 Et,
203 837 252 879 vos
266 823 413 893 auditores,
425 825 515 879 nolite
531 825 713 892 contristare,
731 840 786 879 non
797 824 859 880 dico
911 824 1022 892 «mino,
1049 826 1152 896 gratias
1175 834 1289 899 agentes
1314 844 1424 898 semper
1446 844 1497 899 pro
1520 828 1657 892 omnibus,
1677 828 1705 882 in

58 911 151 967 solum
165 926 214 967 eoa
227 910 273 982 qui
286 926 335 966 vos
349 910 493 978 instruunt,
510 912 558 966 sed
582 912 628 983 qui
643 912 670 966 in
684 911 724 967 eis
739 912 860 983 loquitur
912 929 922 953 e
940 908 1049 963 nomine
1064 910 1171 964 Domini
1186 911 1272 965 nostri
1289 910 1354 966 Jesu
1379 911 1487 977 Christi,
1504 913 1562 967 Deo
1577 918 1604 966 et
1623 911 1705 966 Patri.

57 999 202 1072 Spiritum
216 1002 359 1054 sanctum.
370 998 507 1069 Spiritum,
520 999 591 1064 dico,
604 1001 664 1056 Dei.
674 1000 769 1055 Videte
779 1016 860 1071 quam
912 1018 922 1043 u
941 996 1060 1065 Subiecti
1076 997 1202 1064 invicem,
1219 999 1246 1052 in
1261 999 1357 1054 timore
1373 1000 1482 1055 Christi.
1498 1000 1627 1054 Mulieres
1640 1000 1706 1055 viris
1751 1065 1753 1074 Ι

57 1086 154 1160 grauis
168 1086 257 1156 culpa,
266 1085 331 1159 quia
345 1085 368 1140 si
382 1086 601 1157 praedicatorem,
613 1095 640 1142 et
654 1087 776 1157 spiritum
785 1087 813 1141 in
827 1102 860 1143 eo
911 1106 922 1130 u
942 1084 997 1138 suis
1010 1084 1124 1139 subditae
1140 1085 1202 1152 sint,
1219 1087 1287 1141 sieut
1310 1088 1435 1153 Domino,
1454 1087 1581 1158 quoniam
1601 1087 1643 1142 vir
1657 1103 1706 1143 ca-

58 1173 220 1246 loquentem
232 1193 239 1241 ;
251 1182 278 1230 et
288 1174 312 1229 si
322 1174 456 1245 spiritum,
468 1174 605 1230 offenditis
613 1184 639 1229 et
650 1175 735 1230 Deum
749 1195 756 1242 ;
768 1175 805 1230 ita
815 1176 860 1247 qui
912 1194 923 1218 u
942 1179 989 1243 put
1003 1181 1043 1227 est
1058 1173 1187 1239 mulieris,
1205 1174 1274 1230 sicut
1288 1175 1410 1230 Christus
1425 1184 1505 1246 caput
1520 1184 1561 1230 est
1575 1175 1706 1231 Ecclesiae

59 1263 272 1334 predicatorem
286 1262 407 1327 offendit,
424 1263 512 1317 Deum
533 1262 644 1318 offendit
662 1279 668 1316 :
684 1264 775 1320 Nolite
790 1279 860 1318 con·
912 1282 923 1307 e
942 1261 967 1331 (l
982 1262 1043 1317 Cor.
1058 1276 1099 1326 ιιι,
1117 1262 1144 1332 3)
1159 1261 1235 1331 ;ipso
1250 1262 1368 1317 salvator
1384 1264 1507 1334 corporis
1518 1263 1585 1331 ejas.
1603 1263 1657 1318 Sed
1673 1263 1709 1317 si-

62 1352 183 1407 tristare
193 1351 342 1422 Spiritum,
355 1351 386 1406 in
400 1367 453 1423 quo
470 1352 579 1423 Spiritu
589 1352 699 1422 siponti
711 1353 780 1407 estis
791 1371 800 1418 ,·
812 1367 862 1406 vos
912 1370 923 1394 e
943 1355 987 1402 cut
1003 1348 1127 1412 Ecclesia
1142 1349 1264 1418 subjecta
1279 1358 1320 1404 est
1343 1351 1461 1419 Christo,
1476 1351 1513 1406 ita
1529 1358 1554 1405 et
1577 1351 1708 1406 mulieres

59 1437 135 1495 enim
156 1453 230 1504 cera,
247 1437 363 1509 Spiritus
388 1438 508 1511 sigillum
524 1439 687 1510 impressum
712 1438 799 1494 arabis.
816 1439 861 1493 Si·
913 1457 924 1487 ι
942 1436 1007 1491 viris
1022 1437 1078 1492 suis
1092 1438 1119 1491 in
1135 1438 1271 1493 omnibus.
1290 1439 1357 1504 Viri,
1372 1438 1476 1509 diligite
1491 1454 1589 1494 uxores
1604 1447 1709 1495 vestras

61 1524 141 1599 gnati
155 1525 218 1580 dico
234 1527 266 1581 iu
289 1526 334 1581 die
355 1526 566 1597 redemptionis,
583 1526 610 1580 id
625 1535 667 1581 est
680 1526 817 1597 baptismi,
834 1526 862 1580 in
914 1545 925 1575 ι
943 1526 1014 1595 (Cot.
1031 1541 1072 1590 ιιι,
1089 1529 1122 1580 ta
1142 1545 1148 1591 ;
1165 1528 1269 1582 ll‘etr.
1287 1541 1326 1595 ιιι,
1345 1527 1380 1597 l),
1399 1527 1468 1583 sicut
1482 1535 1507 1582 et
1523 1527 1646 1582 Christus
1663 1527 1708 1581 di-

60 1628 115 1686 quo
141 1613 176 1667 ab
198 1613 272 1668 omni
293 1621 406 1683 peccato
429 1613 561 1684 redempti
584 1613 660 1668 estis.
687 1615 778 1670 Nolite
792 1631 898 1704 corr-B
913 1636 925 1661 s
942 1614 1007 1668 texit
1029 1614 1193 1681 Ecclesiam,
1210 1623 1237 1669 et
1261 1615 1380 1685 seipsum
1404 1615 1513 1670 tradidit
1537 1631 1587 1686 pro
1613 1630 1656 1681 ea,
1680 1623 1709 1669 ut

61 1702 183 1757 tristare
193 1698 399 1772 Spiritum,sed
411 1701 641 1757 tollaturcvobis
652 1703 744 1757 omnis
755 1702 861 1758 cmori-
914 1701 1014 1756 ‹illarn
1047 1701 1236 1769 sanctificaret,
1266 1704 1401 1757 mundans
1433 1704 1541 1759 lavacro
1569 1718 1648 1775 aquae
1680 1705 1709 1758 in

61 1787 132 1844 tudo
147 1787 241 1854 animi,
259 1792 286 1843 et
301 1788 357 1853 iro,
373 1786 456 1842 idest
471 1788 561 1842 subita
576 1788 722 1843 commotio
736 1788 819 1843 animi
833 1793 862 1845 ct
914 1810 925 1840 ι
945 1789 1028 1845 verbo
1047 1790 1118 1852 vitae,
1128 1798 1156 1844 ut
1166 1791 1305 1845 exhiberet
1318 1791 1376 1861 ipse
1387 1791 1438 1844 sibi
1453 1791 1603 1862 gloriosam
1614 1791 1707 1846 Eccle-

61 1875 236 1946 iadiguntio.
262 1875 291 1930 Si
312 1875 384 1930 enim
408 1875 536 1947 ignobilis
560 1876 764 1946 superabundat
784 1876 862 1931 vobis
914 1877 1022 1943 esiam,
1047 1893 1101 1932 non
1125 1878 1271 1933 habentem
1295 1878 1438 1942 maculam,
1464 1885 1509 1931 aut
1531 1893 1639 1950 rugam,
1663 1885 1710 1932 aut

61 1963 211 2026 nobilibus,
224 1979 258 2017 ne
273 1961 463 2035 indignemini.
478 1964 513 2017 lit
529 1965 646 2035 clamor,
658 1979 692 2018 ne
708 1963 862 2018 inordinate
915 1985 926 2015 ι
944 1964 1046 2035 aliquid
1067 1965 1231 2033 hujusmodi,
1248 1966 1297 2020 sed
1318 1973 1346 2019 ut
1361 1965 1395 2020 sit
1410 1973 1504 2020 saneto
1525 1973 1552 2019 et
1573 1966 1709 2020 immacu-

61 2050 242 2110 conclametis
256 2049 397 2122 litigando,
414 2054 441 2105 et
456 2051 630 2122 blasphemia
644 2050 712 2106 facta
734 2051 761 2105 in
777 2051 863 2106 Deum
915 2052 1007 2106 elata.
1034 2053 1073 2106 lta
1087 2062 1114 2106 et
1136 2053 1189 2108 viri
1211 2053 1311 2108 debent
1334 2053 1448 2125 diligere
1469 2069 1568 2109 uxores
1591 2069 1665 2119 suas,
1681 2060 1710 2107 ut

60 2140 105 2197 rel
120 2139 287 2210 proximum.
304 2137 357 2207 Qui
371 2138 444 2193 enirn
469 2139 508 2193 sic
527 2139 565 2193 ait
581 2154 587 2192 :
604 2138 696 2206 Quare
716 2140 769 2194 hoc
789 2141 864 2195 Deus
915 2162 926 2186 ι
944 2155 1061 2210 corpora
1083 2156 1140 2194 sua.
1158 2138 1210 2208 Qui
1231 2156 1309 2195 suam
1332 2156 1443 2195 uxorem
1467 2140 1564 2213 diligit,
1590 2140 1710 2211 seipsum

57 2226 150 2284 fecit?
165 2225 279 2283 Videtur
289 2225 391 2281 dixisse
411 2226 484 2297 quod
499 2228 572 2281 Deus
586 2242 641 2282 non
666 2226 735 2282 hene
751 2227 858 2283 fecerit.
915 2248 927 2278 ι
945 2227 1043 2299 diligit.
1060 2229 1148 2283 Nemo
1159 2229 1230 2283 enim
1246 2244 1366 2299 unquam
1377 2244 1488 2284 carnem
1499 2244 1576 2283 suam
1590 2228 1711 2283 odioha·

61 2317 96 2373 Ut
103 2313 229 2370 breviter
239 2313 328 2369 omnia
339 2329 494 2369 removeam
508 2332 516 2380 ς
531 2314 589 2369 haec
603 2330 668 2369 cum
682 2316 762 2370 orani
775 2316 863 2370 mali·
916 2338 927 2362 α
944 2315 1010 2381 buit,
1028 2315 1076 2371 sad
1092 2316 1172 2370 nutrit
1187 2324 1213 2370 et
1227 2315 1300 2372 foret
1313 2331 1384 2382 eam,
1400 2316 1469 2370 sicut
1477 2326 1503 2373 et
1517 2315 1642 2370 Christos
1653 2317 1710 2372 Ec·

61 2404 115 2464 tic.
132 2401 217 2457 idest
237 2400 325 2456 omnis
347 2400 448 2455 malitia
473 2402 593 2457 tollatur
607 2419 625 2456 c
639 2402 722 2457 nobb.
738 2403 779 2457 Ne
805 2402 863 2456 sitis
916 2423 927 2453 ι
945 2402 1058 2458 alesiam
1070 2421 1077 2457 z
1089 2404 1711 2475 quiamembrasumuscorporisejusdecarne

60 2489 153 2546 amari
162 2488 207 2545 vel
215 2488 376 2559 blasphemi,
393 2489 441 2544 sed
455 2493 544 2545 estote
561 2490 683 2560 benigni,
693 2489 721 2543 id
735 2495 777 2543 est
792 2489 863 2561 largi
916 2513 927 2538 ιι
946 2491 1004 2559 ejus
1015 2499 1041 2545 et
1050 2490 1084 2545 de
1098 2490 1207 2545 ossibus
1218 2492 1286 2560 ejus.
1299 2492 1412 2562 Propter
1422 2492 1474 2546 hoc
1483 2492 1619 2562 relinquet
1628 2492 1710 2546 homo

60 2578 183 2635 invicem
196 2576 265 2632 alter
286 2576 375 2631 dando
400 2575 488 2631 alteri.
504 2576 536 2630 lit
552 2576 575 2630 si
589 2592 644 2631 non
667 2577 773 2632 habetis
798 2577 864 2647 quid
916 2599 927 2629 ι
945 2585 1050 2649 patrem
1067 2586 1093 2632 et
1108 2587 1223 2632 matrem
1243 2594 1330 2644 suam,
1347 2587 1374 2633 et
1388 2578 1535 2633 adhaerebit
1549 2579 1627 2633 uxori
1642 2593 1708 2644 suae,

60 2665 145 2732 detis,
162 2671 250 2720 estote
270 2664 366 2720 saltem
388 2665 582 2720 misericordes
607 2665 708 2730 animo,
725 2665 864 2720 donantes
916 2673 971 2720 «et
986 2672 1064 2720 erunt
1086 2667 1141 2721 duo
1156 2665 1183 2720 in
1207 2681 1289 2721 carne
1314 2683 1366 2720 una
1380 2667 1460 2737 (Gerr.
1487 2681 1517 2733 ιι,
1533 2670 1567 2722 28
1585 2685 1592 2732 ;
1609 2665 1708 2721 batth.

61 2755 198 2819 inuicem,
220 2752 249 2807 id
264 2759 305 2806 est
317 2751 484 2824 indulgendo
499 2752 667 2822 alteralteri,
692 2755 766 2809 sicut
794 2754 863 2810 Deus
916 2775 927 2805 ι
946 2768 1007 2820 xix,
1023 2754 1061 2823 5).
1074 2753 1279 2809 Sacramentum
1289 2755 1341 2809 hoc
1352 2770 1480 2826 magnum
1491 2761 1541 2808 est.
1552 2754 1613 2825 Ego
1623 2761 1711 2809 autem

60 2841 182 2899 domuit
204 2839 585 2912 wbispeocataiachristo,
602 2840 686 2896 idest
708 2857 758 2912 per
782 2841 862 2896 Chri·
916 2841 1016 2909 «dico,
1032 2841 1061 2895 in
1079 2841 1187 2896 Christo
1210 2849 1238 2896 et
1261 2842 1289 2895 iu
1312 2841 1443 2897 Ecclesia.
1469 2843 1663 2897 Verumtamen
1684 2848 1711 2896 et

62 2935 149 2985 stum·
410 2974 418 2990 .
917 2944 995 2984 «vos
1029 2928 1148 3002 singuli,
1178 2929 1363 3000 unusquisque
1399 2945 1513 2984 uxorem
1543 2945 1618 2983 suam
1643 2928 1712 2983 sicut

313 3066 433 3124 248
451 3067 564 3124 CAPUT
578 3067 611 3122 V.

101 3223 115 3248 ι
132 3200 228 3256 Estote
241 3215 309 3272 ergo
322 3198 471 3255 imitatores
483 3199 542 3264 Dei,
554 3199 622 3255 sicut
636 3198 684 3254 filii
697 3199 860 3265 charissimi,

64 3311 77 3335 ι
94 3295 125 3345 et
146 3286 282 3343 ambulate
293 3287 321 3342 in
336 3287 491 3353 dilectione,
507 3287 576 3342 sicut
590 3295 615 3343 et
631 3287 755 3343 Christus
769 3287 863 3342 dilexit

64 3398 78 3424 ι
94 3390 158 3444 nos,
175 3382 202 3431 et
215 3374 324 3431 tradidit
343 3375 519 3446 semetipsum
533 3375 676 3445 pronubis
697 3375 863 3431 oblationem
952 3379 985 3432 Et
999 3376 1063 3450 quia
1076 3377 1150 3432 Dens
1164 3376 1275 3431 donavit
1289 3382 1410 3446 peccata,
1427 3392 1490 3447 erpo
1509 3380 1598 3432 estote
1612 3377 1713 3432 imito-

63 3488 77 3513 ·
95 3463 258 3522 ethostiam
272 3464 330 3519 Deo
353 3463 380 3517 in
403 3464 514 3519 odorem
539 3463 690 3519 suavitatis.
713 3463 864 3519 Fornicatio
918 3471 992 3521 tores
1017 3465 1075 3531 Dei,
1096 3468 1170 3521 sicut
1195 3465 1249 3532 filit
1272 3465 1444 3529 charissimi,
1460 3463 1621 3519 dimittendo
1645 3464 1714 3518 alter

65 3577 78 3603 ι
94 3559 200 3621 autern,
232 3558 260 3607 et
280 3551 368 3607 omnis
395 3550 575 3620 immunditia,
599 3559 645 3605 aut
660 3551 790 3616 avaritia,
815 3566 864 3606 nec
916 3554 1004 3609 alteri.
1031 3554 1090 3608 Nec
1118 3552 1206 3607 solum
1229 3552 1357 3606 donando
1379 3551 1529 3615 imitamini,
1559 3550 1608 3605 sed
1632 3550 1710 3604 etiam

65 3664 78 3690 ι
95 3640 255 3697 nominetur
269 3638 297 3694 in
317 3639 405 3706 robis,
421 3639 492 3695 sieut
514 3639 592 3694 decet
607 3647 726 3704 sanctos,
741 3647 786 3694 aut
804 3647 865 3694 tur·
917 3642 1061 3697 ambulate
1083 3642 1115 3696 tn
1138 3641 1299 3704 dilectione,
1325 3647 1353 3694 ut
1375 3639 1443 3693 alter
1465 3639 1580 3693 alterum
1603 3637 1710 3709 diligat,

66 3752 78 3778 ι
93 3728 204 3801 pitudo,
225 3735 271 3782 aut
284 3726 490 3797 stultiloquium,
506 3734 552 3782 aut
575 3726 737 3793 scurrilitas,
754 3744 815 3798 quae
831 3728 865 3782 ad
917 3733 992 3785 sicut
1006 3733 1033 3785 et
1050 3729 1177 3784 Christus
1192 3729 1295 3783 dilexit
1308 3744 1369 3782 aas.
1380 3726 1478 3780 Dilexit
1490 3726 1581 3797 utique
1593 3744 1600 3793 ;
1612 3725 1712 3781 etenim

65 3839 79 3866 ι
96 3832 160 3872 rorn
175 3831 230 3871 non
244 3815 367 3887 pertinet,
379 3814 428 3869 sed
442 3814 532 3886 magis
546 3802 695 3886 gratiarum
711 3815 792 3870 actio.
811 3817 866 3871 lloc
918 3818 1036 3874 tradidit
1052 3819 1233 3888 semetipsum
1248 3831 1300 3886 pro
1316 3815 1396 3871 nobis
1415 3814 1585 3870 oblatione-m
1606 3817 1634 3870 et
1651 3815 1713 3870 hos·

65 3926 79 3958 ι
97 3904 176 3960 enim
189 3903 285 3960 scitote
299 3902 492 3975 intelligentes,
508 3903 582 3974 quod
595 3903 684 3957 omnis
707 3903 865 3972 fornicator,
919 3907 990 3961 tiam
1000 3905 1054 3960 Deo
1064 3906 1095 3960 iu
1106 3905 1217 3961 odore-m
1227 3905 1386 3959 suauitatis.
1397 3904 1427 3957 ln
1437 3901 1713 3973 veterilegeoblatio·

68 4018 81 4043 ι
98 3999 148 4048 aut
170 3991 336 4056 immundas,
362 3997 409 4045 aut
431 4004 545 4056 avarus,
571 3990 644 4063 quod
667 3999 708 4046 est
731 3990 866 4046 idolomm
917 4008 967 4049 nes
977 3993 1138 4048 dicebantur·
1147 4007 1233 4062 panes
1243 3991 1445 4062 propositionis,
1458 3989 1611 4055 luminaria,
1623 3996 1650 4044 et
1660 3989 1713 4043 lm·
1785 4048 1795 4069 ο

68 4078 298 4146 «servitus,non
312 4078 396 4134 habet
411 4078 598 4134 hereditatem
613 4078 640 4132 in
655 4093 741 4151 regno
768 4077 868 4132 Christi
915 4080 1045 4151 iosmodi.
1075 4081 1168 4135 Hostia
1195 4095 1269 4145 vere,
1290 4079 1362 4150 quod
1385 4078 1552 4133 mactabatur
1573 4077 1600 4130 in
1624 4076 1712 4133 altari.

70 4191 82 4220 ι
101 4176 130 4225 at
143 4167 206 4223 Dei.
215 4168 302 4222 Nemo
317 4181 367 4222 vos
378 4166 489 4223 seducat
503 4166 630 4221 inanibus
640 4166 869 4237 verbis;propter
918 4170 949 4223 ln
962 4168 1070 4223 Christo
1093 4182 1168 4233 vere,
1193 4166 1293 4221 oblatio
1316 4164 1366 4220 fuit
1385 4165 1477 4220 omnia
1498 4163 1542 4217 illo
1566 4162 1638 4217 bona
1653 4179 1713 4235 quae

70 4280 84 4308 ι
99 4258 162 4313 haec
176 4255 249 4311 eninr
263 4254 337 4312 venit
349 4254 391 4310 ira
405 4253 456 4309 Dei
469 4254 497 4308 in
512 4252 583 4309 tilios
596 4253 761 4309 diffidentiae.
779 4254 868 4309 Nolite
918 4256 1004 4329 gessit
1027 4271 1112 4327 usque
1127 4256 1161 4309 ad
1176 4254 1248 4308 dem
1272 4254 1376 4309 mortis.
1393 4253 1487 4307 llostia
1512 4259 1603 4306 autem
1624 4251 1713 4306 dictim

71 4368 84 4393 ι
102 4359 175 4418 ergo
183 4341 252 4399 effici
265 4342 413 4415 participes
424 4357 527 4397 eorum.
537 4341 627 4396 Eratis
640 4341 713 4397 enim
723 4335 903 4413 aliquandoD
920 4352 970 4407 est,
987 4343 1094 4415 quando
1118 4342 1237 4412 seipsum
1258 4341 1353 4395 obtolit
1376 4341 1404 4394 in
1427 4354 1474 4396 aru
1497 4339 1596 4405 crucis,
1620 4346 1647 4395 et
1668 4338 1717 4393 illa

879 2987 930 3063 οι
948 3017 1068 3087 seipsum
1109 3016 1224 3088 diligat,
1258 3032 1327 3074 uxor
1367 3024 1460 3072 autum
1501 3016 1593 3071 timeat
1624 3014 1710 3071 virum

917 3121 1064 3160 “suumn
1167 3139 1168 3142 =

1230 3258 1388 3299 axeosmo.

72 4454 85 4485 ι
104 4431 237 4500 tenebras,
253 4446 326 4486 nunc
341 4437 430 4486 autem
444 4430 490 4485 lux
505 4429 533 4483 in
547 4429 683 4496 Domino;
698 4437 727 4484 ut
741 4428 789 4484 filii
802 4429 870 4485 lucis
920 4440 997 4488 vetus
1011 4429 1100 4486 hostia
1123 4429 1263 4485 dicebatur
1278 4445 1339 4483 esse
1363 4428 1542 4483 suavissimus
1563 4428 1631 4483 odor
1645 4427 1714 4492 Deo,

71 4544 84 4570 ι
103 4519 245 4576 ambulate
261 4533 268 4572 :
284 4519 399 4574 chtus
422 4518 494 4573 enim
509 4517 577 4574 lucis
599 4518 681 4573 estin
695 4519 768 4574 omni
791 4517 871 4572 boni·
921 4519 1070 4575 seeundum
1092 4516 1254 4573 sacrificium
1279 4515 1387 4582 Christi,
1404 4517 1475 4588 quod
1499 4514 1714 4588 proehgurabat;
1803 4589 1807 4597 Ι

70 4628 84 4660 ι
103 4616 171 4674 tate,
186 4614 215 4664 et
224 4605 329 4675 justitia
342 4613 369 4661 et
383 4604 495 4660 veritate
513 4620 524 4677 :¹
536 4605 685 4660 Probantes
695 4605 761 4676 quid
773 4605 807 4659 sit
821 4604 871 4660 be·
921 4607 1069 4662 secundum
1085 4622 1114 4660 se
1129 4605 1201 4660 enirn
1216 4603 1329 4659 fetidum
1344 4610 1412 4659 erat.
1438 4606 1534 4659 Estote
1558 4605 1716 4658 imitatores

71 4717 86 4749 ι
104 4693 274 4766 neplacitum
287 4693 356 4749 Deo.
371 4694 406 4748 Et
419 4692 502 4748 nolite
527 4693 725 4749 communicare
743 4692 872 4763 operibus
921 4695 981 4760 Dei,
998 4710 1051 4748 non
1067 4701 1157 4748 autem
1182 4691 1368 4747 fornicatores.
1383 4689 1462 4758 Quod
1486 4691 1526 4746 sic
1540 4690 1578 4745 ait
1595 4704 1601 4743 :
1618 4690 1717 4744 Forni-

72 4806 84 4832 ·
102 4781 283 4839 infructuosis
296 4782 470 4837 tenebrarum
483 4800 491 4848 ς
507 4781 596 4853 magis
605 4790 695 4836 autern
705 4780 871 4853 redarguite.
921 4783 996 4838 catio
1024 4781 1116 4836 omnis
1143 4780 1330 4836 immunditia
1344 4779 1426 4849 (sicut
1441 4794 1513 4848 saepe
1528 4776 1717 4847 exposuimus)

72 4869 176 4941 «Qua
199 4869 315 4926 οιιίιιιίιι
335 4868 442 4926 occulto
465 4868 532 4924 frunt
545 4870 581 4925 ab
595 4869 672 4940 ipsis,
690 4876 768 4939 turpe
792 4877 833 4925 est
848 4875 874 4924 et
922 4873 973 4924 aut
996 4870 1129 4933 anuntio,
1155 4882 1209 4921 non
1231 4866 1319 4922 solum
1352 4866 1413 4921 dico
1434 4881 1488 4920 non
1519 4864 1562 4933 sit,
1588 4864 1638 4919 sed
1666 4879 1718 4920 uec

73 4981 86 5007 ·
103 4959 209 5016 dicere.
234 4956 331 5014 Omnia
354 4967 447 5013 autern
471 4974 532 5030 qua
556 4965 749 5031 arguuntur,a
772 4957 873 5012 lumine
923 4956 1004 5011 otiam
1017 4957 1183 5011 nominetur
1204 4957 1235 5010 iu
1257 4954 1339 5018 nobb,
1365 4954 1392 5008 id
1413 4961 1453 5007 est
1468 4969 1503 5008 ue
1519 4968 1567 5008 vos
1582 4952 1651 5007 tales
1665 4953 1719 5008 lm-

73 5069 87 5101 s
104 5045 324 5103 manifestantur.
341 5045 429 5102 Omne
443 5047 516 5101 enim
531 5045 604 5117 quod
626 5044 815 5101 manifestatur
829 5044 874 5100 lu·
923 5044 1037 5115 provide
1061 5042 1237 5098 exhibueritis
1258 5041 1329 5096 unde
1355 5040 1416 5113 quis
1437 5041 1508 5094 male
1522 5040 1619 5095 saltem
1633 5039 1722 5112 possit

73 5158 86 5184 ι
104 5150 172 5191 man
190 5142 242 5190 est.
258 5134 373 5206 Propter
395 5133 468 5206 quod
483 5133 548 5189 dicit
563 5150 570 5188 :
587 5134 676 5205 Surge
691 5132 738 5205 qui
761 5133 873 5199 dormis,
923 5131 1036 5202 opinari.
1066 5131 1134 5186 Dico
1161 5146 1218 5184 non
1243 5128 1397 5184 nominetur
1424 5128 1452 5182 iu
1474 5128 1562 5197 robis,
1586 5129 1721 5185 sicutde·

74 5246 88 5272 ι
105 5232 134 5281 ct
148 5237 270 5296 exsurge
284 5238 300 5277 a
315 5221 441 5288 mortuis,
458 5230 484 5277 et
507 5220 670 5277 illuminabit
691 5229 718 5276 te
741 5221 873 5276 Christus.
924 5223 969 5276 cet
995 5223 1117 5283 sanctos,
1147 5217 1220 5288 quod
1248 5215 1315 5271 estis
1338 5232 1396 5283 vos,
1421 5231 1478 5271 non
1501 5224 1603 5270 mutum
1629 5229 1721 5269 coram

76 5334 89 5360 ι
107 5310 209 5367 Videte
228 5310 328 5382 itaque,
345 5308 452 5379 fratres,
468 5309 605 5380 quomodo
628 5317 707 5365 caute
720 5308 875 5375 ambuletis,
925 5308 992 5373 Deo,
1018 5306 1066 5361 sed
1088 5306 1168 5360 etiam
1190 5304 1334 5375 providere
1358 5305 1429 5359 bona
1447 5319 1539 5360 coram
1553 5300 1719 5358 hominibus.
1785 5323 1794 5338 .

73 5424 85 5451 ι
106 5415 166 5455 ιιοιι
181 5397 261 5471 quasi
269 5396 439 5468 insipientes,
451 5397 500 5452 sed
514 5404 544 5452 ut
553 5396 689 5468 sapientes
699 5396 768 5467 (Col.
784 5411 825 5461 ιιι,
837 5396 875 5464 5),
927 5394 1048 5452 249
1066 5395 1171 5449 Vocans
1184 5408 1232 5446 eos
1247 5398 1367 5457 sanctos,
1383 5392 1468 5446 innuit
1483 5408 1512 5446 se
1529 5406 1584 5444 non
1600 5387 1723 5445 scribere

75 5511 87 5535 ι
109 5485 279 5544 redimentes
293 5491 410 5557 ternpus,
426 5484 553 5556 quoniam
568 5485 626 5541 dies
640 5483 706 5539 mab
719 5490 791 5539 sunt.
808 5484 877 5541 Pro·
926 5485 995 5550 baec,
1003 5481 1065 5555 quia
1070 5479 1253 5555 peccaverint,
1263 5478 1311 5535 sed
1318 5488 1429 5557 propter
1437 5480 1489 5537 boc
1495 5477 1582 5535 solum
1593 5482 1619 5532 et
1625 5473 1678 5531 sihi
1688 5476 1726 5542 de
