3742 5986
103 257 152 309 att
573 252 720 310 Jenuuts
739 251 863 308 cunuti.
885 248 1075 306 tournebu
1093 248 1262 306 thNllClll.
1700 250 1757 306 eth

103 383 131 434 et
143 374 260 448 pretium
289 376 432 447 sanguinis
456 376 498 431 sui
519 376 566 431 tibi
583 376 617 446 (si
632 375 797 448 neglexeris)
812 374 937 445 impu-A
952 373 976 428 si
992 372 1113 440 viriliter,
1127 388 1182 428 non
1197 370 1259 428 ficte
1274 372 1316 428 vis
1327 386 1421 444 agere,
1434 369 1617 427 consiliarium
1632 368 1757 425 habebis

103 471 216 530 tantem,
232 463 402 530 contemnis,
419 465 570 535 apostolice
585 472 647 518 utor
663 464 758 527 verbo,
776 463 900 518 munides
951 460 1081 531 Spiritum
1096 468 1231 515 sanctum.
1250 462 1373 531 Spiritus
1393 461 1470 515 caim
1485 462 1603 516 sanctas
1618 457 1757 529 discipti-

103 567 152 624 eqo
167 567 231 607 scm
245 553 410 624 occupatae
427 557 473 608 tuo
484 553 556 623 (Act.
569 566 620 616 xx,
632 554 688 622 26).
706 551 823 624 Sanguis
837 559 900 605 tuus
950 566 996 604 uec
1006 550 1121 621 effugiet
1130 549 1231 617 fictum
1245 549 1324 620 (Sep.
1344 564 1367 602 1.
1387 549 1425 618 5).
1442 547 1483 602 lbi
1498 546 1631 619 quidquid
1648 545 1754 616 benig-

104 654 188 711 super
201 648 282 713 caput
296 648 385 696 tuum.
398 641 486 696 Testis
500 640 571 694 enim
591 639 657 693 mihi
676 647 717 694 est
730 639 814 703 Deus,
833 654 901 711 quo·
951 637 1057 691 nissimi
1071 645 1098 692 et
1111 636 1316 692 clementissimi
1331 636 1412 691 Datus
1439 635 1499 704 ejus
1524 650 1590 689 aura
1618 633 1753 696 suaserit,

104 728 187 784 modo
201 728 314 798 cupiens
329 736 355 783 te
370 727 397 782 in
408 726 559 784 visceribus
569 728 632 782 Jesu
644 727 754 792 Christi,
767 734 794 781 et
807 726 900 797 preci·
951 723 1043 779 divino
1058 725 1173 781 consilio
1183 725 1339 790 roboratus,
1349 725 1549 788 incunctanter,
1564 731 1590 778 et
1606 722 1667 777 sine
1676 721 1755 777 omni

105 814 167 882 bus,
182 823 210 871 et
223 814 352 886 lacrymis
375 816 428 871 hoo
450 815 539 870 aDee
565 814 769 886 postulaverim,
787 822 814 869 et
827 829 899 884 prae-
951 811 1078 867 dilatione
1095 813 1249 885 aggredere
1265 826 1272 866 :
1289 819 1331 868 est
1345 812 1418 866 cuim
1440 812 1494 867 hoc
1520 818 1660 882 quartum,
1678 810 1755 882 quod

105 903 175 960 senti
189 903 376 959 exhortatione
389 918 444 958 non
457 902 516 957 siue
530 902 623 958 labore
637 901 828 974 flagitaverim.
846 901 901 957 Sed
951 898 1015 955 volo
1028 908 1054 955 te
1065 901 1240 967 commoneri,
1256 907 1286 956 ot
1308 899 1452 955 dilationes
1469 899 1567 972 fugias.
1593 898 1672 954 ltutti
1687 898 1755 953 dum

105 1005 160 1047 non
175 990 278 1058 dubito,
299 990 355 1045 imo
380 999 407 1045 et
432 998 523 1046 certus
548 1006 607 1045 sum
630 999 655 1045 te
680 989 811 1046 iacturum
828 989 901 1061 quod
950 981 1099 1043 dilationes
1110 995 1244 1059 quaerunt,
1260 988 1288 1042 iu
1303 988 1430 1059 laqueum
1451 987 1616 1042 inciderunt.
1634 986 1755 1058 Semper

105 1079 209 1145 hortor,
226 1077 280 1135 imo
307 1078 341 1133 ad
366 1078 439 1148 quod
466 1086 542 1133 tanta
559 1078 679 1149 undique
707 1077 900 1133 necessitatum
952 1075 1024 1130 enim
1039 1076 1130 1132 nocuit
1145 1075 1255 1132 differre
1269 1075 1383 1146 paratis.
1406 1075 1534 1142 Dimitte,
1551 1075 1589 1130 ait
1604 1073 1752 1140 Dominus,

104 1164 246 1223 multitudo
268 1174 293 1220 te
322 1165 442 1237 impellit.
475 1165 590 1236 Spiritus
619 1165 689 1220 enim
720 1164 837 1233 Domini,
854 1165 900 1235 qui
951 1167 1077 1219 mortuos
1092 1164 1212 1235 sepetire
1226 1167 1352 1220 mortuos
1366 1163 1624 1231 sterilissimum,
1639 1155 1708 1232 ἰῆς
1726 1169 1755 1217 tu

105 1254 171 1311 mihi
186 1255 244 1310 haeo
258 1254 388 1310 scribenti
401 1253 486 1308 adluit
500 1255 567 1324 (non
582 1255 652 1308 enim
669 1270 727 1307 sum
742 1254 809 1307 mihi
833 1268 900 1308 con·
951 1257 1041 1307 autem
1052 1267 1168 1322 sequere
1178 1267 1232 1306 me.
1244 1252 1313 1308 Nam
1328 1251 1383 1318 ille,
1393 1252 1498 1307 euihec
1511 1249 1588 1320 dixit,
1604 1249 1754 1305 dilationes

106 1341 190 1408 acius,
206 1342 241 1397 de
256 1342 340 1398 corde
362 1356 423 1397 meo
449 1343 507 1396 haec
535 1340 704 1410 protulisse),
723 1347 843 1406 sauctus,
860 1341 900 1394 iu·
951 1338 1100 1409 quaerebat.
1117 1338 1234 1394 Corvina
1249 1354 1301 1393 vox
1330 1346 1381 1404 est,
1399 1353 1470 1405 eras,
1491 1353 1564 1402 cras,
1580 1338 1679 1393 beatas
1694 1340 1754 1392 du-

106 1444 197 1502 qunm,
207 1429 331 1500 Spiritus,
348 1436 374 1484 et
389 1428 525 1484 scribendi
536 1427 661 1483 fiduciam
670 1428 794 1498 praestitit
807 1447 814 1493 ;
832 1426 900 1483 fidu·
951 1427 1078 1498 gostinus
1093 1426 1160 1481 dixit
1176 1427 1271 1497 (serm.
1286 1429 1331 1492 tt,
1348 1426 1384 1482 ad
1394 1427 1541 1496 tretrcsin
1551 1425 1669 1496 cremo).
1683 1425 1754 1481 Cor·

106 1516 177 1574 ciam
186 1532 294 1588 quoque
303 1516 428 1587 praestitit
438 1515 566 1586 lacrymis
577 1524 603 1571 ct
612 1516 767 1581 scribendo,
784 1523 811 1570 et
825 1531 902 1570 oran·
951 1529 1001 1567 vus
1016 1514 1133 1569 emissus
1147 1514 1182 1569 de
1191 1528 1266 1580 area,
1278 1529 1333 1568 non
1344 1522 1385 1568 est
1395 1529 1534 1580 reversus,
1545 1512 1676 1569 columba
1687 1528 1755 1569 vero

106 1605 143 1660 do
157 1602 286 1675 profusis,
303 1619 332 1659 se
347 1603 394 1658 tibi
404 1603 507 1674 pariter
521 1602 687 1658 adiuturum.
704 1603 841 1675 Quidquid
853 1604 901 1675 igi·
951 1616 1062 1658 reversa
1077 1609 1128 1671 est,
1145 1601 1208 1674 quia
1230 1615 1285 1656 non
1309 1609 1383 1667 amat
1397 1602 1530 1658 Dominus
1549 1601 1714 1658 dilutionem
1729 1600 1756 1656 in

107 1700 151 1748 tur
173 1692 322 1763 inspirante
344 1691 440 1747 eodem
458 1692 557 1762 Spiritu
576 1700 669 1748 sancto
686 1691 776 1748 lacere
805 1691 900 1763 dispo·
911 1725 937 1784 B
950 1690 1144 1756 voeeeorviua,
1157 1691 1206 1745 sed
1216 1689 1417 1746 contessionem
1424 1690 1451 1744 in
1460 1688 1563 1762 gemitu
1582 1688 1754 1745 columbino.

107 1780 206 1847 sueris,
214 1780 263 1835 etsi
274 1780 351 1851 plura
359 1795 493 1847 moneam,
506 1780 679 1850 bocprimum
689 1795 797 1844 moneo,
809 1787 901 1835 utnon
952 1777 1015 1833 llaec
1031 1778 1113 1850 igitur
1128 1794 1189 1849 age,
1202 1778 1270 1843 hace,
1287 1794 1304 1832 o
1319 1777 1504 1843 dilectissime,
1520 1777 1595 1834 omui
1611 1777 1756 1850 vigilantia

107 1867 236 1939 proeleras
251 1868 394 1924 consilinm
416 1868 556 1922 homiuum
574 1867 688 1923 consilio
703 1867 804 1923 divino.
822 1869 901 1937 Cave,
952 1864 1141 1936 circumspice.
1159 1866 1305 1920 llaeeenim
1316 1866 1555 1937 incircumspecte,
1570 1866 1756 1936 quantesjam

105 1953 225 2027 inquam,
233 1956 375 2012 consilium
383 1954 521 2010 hominum
539 1973 546 2010 :
561 1955 633 2010 labia
643 1955 714 2010 euim
726 1955 816 2027 iniqua
828 1964 899 2021 sunt,
951 1952 1027 2007 initia
1042 1954 1120 2009 bonae
1132 1953 1277 2009 voluntatis
1292 1954 1435 2022 habentes,
1452 1953 1495 2009 vel
1510 1969 1527 2009 a
1541 1961 1637 2009 sancto
1650 1968 1757 2025 propo·

107 2050 135 2098 et
147 2042 242 2115 lingna
264 2043 371 2099 dolosa.
396 2041 476 2111 Quod
494 2042 517 2097 si
528 2043 638 2099 omuino
654 2042 722 2098 torte
739 2059 834 2098 cavere
847 2057 902 2098 nou
952 2039 1003 2094 sito
1017 2042 1185 2108 deflexerint,
1205 2042 1247 2097 vel
1262 2042 1296 2096 ad
1311 2042 1402 2098 minus
1413 2041 1514 2103 idonea
1528 2041 1754 2099 declinareiece·

106 2131 218 2202 potetis,
224 2131 343 2200 iaculare
357 2131 586 2203 contrasagittam
601 2132 719 2201 potentis
729 2138 755 2186 et
769 2132 901 2188 carbones
951 2127 1005 2182 rint
1020 2129 1124 2199 (nescio
1140 2129 1221 2185 etiam
1241 2144 1275 2186 an
1305 2129 1331 2184 in
1356 2129 1557 2185 damnationem
1582 2129 1755 2201 impulerint)

107 2218 298 2276 desolatorios.
324 2219 429 2275 Deinde
456 2234 571 2283 moneo,
600 2227 698 2274 utnon
726 2235 785 2290 qum
799 2219 901 2274 leviora
951 2217 1160 2282 reminiscimur,
1193 2217 1328 2284 audimus,
1351 2217 1475 2273 videmus
1496 2224 1523 2272 et
1551 2216 1691 2273 dolemus.
1722 2218 1756 2273 llt

107 2314 180 2375 sunt,
195 2314 222 2362 et
236 2307 326 2363 minos
339 2306 421 2363 etiam
436 2307 471 2362 nd
499 2307 624 2375 salutem,
649 2307 738 2362 tacere
752 2322 899 2378 proponas.
951 2320 1018 2361 vero
1033 2321 1089 2360 rem
1104 2306 1138 2361 nd
1155 2303 1280 2361 effectum
1300 2305 1469 2376 perduxeris,
1486 2305 1549 2362 vide
1563 2320 1634 2377 quos
1648 2305 1756 2362 fructus

105 2393 184 2451 Absit
198 2394 406 2466 pusillanimitas
420 2410 435 2449 a
451 2395 521 2450 torti.
546 2397 628 2451 locta
649 2397 804 2466 capitatum
821 2400 902 2450 tuum
951 2392 1038 2448 beatae
1054 2393 1116 2448 vitae
1140 2393 1231 2449 statim
1250 2408 1348 2464 capere
1362 2392 1487 2463 incipies.
1515 2391 1646 2460 Primum,
1663 2393 1755 2449 omnis

106 2482 139 2538 in
155 2485 283 2553 Domino,
300 2488 329 2539 et
347 2485 404 2556 ipse
421 2487 448 2539 tc
475 2484 603 2539 enutriet
617 2485 704 2545 (Psoi.
732 2498 786 2547 mv,
802 2487 857 2553 23),
876 2493 901 2540 et
951 2481 1050 2554 pagiua
1067 2480 1137 2536 sacri
1151 2481 1262 2552 eloquii,
1282 2496 1363 2553 quom
1379 2481 1460 2536 modo
1475 2488 1588 2552 propter
1601 2496 1713 2537 morum
1728 2488 1755 2537 et

106 2569 211 2626 salvum
225 2570 849 2643 facietopasillonimitctcspirituatuitibid.
861 2575 899 2640 9).
950 2569 1012 2624 vitae
1037 2569 1296 2637 dissimilitudinem,
1312 2570 1387 2625 velut
1402 2569 1548 2642 quemdam
1562 2569 1753 2626 invincibilem

104 2657 147 2715 Ne
160 2658 257 2715 credas
271 2658 521 2729 pusillanimitatem
536 2658 676 2713 minimum
692 2673 800 2724 nocere,
817 2674 901 2730 aqua
951 2656 1137 2713 adversarium
1158 2657 1238 2712 reniti
1264 2657 1313 2712 tibi
1339 2657 1434 2722 sentis,
1460 2664 1487 2712 et
1501 2657 1627 2713 reluctari
1653 2658 1691 2712 ita
1706 2657 1754 2712 tibi

102 2752 194 2802 tantus
208 2746 344 2816 Propheta
359 2762 389 2801 se
412 2746 581 2816 gloriabatur
595 2746 698 2801 salvum
709 2761 726 2800 a
736 2747 853 2801 Domine
862 2746 901 2800 ta·
951 2745 1103 2812 conveniet,
1116 2746 1152 2800 ita
1164 2746 1226 2801 vitae
1240 2753 1294 2801 tuae
1305 2745 1477 2811 consonabit,
1488 2753 1517 2801 ot
1531 2745 1669 2801 canmndo
1678 2746 1754 2817 psal-

103 2833 458 2905 etum.Tempusbreveest,
473 2833 546 2888 salus
557 2834 839 2906 sempiterna.lugnm
847 2835 901 2890 Do·
950 2848 1021 2900 mos,
1033 2848 1087 2888 non
1099 2833 1147 2887 tibi
1160 2833 1341 2904 prophetiam,
1353 2849 1408 2889 nou
1423 2833 1509 2890 verba
1524 2832 1558 2888 ab
1573 2832 1628 2889 alio
1650 2833 1754 2889 dictata
1773 2894 1778 2906 ⁸

103 2921 170 2977 mini
184 2936 269 2978 suave
283 2929 333 2977 est.
350 2923 470 2992 Experto
486 2921 577 2977 crede.
603 2923 632 2975 lu
646 2931 738 2977 mente
752 2923 823 2977 habe
836 2938 900 2993 pas·
950 2936 1073 2993 pungere
1087 2920 1217 2988 videaris,
1227 2922 1277 2978 sed
1287 2922 1364 2993 quasi
1373 2921 1481 2993 propria
1493 2921 1682 2978 devotissimae
1691 2936 1754 2978 ora·

103 3008 194 3065 aiones
208 3009 327 3065 Domini.
344 3007 414 3078 Quid
430 3009 508 3065 etiam
535 3010 593 3080 ipse
607 3009 718 3074 leceris,
735 3011 841 3081 etquid
856 3010 869 3064 l
885 3041 894 3052 ·
950 3008 1031 3064 tionis
1047 3010 1131 3064 verba
1145 3024 1238 3065 coram
1248 3010 1306 3066 Deo
1322 3008 1445 3066 tundere.
1463 3011 1499 3066 Ut
1507 3025 1574 3065 uero
1584 3009 1692 3067 morale
1702 3010 1754 3065 erit

104 3108 169 3154 oere
183 3097 311 3154 debueris
325 3097 528 3153 animadverte:
546 3097 721 3169 quantitatem
736 3098 808 3154 enim
823 3113 899 3153 mnn—
915 3073 1026 3169 Oquod
1039 3096 1154 3160 dicetur,
1169 3097 1243 3154 velut
1257 3098 1403 3170 quamdam
1417 3097 1502 3164 vocis,
1519 3105 1546 3153 et
1559 3098 1623 3154 vitae
1637 3099 1752 3154 harmo-

103 3184 279 3258 datiqnidam
295 3186 476 3251 advertentes,
495 3185 682 3257 scelemmque
712 3202 823 3243 suorum
845 3202 901 3242 ma·
951 3184 1094 3252 uiam,tibi
1108 3185 1304 3255 dulcissimam,
1320 3187 1483 3242 Deoautem
1496 3185 1686 3257 gratissimam
1702 3202 1750 3242 re·

103 3272 254 3347 gnitudinis
266 3273 411 3339 obliti,nou
421 3273 483 3345 quid
494 3272 616 3339 fecerint,
629 3275 678 3329 sed
689 3274 902 3345 quidJubeantur
952 3273 1070 3328 sonabis.
1089 3271 1194 3341 Quibus
1225 3274 1323 3345 epulis,
1338 3274 1436 3346 quibus
1463 3274 1629 3330 musicorum
1644 3274 1752 3330 instro·

103 3361 257 3417 attendunt.
270 3362 395 3433 Dumque
410 3361 444 3416 ad
460 3360 547 3416 levem
563 3362 696 3417 sarcinam
703 3369 729 3416 et
740 3363 837 3435 jugum
850 3364 902 3418 Do·
951 3360 1059 3426 mentis,
1077 3361 1175 3436 quibus
1189 3362 1306 3432 gaudiis,
1324 3363 1367 3417 vel
1382 3361 1426 3418 cui
1440 3363 1503 3418 vitae
1517 3363 1644 3419 humanae
1670 3362 1749 3418 dele-

103 3449 170 3504 mini
184 3465 269 3505 suave
279 3449 424 3520 trepidant,
440 3449 468 3504 in
494 3449 550 3504 suis
564 3450 692 3505 sordibus
715 3458 899 3517 remanentes,
951 3449 1062 3504 otatieni
1077 3458 1119 3504 est
1132 3450 1185 3505 ista
1205 3450 1362 3519 jucunditas
1386 3449 1575 3506 conferenda?
1588 3451 1711 3508 adverte
1726 3459 1754 3506 et

102 3537 285 3593 damnationis
300 3537 350 3593 sibi
364 3538 502 3594 cumulum
516 3553 619 3610 augere
641 3553 696 3593 uon
722 3546 854 3594 metuunt.
871 3540 901 3594 ln
952 3535 1036 3602 uliud,
1053 3553 1106 3593 non
1122 3537 1221 3592 minori
1244 3538 1422 3607 jucunditate,
1448 3546 1474 3593 et
1492 3538 1677 3595 delectatione
1691 3538 1753 3610 ple·

102 3625 276 3698 quibusillud
289 3625 435 3681 verisimile
445 3625 580 3696 impletur,
592 3627 663 3697 quod
673 3643 724 3697 per
739 3627 901 3698 Prophetam
953 3640 1027 3691 num,
1044 3625 1099 3681 imo
1114 3625 1240 3682 omnibus
1255 3626 1366 3694 divitiis,
1383 3626 1510 3682 omnibus
1540 3627 1664 3694 omnino,
1690 3643 1751 3699 qum

102 3712 256 3770 dictumest
272 3714 352 3769 :lilio
365 3715 579 3785 trepidaverunt
591 3717 700 3782 timore,
713 3716 825 3773 abinoe
837 3720 900 3771 erat
948 3712 1069 3781 jucunda
1084 3714 1127 3768 vel
1148 3714 1318 3769 delectabilia
1332 3715 1360 3769 in
1374 3714 1430 3770 vita
1458 3715 1578 3769 humana
1601 3715 1749 3782 ducuntur,

107 3802 289 3870 timor(Psol.
307 3816 369 3867 xrrr,
385 3802 422 3871 ὃ).
442 3803 475 3856 Et
490 3801 555 3855 illud
574 3817 580 3855 :
599 3805 631 3859 tu
659 3806 707 3875 qui
726 3805 758 3858 iu
775 3804 900 3860 sordibus
950 3800 1162 3871 praeierendum.
1182 3801 1334 3857 Beatissimi
1349 3803 1442 3858 Patres
1458 3802 1630 3871 Ambrosius,
1649 3806 1749 3877 Augen

103 3893 154 3955 cst,
170 3888 486 3960 sordeutadbecptpoe.
498 3904 567 3958 xxrr,
584 3890 809 3959 tt).videetiam
820 3905 901 3962 quan·
951 3888 1047 3954 atinus,
1065 3889 1255 3960 Hieronymus,
1281 3890 1442 3963 Gregorius,
1463 3897 1545 3962 atque
1560 3890 1616 3959 alii,
1634 3906 1752 3963 quorum

76 3973 82 3982 '
103 3983 158 4031 tam
171 3974 392 4047 tranquillitatem
403 3975 481 4031 bonae
491 3975 774 4043 eonscientiaeafferat,
788 3979 900 4035 certiori
951 3977 1066 4047 quisque
1081 3976 1109 4031 in
1123 3977 1299 4034 tabernaculo
1313 3977 1364 4033 Dei
1378 3977 1467 4044 offert,
1484 3979 1557 4050 quod
1572 3985 1674 4049 petest,
1690 3993 1751 4036 oer-

104 4070 131 4120 et
140 4062 264 4120 viciniori
275 4063 309 4118 ad
319 4063 433 4119 salutem
443 4063 640 4130 via-incedere,
652 4072 679 4119 et
688 4065 766 4135 quasi
781 4066 899 4136 quodam
950 4065 1023 4119 tatim
1048 4065 1097 4121 tibi
1121 4065 1192 4138 legis
1212 4065 1358 4139 aenigmata
1384 4066 1531 4132 resolvent,
1548 4067 1751 4137 prophetarum

102 4158 183 4225 portu
198 4151 293 4207 salutis
308 4152 494 4224 quiescentem
522 4150 698 4208 novissimam
719 4154 814 4208 horam
828 4153 899 4209 lidu-
950 4153 1056 4208 oracula
1072 4162 1218 4225 exponent,
1235 4162 1262 4209 et
1276 4154 1418 4225 quamdam
1429 4152 1559 4210 ineffabili
1574 4155 1753 4227 gaudiople-

104 4239 208 4296 cialiter
222 4240 479 4311 exspeotare.Vide,
496 4241 616 4312 iuquam,
633 4249 759 4313 quantam
774 4240 899 4297 liduciam
950 4255 1014 4295 narn
1027 4242 1098 4297 Novi
1114 4249 1140 4297 et
1155 4242 1263 4298 Veteris
1286 4242 1451 4298 Testamenti
1465 4242 1686 4299 convenientiam
1702 4244 1752 4299 tibi

105 4325 204 4384 habeat
231 4329 302 4399 apud
331 4329 416 4384 Deum
445 4329 610 4386 couscientia
637 4330 724 4395 bonu,
742 4330 781 4386 sic
797 4330 900 4387 seilicet
950 4336 1103 4386 monstrare
1115 4331 1290 4387 contendent.
1307 4331 1355 4386 Ille
1374 4331 1422 4386 tibi
1432 4331 1625 4387 retributiones
1648 4332 1754 4403 impie·

104 4415 206 4482 vivere,
222 4424 252 4471 ut
262 4416 410 4472 seeundum
421 4417 599 4488 apostolicam
614 4419 774 4473 sententiam
792 4434 798 4473 τ
815 4418 842 4473 in
858 4418 899 4475 his
913 4429 1009 4488 Dmrn
1023 4418 1183 4488 declarabit,
1200 4418 1245 4475 ille
1260 4418 1361 4491 gaudia
1374 4426 1484 4475 aeternae
1497 4419 1560 4476 vitae
1569 4420 1754 4490 monstrabit;

105 4519 165 4576 quae
192 4505 311 4578 agimus,
332 4521 380 4560 cor
398 4509 529 4561 uestrum
552 4522 611 4562 nen
643 4506 832 4578 reprehendet
849 4523 901 4562 nos
949 4503 995 4560 ille
1009 4514 1035 4561 te
1050 4506 1077 4561 in
1093 4507 1350 4578 contemplationem
1365 4507 1461 4578 rapiet,
1477 4507 1524 4563 ille
1544 4507 1593 4561 tibi
1612 4506 1755 4581 lacrymas

106 4592 131 4662 (l
143 4595 227 4650 locu.
247 4607 285 4658 nr,
302 4592 360 4664 2¹)-
376 4594 472 4649 Tntnm
486 4593 569 4665 igitur
596 4602 659 4665 pete
674 4602 790 4665 portum.
807 4595 901 4652 llerito
949 4592 1002 4664 piae
1017 4594 1234 4665 compunctionis
1250 4595 1378 4662 excutiet,
1393 4594 1440 4651 ille
1455 4603 1481 4651 te
1496 4595 1531 4650 ad
1558 4594 1753 4667 humilitatem,

105 4679 247 4752 imperitiae
261 4681 386 4753 arguitur
399 4689 489 4750 nauta,
506 4681 562 4752 qui,
591 4698 650 4737 cum
679 4691 771 4754 posset
796 4683 900 4738 tutioris
950 4679 995 4737 ille
1009 4682 1044 4738 ad
1065 4683 1232 4752 patientiam,
1247 4682 1294 4738 ille
1309 4683 1345 4738 ad
1359 4681 1521 4750 castitatem,
1537 4682 1582 4739 hic
1598 4684 1635 4739 ad
1650 4685 1753 4742 mode·

103 4775 199 4840 portus
214 4769 290 4824 sinus
305 4769 415 4834 intrare,
444 4777 628 4840 tempestuoso
643 4770 726 4825 littori
742 4786 771 4826 se
787 4771 900 4828 credere
950 4769 1039 4836 stiam,
1054 4770 1099 4826 ille
1114 4771 1148 4826 ad
1164 4771 1368 4844 benignitatem,
1384 4771 1429 4828 hic
1442 4772 1476 4826 ad
1496 4772 1750 4840 mansuetudinem,

105 4868 160 4912 nou
182 4856 318 4912 formidat.
347 4856 418 4925 Quid
446 4857 557 4927 prodest
585 4858 746 4931 enavigasse
774 4858 897 4930 pelagus,
948 4855 996 4914 ille
1010 4858 1044 4913 ad
1059 4857 1152 4925 tidem,
1167 4859 1219 4914 isto
1232 4860 1267 4914 ad
1281 4875 1368 4930 spem,
1387 4875 1484 4916 omnes
1499 4874 1563 4917 vero
1573 4866 1600 4915 te
1610 4859 1751 4917 miccina·

103 4943 226 5000 evasisse
240 4945 382 5015 procellas,
400 4945 423 4999 si
437 4944 556 5000 adlittus
570 4957 675 5002 ructuas
699 4947 771 5002 idem
787 4946 898 5002 neutra·
949 4944 1016 5001 bunt
1038 4947 1073 5003 ad
1090 4946 1266 5003 charitatem:
1278 4962 1330 5003 neo
1350 4947 1582 5016 antecessabunt,
1603 4946 1696 5006 donec
1713 4949 1753 5006 ita

106 5030 193 5104 giam
209 5039 236 5087 et
250 5032 402 5103 importuna
412 5033 524 5104 crepido
540 5032 662 5106 naufragi
677 5034 773 5090 littoris
786 5035 899 5106 puppim
949 5042 1152 5090 consummatus
1168 5035 1325 5103 inveniaris,
1342 5035 1442 5108 Spiritu
1457 5043 1550 5093 sancto
1567 5035 1752 5111 ubiqucope-

104 5117 217 5174 illidati
232 5120 296 5175 llaec
310 5120 392 5192 igitur
406 5120 594 5191 circumspice,
611 5128 638 5176 et
655 5129 684 5176 ut
699 5120 787 5176 fidelis
802 5123 899 5178 auimae
948 5130 1035 5193 rante,
1045 5123 1145 5196 ubique
1155 5123 1340 5195 dispensante,
1350 5132 1380 5180 ut
1387 5139 1514 5182 occurras
1523 5124 1552 5180 iu
1560 5124 1653 5181 vimm
1662 5127 1754 5198 perse·

108 5213 161 5263 ture
175 5205 347 5262 consiliarius
361 5206 506 5279 diligenter
519 5209 630 5264 adverte
648 5224 654 5261 ε
671 5217 697 5264 et
719 5209 898 5280 pusillanimis
949 5217 1031 5278 ctum,
1044 5211 1071 5267 in
1087 5228 1246 5268 mensuram
1264 5211 1350 5269 aetatis
1359 5211 1534 5284 plenitudinis
1554 5212 1667 5269 Christi.
1683 5214 1751 5272 llaeo

105 5294 129 5349 si
144 5292 215 5350 sorte
226 5293 292 5349 illud
313 5309 343 5350 es
359 5295 420 5364 (scd
443 5296 575 5351 absithoe
590 5310 607 5350 a
622 5304 647 5351 te
659 5294 679 5364 l)
695 5312 757 5352 esse
771 5296 896 5354 desistas.
948 5299 1050 5371 gaudia
1060 5307 1087 5355 et
1095 5300 1251 5370 huiusmodi
1259 5299 1668 5372 dispensatChristusmilitibus
1677 5303 1749 5370 suis,

103 5381 342 5455 'lertiumquoque
356 5396 464 5450 moneo,
486 5391 514 5438 nt
541 5383 658 5439 orationi
682 5384 849 5441 creberrime
872 5392 899 5441 et
948 5384 1055 5442 interim
1069 5388 1134 5444 dum
1144 5387 1234 5444 differt
1243 5395 1355 5445 aeterna.
1367 5388 1445 5445 llenc
1453 5403 1578 5444 mensam
1586 5386 1751 5446 eisinterim

105 5468 282 5524 vehementer
295 5470 414 5526 insistes.
430 5469 470 5525 lbi
485 5471 508 5526 si
524 5470 690 5538 fiducialiter,
715 5488 771 5529 non
784 5472 897 5539 timide3
948 5475 1074 5546 apposuit
1083 5476 1319 5549 donecepulentur
1327 5483 1353 5533 et
1360 5476 1690 5549 exsultantiuoeuspeotn
1698 5477 1752 5535 Dei
