3750 5984
81 155 134 210 eol
222 100 227 109 ι
258 214 264 224 .
512 196 519 215 ,
636 143 739 201 LIBER
763 142 811 199 DE
829 141 1021 202 exsecuto
1041 144 1168 201 CELLAE.
1672 146 1732 205 ¹858

82 293 144 335 eum
158 274 223 332 totis
238 272 395 346 praecordiis
416 270 595 344 suspiramus.
612 269 666 326 Sed
681 283 763 341 quem
777 271 919 330 tantuma
935 269 1123 342 superomnia
1137 278 1188 336 est,
1204 269 1322 326 sednon
1345 269 1496 338 exaltatus3
1518 270 1614 325 subtus
1627 270 1730 338 omniu,

82 382 145 424 eum
160 363 287 429 amando,
300 370 327 418 ει
341 362 376 417 ad
404 377 466 417 eum
494 358 658 430 suspirando
686 373 748 414 esse
771 357 882 423 scimus,
936 360 984 415 sed
999 374 1054 414 non
1069 359 1235 425 substratus;
1251 358 1324 413 intus
1349 367 1375 413 et
1389 367 1475 426 extra,
1492 373 1543 415 nec
1557 358 1678 415 inclusus
1693 368 1735 414 ta-

82 453 148 527 quid
163 469 225 509 eum
239 467 302 507 esse
316 450 441 507 seimus?
456 449 491 503 Et
502 448 611 519 quidem
623 446 711 502 electo
722 445 823 500 lamule
835 460 883 500 suo
935 463 1008 512 meu,
1024 463 1076 504 nec
1092 447 1218 503 exclusus
1236 463 1242 501 :
1259 463 1369 518 semper
1397 447 1466 519 ipse,
1484 455 1510 502 et
1537 447 1639 519 ubique
1653 447 1730 517 ipse3

82 542 150 598 dixit
165 558 194 597 se
204 557 276 606 esse,
289 555 350 595 cum
365 539 402 594 ait
419 556 425 592 :
443 540 495 609 llqo
511 537 632 609 numqui
647 551 720 590 som.
736 533 793 590 Hoc
802 534 883 590 etium
936 536 984 591 sed
999 551 1050 592 nec
1065 551 1185 607 unquam
1198 543 1314 606 tempus,
1331 552 1382 592 noc
1392 551 1508 607 usquam
1519 536 1609 591 locus.
1628 536 1677 589 Est
1688 535 1735 606 qui

84 632 118 687 de
141 647 171 686 se
195 628 397 686 sciscitantibus
419 626 503 682 voluit
523 626 557 681 de
573 641 603 680 se
627 623 884 695 responderi:qu
935 633 984 690 est,
1002 625 1113 679 elidem
1128 640 1159 679 ae
1183 624 1280 679 eodem
1305 625 1396 692 modo,
1422 640 1473 680 nec
1488 624 1512 679 ei
1528 624 1675 695 quidquam
1690 623 1734 678 rel

83 736 157 786 rum,
170 717 305 789 inquiens
321 717 453 788 quisunt.
468 716 530 769 llcee
540 713 626 779 dices,
639 712 685 778 eit,
698 711 766 780 filiis
774 712 884 766 lsrael:
936 713 1064 782 evenerit,
1077 713 1166 779 inerit,
1176 712 1219 767 rel
1230 712 1336 780 transit,
1346 712 1434 767 inluit.
1449 714 1547 784 lloqno
1562 713 1736 784 virtusejus,

86 809 138 875 Qut
147 809 200 871 εει,
217 806 297 860 misit
312 803 408 858 meod
424 818 470 858 vos
487 800 588 867 (Exod.
605 816 644 867 ιιι,
663 800 717 865 tl).
735 799 806 852 Dixit
822 799 884 869 quia
935 806 964 857 et
977 802 1128 873 eripientioe
1151 802 1212 871 ejus
1231 817 1290 856 nnn
1304 805 1346 856 est
1359 817 1497 857 numerus
1510 803 1568 870 (Pr.
1585 816 1679 869 cxxvi,
1697 799 1735 871 5).

82 903 124 952 est
141 909 148 948 :
164 909 218 948 nou
247 900 338 946 autem
359 890 426 944 dixit
444 889 509 962 quid
538 892 590 945 boc
614 889 649 942 sit
675 887 747 959 quod
762 894 813 942 est.
830 887 884 941 Sed
934 891 978 955 Ει,
994 905 1011 945 o
1026 905 1124 944 manus
1139 888 1359 959 omniapotensl
1376 905 1392 944 o
1408 889 1584 944 nihilominus
1599 888 1737 945 etoculus

81 982 207 1040 fortassis
222 980 318 1036 diceus
332 979 396 1050 quia
416 986 467 1047 est,
486 978 513 1032 iu
541 978 593 1032 hoc
617 975 708 1048 utique
737 974 803 1029 dixit
818 974 884 1045 quid
935 976 1155 1033 omniaridensl
1172 993 1226 1032 uon
1255 985 1296 1032 est
1325 976 1487 1049 quodill'um
1512 976 1644 1050 effugere,
1662 976 1736 1049 quod

81 1073 135 1127 boc
145 1070 179 1126 sit
193 1068 267 1141 quod
281 1076 333 1134 εει,
350 1066 423 1138 quod
438 1066 505 1121 dixit
520 1065 583 1137 quia
599 1073 649 1120 est.
665 1064 734 1118 Nam
751 1062 885 1134 quidquid
934 1066 1016 1121 istum
1030 1065 1118 1137 possit
1131 1066 1224 1121 latere.
1253 1067 1315 1136 lpse
1330 1066 1426 1136 plenus
1445 1065 1547 1136 seipso,
1564 1073 1591 1120 et
1603 1066 1661 1120 sine
1675 1065 1736 1136 ipso

80 1160 116 1214 de
140 1173 173 1214 eo
200 1163 291 1228 potest
318 1154 453 1211 catholice
479 1153 565 1218 credi,
596 1151 727 1224 quidquid
750 1150 884 1206 veraciter
934 1154 1011 1220 nihil,
1029 1154 1075 1225 qui
1090 1154 1142 1208 sibi
1157 1162 1184 1210 et
1202 1153 1328 1209 omuibus
1351 1161 1400 1220 εει,
1419 1154 1482 1225 quia
1505 1170 1585 1208 suum
1608 1152 1694 1224 ipsius
1709 1160 1736 1208 ει

80 1245 145 1312 dici,
160 1246 187 1300 in
203 1246 256 1300 boc
284 1243 369 1299 verbo
397 1242 566 1297 instauratur
590 1241 664 1312 quod
693 1247 743 1305 est,
775 1246 826 1294 est.
853 1239 885 1292 Et
935 1241 1054 1296 omnium
1083 1249 1134 1296 est.
1165 1242 1306 1313 Nusquam
1334 1249 1384 1308 est,
1400 1242 1428 1296 in
1449 1257 1482 1297 eo
1498 1242 1570 1314 quod
1597 1242 1658 1298 loco
1679 1256 1734 1297 non

82 1334 191 1407 quaudo
218 1332 349 1403 strepitus
363 1331 419 1386 oris
432 1329 518 1386 nostri
542 1329 589 1385 ubi
617 1328 731 1384 verbum
760 1326 885 1392 incipitur
934 1330 1087 1396 clauditur;
1105 1337 1232 1385 ettamen
1250 1345 1385 1401 nusquam
1398 1346 1454 1386 non
1468 1337 1519 1397 εει,
1536 1330 1598 1402 quia
1613 1346 1668 1386 non
1683 1345 1734 1386 ex-

82 1432 109 1479 et
117 1422 217 1487 linitur,
225 1420 336 1492 aliquod
344 1420 577 1487 emittetverbum,
590 1433 644 1489 quo
655 1415 885 1486 sufficienterpos-
934 1417 1132 1475 eluditurloco.
1162 1419 1196 1472 Et
1223 1418 1283 1490 quis
1298 1418 1357 1473 siue
1382 1434 1415 1473 εο
1429 1419 1530 1473 locus?
1545 1419 1585 1473 Ex
1599 1419 1669 1489 ipse,
1684 1432 1735 1489 per

83 1512 168 1567 simus
180 1508 449 1581 exprimereDeuml
459 1508 493 1562 Et
504 1506 613 1578 quidem
620 1506 695 1561 Deus
703 1505 753 1560 Dei
765 1504 884 1571 Filius,a
934 1506 1035 1577 ipsum,
1051 1506 1080 1560 in
1101 1507 1172 1577 ipso,
1188 1506 1240 1577 ipsi
1267 1506 1364 1578 gloria.
1381 1506 1429 1562 Cui
1453 1506 1528 1577 ipsit
1542 1505 1612 1578 Regi
1625 1521 1734 1578 quoque

82 1602 141 1656 Deo
150 1600 229 1654 Patre
244 1597 363 1669 genitus,
377 1611 447 1651 unus
458 1588 587 1666 idemque
605 1610 666 1649 oum
675 1593 763 1661 Patre,
780 1600 806 1648 et
816 1608 883 1647 san·
897 1620 923 1682 B
935 1595 1097 1652 saeculorum
1124 1595 1284 1661 immortali,
1301 1594 1429 1650 invisibili
1455 1595 1506 1651 soli
1520 1595 1589 1650 Deo.
1605 1595 1680 1650 Deus
1694 1602 1737 1650 est

82 1696 126 1745 cto
136 1687 275 1758 utriusque
284 1685 386 1756 Spiritu
397 1685 472 1739 Deus
482 1683 611 1748 existens,
622 1682 681 1754 ipse
691 1689 733 1737 est
744 1681 881 1746 Verbum3
934 1684 1103 1749 saeculorum,
1120 1684 1164 1740 cui
1179 1698 1351 1755 nequaquam
1365 1683 1425 1754 ipsa
1439 1683 1482 1740 rel
1497 1683 1628 1738 accedere
1643 1689 1736 1753 potue·

81 1776 131 1834 sed
148 1776 268 1832 Verbum
283 1789 337 1828 non
352 1779 526 1828 transeunter
540 1770 689 1842 prolatum,
706 1770 754 1825 sed
768 1777 883 1825 aeterna-
934 1781 996 1828 runt
1010 1772 1053 1828 vel
1067 1772 1203 1828 decedere
1220 1790 1227 1825 :
1243 1786 1294 1827 nec
1309 1780 1398 1827 tamen
1421 1779 1558 1827 coaeterua
1572 1778 1644 1826 sunt.
1666 1769 1734 1838 Quoe

82 1865 145 1920 liter
159 1863 288 1935 genitum,
301 1876 355 1917 nou
366 1860 486 1928 lactum;
504 1861 583 1932 eique
603 1860 679 1928 cnjus
694 1868 736 1914 εει
749 1858 881 1924 Verbum,
933 1861 1049 1916 enimin
1070 1877 1100 1916 se
1119 1860 1266 1932 aliquando
1285 1859 1327 1915 vel
1350 1867 1437 1925 erant,
1462 1858 1505 1915 vel
1526 1866 1614 1927 emat,
1630 1859 1658 1913 in
1674 1858 1734 1930 ipso

82 1952 229 2024 ooaequale,
247 1958 273 2007 et
287 1949 530 2016 consubstantiale,
546 1956 626 2021 atque
638 1955 811 2011 coeternum,
829 1961 883 2016 quo
933 1964 1042 2020 semper
1055 1957 1118 2004 sunt
1133 1966 1141 2004 :
1156 1956 1183 2004 et
1198 1949 1307 2020 quidem
1330 1948 1400 2004 sicut
1417 1948 1450 2002 ab
1470 1955 1582 2010 aeterno,
1598 1947 1637 2003 sio
1656 1954 1683 2002 et
1705 1948 1733 2002 in

80 2039 254 2113 inprincipio
269 2046 327 2095 erat
344 2046 370 2094 et
384 2038 457 2108 opud
479 2037 567 2092 Deum
582 2045 651 2102 erat,
668 2043 694 2092 et
722 2036 796 2090 Deus
812 2041 881 2090 erut.
932 2045 1075 2094 aeternum.
1096 2039 1192 2109 Neque
1203 2037 1275 2092 enirn
1294 2037 1347 2107 ipsi
1363 2036 1406 2092 vel
1418 2036 1490 2107 quod
1507 2035 1557 2091 luit
1570 2034 1668 2090 transit
1681 2051 1733 2090 an-

82 2131 116 2186 ln
130 2129 272 2202 principio
286 2131 348 2184 erut
368 2127 483 2183 Verbum
498 2126 589 2195 (loon.
603 2139 621 2190 1,
640 2114 679 2195 l).'
693 2125 766 2180 Ecce
779 2121 883 2178 aetemi·
933 2126 1045 2198 tiquum,
1058 2125 1102 2181 vel
1116 2125 1187 2198 quod
1202 2126 1254 2180 erit
1268 2125 1375 2181 eveniet
1389 2140 1490 2181 norum
1507 2139 1514 2178 :
1530 2124 1580 2179 sed
1589 2133 1733 2196 utrumque

83 2225 128 2274 tas
139 2217 214 2288 ejus:
227 2215 383 2288 quodecim
406 2215 434 2270 iu
457 2213 669 2285 principioerat‚
687 2227 826 2284 nunquam
840 2212 883 2267 ιε-
933 2216 1036 2281 eistat,
1061 2215 1152 2281 inest3
1169 2222 1223 2269 tam
1242 2213 1313 2285 quod
1325 2214 1383 2282 jnm
1410 2221 1460 2281 εει,
1477 2229 1559 2285 quam
1578 2213 1651 2284 quod
1665 2227 1733 2269 nec-

82 2314 156 2364 otum
166 2313 237 2372 erat;
253 2304 323 2360 siout
333 2303 369 2360 de
381 2302 452 2360 coelo
460 2310 487 2358 et
496 2311 566 2358 terra
575 2301 741 2359 dictumest:
754 2303 786 2356 ln
796 2303 882 2372 prin·
933 2304 998 2360 dum
1018 2311 1069 2360 εει.
1096 2304 1140 2368 Et,
1156 2319 1172 2357 o
1199 2318 1280 2374 quem
1309 2301 1442 2356 mirabilis
1457 2301 1485 2355 in
1513 2300 1605 2371 seipso
1619 2307 1671 2368 est,
1687 2299 1733 2371 qui

80 2394 272 2467 cipiocrecoit
285 2394 357 2448 Deus
373 2393 475 2448 celum
493 2390 761 2458 elterrom(Gen.r,
775 2392 812 2460 t).
828 2389 883 2444 Sed
932 2408 1024 2449 rerum
1039 2391 1160 2448 omnium
1182 2398 1291 2447 creator
1307 2398 1357 2457 εει,
1374 2405 1435 2446 eum
1464 2396 1520 2444 tem
1533 2388 1668 2444 mirabilia
1681 2388 1734 2444 ειιιι

80 2490 156 2550 erat3
171 2483 225 2538 hoc
239 2488 291 2548 est,
307 2481 342 2535 ab
355 2487 458 2536 aeterno
473 2486 542 2535 eret.
558 2480 593 2534 ιιι
608 2480 722 2535 verdum
733 2482 795 2535 erut
807 2477 883 2550 opud
932 2482 1037 2553 quarab
1053 2482 1113 2552 ipso
1126 2488 1217 2536 creata
1232 2487 1295 2534 sunt
1307 2478 1312 2533 l
1325 2480 1359 2533 Et
1380 2478 1489 2550 quidem
1504 2477 1583 2533 ualde
1602 2485 1665 2532 sunt
1679 2477 1733 2532 mi·
1761 2507 1768 2525 ·

80 2573 179 2629 Deum.
202 2571 275 2626 Ecce
302 2569 366 2640 quia
389 2568 501 2626 diversa
518 2566 600 2624 Verbi
627 2580 747 2637 persona
761 2566 794 2620 ab
809 2565 883 2620 illius
933 2571 1040 2639 rabilia,
1051 2570 1195 2641 ipsumque
1210 2569 1250 2624 ειε
1277 2568 1357 2641 longe
1371 2567 1509 2623 clamitant
1528 2566 1731 2622 mirabiliorem.

81 2673 200 2732 persona
214 2658 290 2728 cuius
301 2665 342 2713 est
352 2657 482 2713 Verbum.
499 2656 528 2711 Si
543 2656 616 2711 enim
626 2655 694 2710 alius
710 2655 781 2726 apud
801 2653 883 2709 alium
935 2658 1089 2715 Ostendunt
1104 2658 1176 2714 enim
1192 2673 1223 2712 se
1238 2663 1332 2713 create
1339 2672 1400 2728 quae
1410 2655 1532 2712 condidit
1540 2655 1612 2710 bona
1621 2654 1709 2710 bonus
1722 2671 1730 2709 ι

85 2754 153 2816 erat,
169 2747 238 2802 alius
261 2744 384 2816 prolecto
411 2742 460 2801 ille
488 2745 533 2816 qui
557 2751 623 2811 erat,
641 2744 710 2799 alius
737 2743 783 2798 ille
812 2742 883 2814 apud
934 2747 1091 2813 ostendunt,
1108 2746 1229 2819 inquam,
1248 2761 1277 2800 se
1292 2745 1375 2812 bona,
1395 2743 1519 2815 pulchra,
1536 2742 1636 2811 dulcia,
1649 2742 1733 2798 multa

84 2851 166 2907 quem
187 2842 259 2890 erat.
288 2834 342 2890 Sed
370 2848 405 2889 ne
419 2832 583 2904 putesaliud
600 2847 606 2887 :
622 2833 755 2899 Eibeos,
784 2830 881 2902 inquit,
933 2846 1080 2908 etmagna.
1104 2836 1175 2890 Nam
1204 2833 1325 2890 bonoad
1349 2832 1567 2903 usum,pulclrra
1581 2831 1617 2888 ad
1635 2832 1734 2902 visum,

80 2928 144 2980 eret
162 2922 288 2980 Verbum.
304 2923 377 2978 Ecce
391 2921 521 2977 divinitas
553 2919 634 2976 Verbi
651 2935 657 2974 :
675 2935 725 2976 nec
753 2918 816 2988 alia,
833 2918 883 2974 sed
933 2923 1022 2980 dulcia
1036 2923 1071 2978 ud
1086 2930 1206 2993 gustum,
1216 2922 1301 2977 multa
1315 2922 1348 2976 ad
1359 2936 1510 2990 numemm,
1528 2928 1555 2976 ει
1570 2920 1603 2975 ad
1618 2935 1733 2975 mensu-

81 3012 177 3069 eadem
201 3027 261 3082 quae
276 3012 334 3081 ejus
349 3017 400 3076 est,
416 3011 494 3079 cujus
507 3016 549 3065 est
564 3009 695 3065 Verbum.
711 3008 796 3080 Igitur
811 3007 883 3062 Ver·
898 2982 992 3067 οιειιι
1010 3027 1123 3082 magna.
1148 3012 1220 3080 llaec,
1237 3011 1357 3082 inquam,
1374 3025 1404 3065 se
1419 3009 1574 3075 ostendunt,
1591 3016 1617 3064 ει
1627 3007 1736 3063 mirabi-

85 3101 150 3156 bum
160 3099 233 3172 quod
247 3099 318 3170 apud
332 3100 420 3154 Deum
431 3105 500 3165 erat,
521 3097 594 3154 idem
611 3097 671 3169 ipse
685 3113 747 3151 cum
761 3112 795 3152 eo
809 3097 883 3151 Deus
934 3100 996 3156 liter
1009 3116 1039 3155 se
1052 3099 1199 3155 ostendunt
1223 3117 1230 3153 z
1256 3099 1306 3153 sed
1320 3099 1380 3154 haec
1403 3113 1433 3153 se
1457 3097 1637 3163 ostendendo,
1654 3111 1734 3153 crea-

85 3196 144 3245 eral
172 3188 245 3259 apud
269 3203 349 3259 (luem
378 3194 447 3253 trab
463 3193 492 3241 ¹1²
515 3185 548 3241 Sil
563 3185 654 3258 ulique
677 3184 797 3240 Verbum
815 3183 884 3239 alius
934 3197 1020 3245 torem
1035 3205 1113 3244 suum
1122 3187 1268 3244 ostendunt
1282 3187 1365 3260 longe
1375 3186 1528 3252 meliorem,
1540 3185 1734 3257 pulchriorem,

79 3276 153 3350 opud
168 3292 249 3349 quem
264 3283 332 3342 etti.
360 3291 414 3331 ⁰01¹
429 3274 541 3346 quidem
568 3273 637 3328 alius
665 3274 749 3339 Deus,
766 3272 815 3328 sed
830 3271 884 3327 alit
934 3277 1086 3334 dulciorem
1114 3284 1142 3332 ει
1168 3277 1318 3346 majorem,
1342 3276 1387 3349 qui
1410 3283 1452 3331 εει
1466 3275 1585 3331 omnium
1600 3274 1735 3330 bonorum

79 3380 200 3438 persone
228 3381 244 3419 a
268 3364 356 3419 Patris
384 3377 515 3435 persona,
544 3377 607 3418 oum
626 3377 680 3433 quo
699 3369 790 3416 ttamen
813 3376 884 3415 unus
934 3367 1062 3438 optimus,
1072 3365 1246 3437 omniumque
1255 3365 1432 3437 pulchromm
1448 3363 1660 3435 pulcherrimus,
1677 3378 1736 3419 om·

78 3455 209 3526 idemque
225 3454 310 3519 Deus,
336 3467 369 3507 ex
395 3453 452 3507 Deo
480 3451 564 3516 Deus,
582 3466 615 3506 ex
629 3451 707 3505 Patre
726 3450 785 3523 Deo
800 3446 884 3503 Filius
934 3455 1009 3510 nium
1025 3454 1145 3510 dulcium
1159 3454 1342 3523 dulcissimus,
1360 3453 1481 3509 omnium
1496 3467 1658 3524 magnorum
1672 3466 1735 3507 ma·

80 3542 165 3599 Deus.
182 3542 244 3598 Nou
260 3548 333 3597 certe
348 3539 431 3606 aliud,
454 3539 518 3611 quia
532 3539 628 3594 eadem
638 3554 701 3594 oum
716 3553 749 3593 eo
760 3537 885 3592 substen-
933 3542 1022 3599 ximus
1038 3562 1045 3610 ;
1062 3550 1155 3613 utpote
1170 3558 1246 3609 vera,
1261 3557 1421 3614 summaque
1436 3548 1463 3596 ει
1474 3547 1576 3596 eterna
1591 3539 1733 3610 suiipsius

80 3630 128 3698 tia,
144 3629 284 3686 aeternitas
299 3636 325 3684 ει
341 3628 477 3683 ιιιιιιιιιεε.
494 3626 588 3698 ltaque
603 3627 684 3693 alius,
695 3634 808 3697 propter
820 3640 883 3696 per·
934 3630 1051 3698 bonitus,
1075 3631 1256 3702 pulchritudo,
1280 3637 1307 3686 et
1322 3630 1357 3700 (si
1382 3629 1419 3683 itu
1434 3629 1526 3684 dicere
1544 3627 1620 3697 licet)
1638 3625 1736 3682 multi-

48 3763 57 3787 ,
81 3735 211 3775 sonarum
222 3718 429 3784 diversitatem
444 3716 494 3772 sed
508 3731 564 3772 non
579 3715 662 3782 aliud,
688 3721 801 3786 propter
815 3713 883 3768 sub·
933 3719 1008 3788 tudo,
1039 3719 1208 3790 magnitudo.
1233 3718 1371 3789 Quidquid
1391 3717 1419 3772 in
1438 3715 1616 3784 boemundo,
1632 3714 1735 3772 deboc

80 3808 188 3863 stantiae
202 3806 301 3862 divinae
320 3806 460 3860 unitatem.
485 3805 539 3860 Sed
553 3820 616 3859 cum
643 3810 728 3859 totum
746 3803 798 3858 boc
813 3800 883 3857 dici·
934 3807 1036 3864 mundo
1057 3808 1190 3877 ridemus,
1212 3807 1347 3874 audimus,
1377 3812 1529 3880 gustamus,
1545 3805 1691 3860 odoramus
1708 3811 1736 3861 et

79 3911 153 3964 mus,
169 3894 235 3967 quid
249 3893 389 3950 dicium?
404 3892 514 3965 quando
533 3892 618 3948 verba
633 3891 803 3959 habebimus,
820 3890 886 3961 qui-·
934 3897 1082 3968 tangimus,
1099 3904 1204 3952 nonest
1219 3896 1287 3968 ipse.
1300 3894 1372 3964 Quid
1388 3909 1456 3966 ergo
1472 3902 1513 3950 est
1527 3893 1586 3965 ipse
1600 3893 1735 3949 Dominus

79 3984 131 4040 bus
146 3983 210 4055 quid
226 3983 260 4038 sit
274 3983 349 4037 Deus
363 3983 455 4038 dicere
469 3979 629 4052 possimus?
648 3981 881 4044 ldeltodieernus,
933 3988 1008 4043 Deus
1021 3993 1134 4052 nostem
1152 3984 1226 4057 quid,
1240 4000 1344 4056 quaeso,
1356 3984 1421 4039 est?
1435 3984 1496 4038 Non
1512 3989 1554 4038 est
1567 3983 1651 4038 decor
1664 3981 1735 4037 mul.

81 4073 119 4127 ait
147 4071 256 4143 sapiens
277 4070 398 4142 quidam,
432 4074 461 4126 ει
489 4070 651 4140 deficiemus
670 4069 760 4125 verbis
784 4069 882 4137 (dccli.
933 4083 978 4129 tus
991 4083 1153 4147 etmaguus,
1170 4089 1249 4146 quem
1272 4080 1386 4144 aspectu
1400 4087 1485 4128 cerno
1502 4086 1640 4142 corporeo
1656 4088 1663 4125 :
1680 4085 1736 4127 uon

80 4176 159 4230 xurrt,
181 4162 237 4231 29).
254 4160 324 4217 Vere
339 4159 432 4215 verbis
451 4157 620 4227 deficiemus,
637 4157 727 4229 magis
741 4172 824 4228 quam
849 4156 884 4210 ad
933 4178 986 4218 vox
1015 4170 1056 4218 est
1075 4177 1157 4234 quam
1175 4160 1353 4232 corporaliter
1367 4160 1449 4215 audio
1465 4177 1472 4214 :
1489 4174 1544 4214 non
1558 4158 1637 4225 odor,
1651 4173 1733 4230 quem

79 4248 108 4304 id
123 4248 196 4319 quod
222 4246 388 4303 intendimus
411 4245 532 4318 perlecto
546 4245 693 4302 dicendum
707 4243 876 4323 proficimus,
935 4249 1045 4316 olfacio,
1065 4266 1118 4305 non
1136 4265 1220 4320 sapor
1234 4265 1315 4320 quem
1334 4255 1424 4320 gusto,
1441 4263 1496 4303 non
1510 4246 1632 4318 aptitudo
1651 4261 1735 4317 quem

81 4345 109 4393 ει
122 4336 232 4408 quando
248 4336 332 4391 multa
352 4335 485 4391 dicemus.
505 4336 540 4390 Et
555 4335 640 4390 verba
656 4333 766 4405 quando
782 4335 919 4396 moun-D
935 4347 1027 4409 tango.
1044 4338 1078 4392 Et
1092 4345 1181 4392 tamen
1196 4336 1319 4407 quaedam
1342 4336 1544 4407 quodammodo
1567 4334 1644 4406 quasi
1659 4333 1734 4390 mul.

81 4440 134 4497 que
150 4432 222 4492 suut,
233 4424 298 4496 quid
318 4423 393 4479 aliud
422 4439 504 4495 quam
520 4438 602 4479 voces
630 4422 731 4477 mentis
746 4421 832 4485 sunt?
847 4421 882 4475 Et
932 4427 1019 4483 titudo
1034 4433 1086 4492 εει,
1105 4425 1229 4496 quaedem
1243 4424 1415 4497 magnitudo,
1431 4424 1645 4495 quidemdecor,
1664 4439 1737 4494 qum

79 4512 191 4585 quidem
206 4513 250 4568 rel
279 4513 397 4570 necdum
412 4519 484 4577 sunt,
509 4511 553 4568 uel
571 4513 629 4581 jam
656 4526 712 4567 non
727 4519 798 4576 sunt,
820 4510 882 4582 quia
932 4515 995 4571 dam
1011 4513 1193 4586 vox,quidam
1209 4512 1510 4584 odor,quidamsapor,
1521 4510 1646 4583 quaedam
1661 4511 1735 4583 epti·

80 4601 134 4656 nisi
158 4602 324 4657 transeundo
352 4617 407 4657 non
431 4609 504 4656 suut.
531 4600 586 4657 Sed
602 4608 747 4672 antequam
766 4599 883 4654 transire
933 4604 1007 4659 tudo.
1024 4603 1110 4672 Quasi
1125 4601 1250 4673 quaedom
1265 4600 1420 4667 multitudo,
1432 4601 1481 4656 sed
1494 4616 1555 4656 cum
1565 4615 1620 4654 una
1634 4598 1735 4670 simpli-

81 4689 224 4762 incipiant,
239 4690 358 4746 necdum
372 4697 443 4757 suut,
460 4697 562 4745 etcum
577 4689 743 4754 transierint,
756 4688 812 4758 jam
828 4703 884 4743 non
933 4692 1024 4757 citate,
1041 4699 1069 4747 ct
1082 4690 1199 4762 simplici
1219 4690 1329 4757 unitate,
1356 4690 1384 4745 in
1399 4705 1478 4761 quam
1500 4688 1591 4743 nullus
1607 4703 1735 4744 uumerus

81 4786 154 4833 sunt.
173 4779 262 4845 Unde,
278 4778 322 4833 vel
336 4778 444 4850 quando
460 4778 524 4832 mibi
541 4777 636 4840 verba,
653 4777 751 4848 quibus
766 4776 814 4830 tibi
838 4775 883 4848 qui
933 4780 1015 4837 cadit,
1036 4779 1213 4854 Magnitudo,
1230 4779 1280 4834 sed
1308 4778 1367 4834 sine
1390 4777 1547 4851 quantitate,
1564 4791 1645 4848 quam
1661 4775 1735 4831 nulla

81 4866 256 4922 habitatores
266 4866 353 4933 cellae,
367 4865 503 4938 loquendo
513 4866 655 4922 ostendam
667 4865 731 4936 quid
746 4865 781 4920 sit
791 4865 884 4920 Deus?
932 4884 1060 4925 mensura
1075 4866 1291 4939 comprehendit.
1315 4869 1415 4932 Decor,
1436 4881 1517 4937 quem
1533 4864 1606 4920 nulla
1620 4863 1734 4920 offuscat

79 4955 154 5011 Ecce
168 4953 197 5009 in
211 4954 281 5011 cella
296 4955 401 5026 ubsque
415 4954 566 5011 cessatione
590 4955 677 5009 Deum
693 4953 884 5008 ardentissime
933 4957 1101 5013 deformitas.
1119 4958 1189 5025 Vox,
1207 4972 1288 5028 quem
1307 4955 1410 5011 nullum
1430 4954 1497 5025 rapit
1513 4961 1628 5024 tempus.
1647 4952 1731 5020 Odor,

81 5056 169 5106 amas,
186 5043 273 5097 Deum
288 5043 465 5099 devotissime
480 5058 555 5110 oras,
578 5042 611 5097 ud
625 5044 711 5099 Deum
726 5041 884 5097 medullitus
934 5061 1014 5117 quem
1044 5044 1134 5101 nullus
1157 5043 1290 5116 dispergit
1314 5043 1405 5098 llatus.
1426 5042 1522 5113 Sapor,
1547 5057 1629 5112 quern
1644 5040 1734 5112 aliqua

80 5130 225 5202 pervenire
249 5131 409 5198 desideras3
426 5132 476 5187 sed
491 5131 530 5187 sic
558 5131 685 5195 amando,
703 5131 743 5187 sic
767 5129 880 5196 orando,
934 5149 988 5189 non
1012 5133 1107 5188 minuit
1135 5132 1282 5188 comestio.¹
1303 5131 1452 5205 Aptitudo,
1470 5145 1550 5202 quam
1564 5129 1656 5202 aliqua
1679 5144 1734 5185 uon

80 5219 122 5275 sic
133 5219 324 5285 desiderando,
343 5221 407 5292 quid
423 5220 511 5276 Deum
523 5236 584 5275 esse
600 5220 730 5293 cogitas?
745 5219 805 5275 Scis
819 5218 883 5290 quic
934 5222 1097 5280 contaminat
1112 5221 1260 5292 corruptio·

80 5306 229 5363 invisibilis
244 5317 295 5374 est,
311 5324 363 5364 neo
378 5318 419 5364 est
438 5308 529 5380 aliqua
543 5315 669 5364 creatura
684 5306 827 5362 invisibilis
838 5322 884 5362 eo·

80 5411 140 5455 ram
153 5411 187 5451 eo
199 5411 205 5450 :
217 5397 381 5468 principium
401 5397 461 5454 sine
483 5396 628 5468 principio,
645 5394 707 5450 linis
731 5395 789 5450 siue
809 5391 882 5461 irue3
