3742 5986
123 257 176 311 aas
548 252 721 311 cunonis
742 253 768 308 ιι
789 248 995 308 cmmusra
1015 246 1164 305 monus
1184 246 1335 306 emona.
1382 328 1388 335 ,
1735 253 1789 310 aaa

120 379 320 452 praeteritarum
341 379 583 439 conversationum
606 387 633 433 et
659 379 829 432 intemarum
851 373 1069 444 eon-Ajudicio
1082 374 1140 441 illo,
1155 374 1192 428 ud
1209 374 1284 445 quod
1297 374 1360 445 ipsa
1368 374 1591 446 congregabitur
1600 375 1788 447 generiihn.

124 468 300 525 scientiarum
329 468 504 539 aperienlur;
532 474 559 521 et
588 465 783 534 judicabuntur
809 464 921 536 singuli,
970 458 1044 512 mani
1058 459 1241 523 universitas3
1255 459 1292 513 de
1305 464 1408 513 terrore
1418 458 1636 531 judicisinquo
1651 462 1786 532 reprobis

123 556 275 613 secundum
301 556 328 611 id
350 556 424 628 quod
451 556 582 626 scriptum
605 555 744 609 habebunt
765 553 839 607 libri.
864 554 922 607 De·
970 547 1134 617 apparebit:
1150 546 1186 601 de
1207 546 1359 617 prolatione
1381 545 1511 601 terribilis
1532 548 1694 613 senteudae,
1720 566 1784 621 qum

124 644 209 718 pinge
238 660 349 716 quoque
377 645 490 700 virtutes
518 643 649 700 erulorum
672 651 770 705 motas,
794 641 881 697 coelos
894 648 922 695 et
975 633 1391 699 talisen'tztte,matedicti‚t'a
1401 635 1494 705 mnam
1504 637 1784 709 oelemumffluttb.

124 741 215 788 terras
233 733 374 799 ardentes,
390 734 477 803 ipsam
493 747 603 804 quoque
617 731 766 786 terribilem
790 740 817 785 et
829 730 922 785 borri-
968 738 1041 783 nv.
1056 723 1113 790 lli.
1128 721 1232 778 Octava
1250 730 1292 778 cst
1304 723 1341 776 de
1353 722 1496 793 suppliciis
1505 724 1674 779 eorumdem
1684 740 1787 796 repro·

123 821 207 876 bilem
218 837 299 894 quam
310 822 337 875 in
346 820 483 892 reprobos
492 820 630 876 exercebit
647 820 805 879 vindictam.
811 834 921 891 ponens
970 810 1069 865 bibrum
1091 811 1120 865 in
1140 818 1275 866 &leffium
1292 811 1498 877 dsmnalofflmt
1514 811 1551 865 ⁸11
1566 828 1633 884 φιτ,
1655 814 1783 884 pertinet

121 926 167 967 eoa
178 915 211 966 ut
230 911 375 966 clibanum
394 911 470 980 ignia
482 910 651 980 intempore
668 909 764 964 uultur
778 909 834 972 sui,
853 923 921 979 quos
969 898 1015 953 ille
1028 899 1063 954 de
1078 914 1132 970 (1¹¹0
1145 899 1230 954 ΜΒ
1243 899 1319 964 dicit,
1333 899 1408 971 ignis
1419 896 1546 965 wlfeni,
1563 900 1672 956 termis
1687 916 1784 959 corro-

120 998 617 1071 ipreconturbabit,etdeuornbiteoa
627 998 852 1067 imbibantur,
863 996 918 1049 lot.
969 986 1038 1041 dens
1059 987 1125 1055 (lta.
1148 1001 1227 1051 uxvr,
1241 989 1300 1053 ibt,
1316 994 1345 1041 et
1366 987 1509 1057 utriusque
1532 987 1703 1056 aeternitas3
1718 990 1783 1061 quin

120 1086 196 1159 lgnis
217 1086 311 1158 utique
325 1086 371 1157 qui
396 1095 425 1141 ut
453 1085 579 1157 legimus,
605 1101 660 1139 non
674 1084 866 1157 exstinguitur.
885 1083 920 1137 Et
969 1075 1004 1130 de
1014 1074 1061 1129 illo
1073 1074 1174 1130 dicitur
1187 1075 1262 1145 quod
1271 1074 1321 1129 erit
1330 1074 1581 1147 inexstinguibilis3
1598 1075 1782 1134 deistovera

117 1174 203 1229 multa
222 1173 276 1229 alia
287 1174 429 1241 terribilia,
453 1182 481 1229 et
498 1174 649 1239 horribilia,
665 1180 749 1244 atrine
765 1171 918 1237 tremenda,
969 1163 1032 1234 quia
1045 1163 1098 1218 erit
1111 1162 1284 1219 immortalis.

119 1280 182 1335 quae
195 1270 286 1335 potest
313 1262 405 1317 anima
420 1271 557 1333 utcunque
584 1261 754 1332 prat-idere,
782 1275 843 1331 qnae
856 1259 920 1314 huic

120 1352 254 1408 studuerit
280 1350 451 1406 meditationi
478 1350 593 1405 sollicite
613 1358 640 1403 et
666 1348 813 1421 diligenter
826 1348 919 1402 inten·
1221 1357 1421 1414 mmm
1433 1358 1509 1412 m

119 1440 196 1497 dere.
212 1440 273 1495 Jam
288 1454 355 1495 vero
368 1446 432 1510 post
446 1441 505 1495 huc
519 1438 666 1494 circumeat
676 1436 816 1492 meditatio
824 1444 880 1503 tua,
891 1442 919 1490 et

120 1527 293 1601 perambulet
308 1529 513 1584 terramillam
532 1526 720 1590 tenebrosam,
738 1528 766 1581 ct
789 1527 918 1596 opertum
967 1514 1099 1581 Qualiter
1110 1517 1143 1571 in
1165 1518 1263 1572 animo
1283 1517 1455 1571 meditantis
1470 1517 1558 1571 timot·
1570 1519 1705 1588 expetat
1717 1521 1781 1577 ela-

118 1619 221 1674 mertis
230 1616 364 1687 caligine,
375 1620 482 1671 terrum
491 1616 614 1671 mitert'oe
624 1618 652 1669 et
665 1614 858 1677 tenebrarum,
871 1611 918 1666 ubi
1001 1588 1181 1713 mam
1190 1586 1782 1718 Jmiffggztdgenssigitgtlttcsmwgoffiqigi

117 1706 219 1762 umbra
229 1706 329 1760 mortis
343 1708 372 1760 ct
381 1705 481 1759 nullus
490 1703 566 1768 ordo,
587 1702 636 1759 sed
651 1701 956 1786 sempiternusbor-B
1432 1718 1435 1722 -
1770 1703 1777 1717 ·

115 1810 165 1850 ror
179 1794 321 1850 inhabilis!
345 1792 413 1863 (lob,
429 1806 461 1861 Χ,
475 1795 521 1857 Ἃ,
536 1795 593 1861 22).
611 1789 709 1845 Videat
732 1789 760 1843 in
781 1796 855 1843 iem
868 1787 915 1843 illa
1000 1797 1063 1851 lslae
1076 1797 1276 1864 meditationes,
1299 1811 1369 1868 quas
1383 1812 1498 1852 numero
1511 1804 1576 1853 ocio
1590 1798 1642 1853 libi
1658 1800 1710 1872 qui
1725 1801 1778 1857 hg.

117 1898 215 1954 pmnas
230 1890 347 1938 aterum
360 1880 550 1952 reproborum,
566 1880 721 1953 gebennam
740 1876 913 1941 infernalem.
964 1883 1065 1940 bitator
1088 1901 1119 1940 es
1137 1885 1223 1951 cellae,
1247 1886 1450 1956 proposuimus,
1475 1885 1511 1940 ad
1533 1885 1614 1941 illum
1632 1889 1779 1959 pertinent

116 1971 163 2027 ubi
178 1971 251 2044 iguis
278 1971 328 2025 erit
342 1968 585 2041 inexstinguibilis,
601 1967 702 2023 vermis
730 1965 912 2020 immortalis:
962 1973 1148 2029 medicationis
1165 1973 1276 2029 modum
1300 1990 1383 2045 quem
1406 1973 1529 2030 secundo
1542 1974 1608 2030 1000
1621 1977 1777 2048 proposui.

115 2059 304 2115 ubietiamlut
321 2059 466 2114 innumera
480 2057 565 2112 verbo
588 2055 751 2111 brevissimo
763 2053 914 2110 concluda-
962 2078 1033 2127 mus,
1059 2061 1095 2116 da
1121 2077 1176 2134 quo
1199 2062 1281 2117 etiarn
1305 2061 1424 2116 diximus
1444 2061 1518 2134 quod
1541 2063 1652 2118 doloris
1677 2065 1776 2138 gignat

115 2150 188 2217 mus)
203 2145 525 2212 nihiladeritboni,nil1il
537 2144 624 2200 deerit
635 2143 710 2199 mali.
723 2142 915 2199 liecemedita·
962 2164 1075 2204 eausam
1088 2158 1115 2205 et
1131 2150 1247 2205 timoris.
1263 2151 1297 2205 Et
1311 2167 1405 2205 verum
1420 2150 1532 2221 quidem
1546 2150 1673 2207 diximus
1690 2153 1776 2225 :quid

116 2236 205 2291 tiones
215 2244 286 2303 octo,
299 2251 368 2307 quas
381 2234 440 2299 tibi,
453 2234 499 2305 qui
514 2233 650 2288 habitator
660 2248 691 2287 es
701 2231 788 2295 cella,
808 2246 913 2302 propo·
962 2238 1035 2293 enim
1052 2238 1079 2292 in
1095 2238 1211 2309 singulis
1224 2246 1288 2295 octo
1301 2238 1344 2292 bis
1358 2238 1431 2293 aliud
1444 2239 1552 2293 animus
1561 2238 1673 2296 invenit
1682 2242 1773 2296 medi-

116 2324 157 2379 sui
168 2344 176 2392 ;
186 2340 235 2379 sex
247 2323 357 2395 quidem
370 2323 397 2377 iu
421 2321 538 2393 capitulo
562 2320 738 2392 praecedenti,
753 2319 821 2373 duas
846 2334 913 2374 vero
963 2326 1054 2393 tantis,
1071 2342 1153 2398 quam
1168 2327 1241 2398 quod
1255 2326 1336 2381 validi
1354 2327 1380 2382 ei
1395 2326 1501 2381 timoris
1515 2342 1632 2383 eausam
1649 2329 1774 2386 mmo.

114 2413 142 2468 in
166 2415 218 2469 hoc
230 2412 364 2484 sequenti.
381 2411 411 2466 ln
426 2412 476 2465 has
486 2425 554 2465 vero
568 2417 631 2465 octo
643 2408 836 2463 meditationes
846 2406 911 2462 illud
961 2430 1079 2487 nemque
1098 2415 1202 2487 gignat,
1219 2422 1246 2470 et
1260 2414 1388 2470 doloris?
1402 2415 1465 2470 lstae
1479 2423 1542 2469 sunt
1559 2417 1769 2488 meditationes,

113 2501 264 2559 secundum
279 2500 485 2557 meditationum
496 2514 585 2571 genus
607 2497 746 2565 dividitur,
758 2496 787 2551 in
806 2510 861 2567 quo
875 2495 912 2549 ti·
962 2520 1023 2574 quae
1045 2511 1164 2559 mmmm
1190 2519 1254 2558 cum
1276 2503 1317 2559 eis
1337 2503 1485 2576 diligenter
1507 2503 1680 2571 {ntandei-513
1698 2522 1769 2577 pun.

112 2591 199 2646 moris
212 2591 406 2661 paritercausa
420 2587 544 2644 consistit
558 2594 585 2642 et
599 2586 714 2641 doloris.
731 2585 787 2640 lias
802 2599 911 2655 quoque
960 2600 1029 2664 gunt
1041 2600 1067 2646 et
1080 2591 1244 2663 percutiunt,
1258 2591 1404 2647 verberant
1417 2599 1443 2645 et
1457 2591 1609 2664 flagellant,
1625 2593 1770 2649 vulnerant

112 2678 304 2735 medilsliffltes
319 2685 390 2743 ⁰⁰l⁰‚
406 2677 567 2746 ῐθβθῑῑῐῐθῦθ
577 2673 703 2729 ⁸⁹0¹¹¹¹¹¹¹¹³
717 2672 911 2743 c⁰¹¹¹1><³¹1ffl⁰sa
960 2688 988 2735 et
1005 2680 1136 2747 cruciant,
1157 2679 1191 2733 ad
1211 2679 1449 2750 compunctionem
1462 2688 1616 2750 provocant
1630 2688 1661 2736 et
1675 2681 1711 2736 ad
1725 2681 1767 2738 la·

112 2782 250 2833 enarrare,
269 2772 298 2820 ut
312 2781 361 2820 eas
375 2772 403 2819 et
423 2764 524 2819 arctius
543 2763 572 2817 iu
593 2762 726 2817 memoria
740 2760 867 2825 retinere,
883 2768 910 2816 et
959 2779 1068 2836 emanas
1083 2763 1214 2819 excitant.
1240 2763 1319 2819 Dolet
1334 2764 1434 2835 quippe
1448 2780 1530 2835 supra
1544 2765 1662 2820 modum
1678 2766 1766 2822 anima

112 2872 176 2912 curn
194 2853 312 2910 volueris
326 2853 396 2908 intra
414 2860 442 2907 te
461 2852 552 2922 possis
574 2850 726 2905 revolvere.
741 2848 833 2904 Prima
847 2857 908 2916 est;
959 2853 1002 2908 his
1017 2853 1089 2907 intra
1104 2867 1133 2908 se
1143 2852 1365 2908 meditationibus
1374 2852 1704 2925 diligenteriutendens3
1718 2855 1766 2911 do·

112 2944 147 3000 de
162 2943 254 2999 multis
278 2948 409 3014 quantum
434 2940 469 2995 ad
485 2955 535 2996 nos
557 2939 662 3010 absque
686 2953 810 3004 numero,
830 2944 855 2992 et
874 2937 910 2992 de
959 2941 995 2997 let
1010 2942 1120 3013 inquam
1143 2948 1171 2996 et
1184 2941 1268 2996 timet.
1290 2941 1371 2996 Dolet
1393 2940 1518 3008 multum,
1544 2942 1612 3012 quia
1633 2958 1667 2998 se
1685 2942 1765 2998 sentit

112 3032 223 3104 magnis
237 3012 296 3087 sine
311 3045 439 3086 mensura
458 3028 628 3097 excessibus,
644 3043 713 3100 quos
736 3033 761 3082 et
777 3026 803 3080 in
819 3034 908 3081 mente
919 3073 944 3136 0
957 3029 986 3085 in
1000 3029 1128 3101 prasenti
1146 3029 1203 3101 pati
1218 3037 1273 3085 tarn
1289 3029 1406 3102 gravia3
1422 3030 1473 3085 sed
1486 3028 1576 3102 magis
1595 3029 1687 3097 timet,
1701 3030 1764 3103 quit

112 3128 139 3177 et
154 3121 181 3175 in
196 3136 276 3177 carne
299 3118 492 3174 damnabiliter
514 3115 709 3173 commisimus.
724 3114 859 3184 Secunda,
874 3114 909 3169 de
959 3117 1086 3174 formidat
1099 3134 1134 3173 ne
1147 3119 1176 3173 iu
1190 3117 1281 3173 futuro
1301 3117 1419 3189 patiatur
1432 3117 1513 3173 valde
1526 3118 1671 3189 graviora.
1688 3120 1763 3175 lluuc

112 3208 240 3273 miseriis,
255 3223 316 3279 quae
338 3215 363 3262 et
377 3207 444 3278 ipsae
468 3221 625 3261 mensuram
654 3204 835 3270 excedunt,et
856 3218 909 3257 nu·
959 3206 987 3261 in
1001 3222 1032 3262 se
1045 3206 1141 3261 habuit
1161 3205 1286 3261 dolorem
1310 3213 1337 3261 et
1352 3206 1489 3274 umorem,
1504 3205 1551 3278 qui
1566 3221 1723 3264 concussus
1736 3215 1763 3263 et

112 3312 218 3352 merum
234 3311 288 3352 non
303 3294 455 3362 admittunt,
473 3310 541 3367 siuas
555 3293 583 3348 in
598 3292 682 3349 corde
699 3300 726 3348 et
748 3291 774 3346 in
793 3306 909 3362 corpore
958 3302 1148 3366 compunctus,
1163 3293 1202 3348 illi
1217 3293 1330 3349 terribili
1341 3293 1427 3362 judici
1446 3295 1499 3350 boc
1512 3292 1626 3351 dicebat
1645 3310 1652 3350 :
1672 3297 1705 3352 ln
1719 3311 1762 3352 me

112 3385 294 3452 sustinemus;
310 3393 365 3440 mm
388 3383 443 3439 illis
454 3400 515 3455 qum
525 3382 559 3438 ad
574 3382 681 3453 culpam
695 3380 832 3452 pertinent
856 3395 909 3451 qua
960 3386 1140 3441 transierunt
1153 3385 1206 3439 ἱνα
1216 3387 1283 3449 tuoe,
1295 3386 1324 3438 et
1332 3387 1453 3440 terrores
1461 3384 1507 3438 tui
1516 3383 1763 3442 conturbaverunt

110 3473 266 3547 polluimur,
282 3488 365 3546 quum
390 3489 452 3543 qua
479 3471 514 3526 ad
532 3486 640 3543 pennam
666 3485 718 3542 qua
743 3469 906 3526 cruciamur.
958 3489 1004 3528 me
1020 3473 1107 3543 (Psoi.
1132 3486 1262 3537 cxxxvii,
1288 3473 1342 3541 tr).
1368 3472 1516 3542 Postquam
1530 3470 1581 3527 irae
1595 3487 1657 3528 suae
1670 3472 1699 3527 in
1711 3486 1762 3528 nos

110 3562 203 3619 Tertia
217 3570 268 3629 est,
285 3561 319 3618 de
340 3559 534 3628 secretissima,
552 3558 735 3624 severissima,
747 3566 773 3613 et
787 3557 815 3612 in
827 3565 909 3613 aeter·
958 3560 1131 3627 transiemnt‚
1155 3567 1275 3615 terrores
1289 3559 1370 3615 etiam
1384 3559 1427 3615 sui
1441 3574 1493 3615 nos
1506 3560 1685 3628 conturbant,
1700 3559 1761 3632 quia

110 3651 195 3707 nitate
226 3649 401 3705 immobiliter
427 3646 480 3703 fixa
518 3646 762 3712 animadversione,
779 3661 834 3717 qua
862 3644 908 3700 ille
957 3663 1020 3705 cum
1034 3665 1114 3721 supra
1138 3648 1247 3704 modurn
1271 3647 1351 3703 nobis
1365 3647 1509 3703 videantur
1522 3646 1594 3703 dura
1609 3665 1675 3720 quae
1688 3664 1760 3705 nuuc

110 3738 240 3795 terribilis
263 3746 347 3810 super
370 3735 442 3792 filios
468 3736 619 3800 hominum,
641 3735 730 3803 justus
745 3741 772 3788 et
785 3733 908 3789 oculatus
957 3738 1114 3803 toleramus,
1131 3737 1276 3793 metuimus
1298 3752 1408 3808 quoque
1427 3752 1463 3792 ne
1481 3734 1660 3809 exigentibus
1673 3736 1760 3809 culpis

109 3834 190 3898 atque
201 3825 341 3882 districtus
353 3825 436 3894 judex
452 3825 526 3879 Deus
539 3822 636 3896 vigilat
656 3838 741 3893 snper
754 3829 907 3878 creatumm
957 3826 1070 3893 nostris,
1085 3825 1121 3881 ad
1140 3825 1279 3882 toleranda
1294 3824 1322 3880 in
1335 3823 1389 3880 line
1404 3824 1463 3880 sine
1477 3825 1530 3880 line
1546 3824 1633 3898 longe
1648 3825 1761 3883 duriora

109 3913 301 3971 rationabilem
315 3912 482 3983 reprobum;
499 3927 581 3983 quam
602 3919 629 3966 et
643 3911 678 3965 ab
692 3919 793 3966 aterno
808 3925 907 3981 repro-
957 3914 1158 3985 perveniamus.
1173 3915 1227 3969 Iste
1241 3912 1425 3968 meditationis
1440 3913 1549 3982 modus,
1566 3929 1651 3985 quem
1661 3913 1689 3970 in
1698 3922 1761 3971 octo

109 4003 165 4069 bat,
178 4011 204 4058 et
214 4004 242 4058 in
256 4010 385 4058 aeternum
400 4000 521 4057 damnat.
538 4001 569 4055 ln
583 4014 637 4071 qua
652 3997 828 4054 meditatione
855 3998 907 4054 de·
957 4003 1054 4059 modos
1067 4002 1221 4069 divisimus,
1238 4001 1287 4057 tibi
1301 4001 1347 4074 qui
1361 4001 1545 4058 habitatores
1559 4001 1650 4070 cellae,
1664 4018 1760 4075 quem·

109 4091 305 4164 prehendimus
319 4106 369 4146 nos
383 4104 437 4145 non
452 4088 557 4160 absque
575 4087 674 4161 grandi
694 4087 792 4143 timore
806 4094 834 4142 et
848 4094 906 4141 ter·
957 4091 1021 4147 dam
1034 4092 1082 4146 dat
1095 4091 1211 4164 ignitum
1230 4091 1332 4146 sentire
1347 4088 1476 4146 affectum
1490 4107 1497 4157 ;
1513 4089 1584 4147 sicut
1597 4091 1759 4162 praecedens

109 4195 172 4237 rore
183 4180 325 4254 ignorare,
337 4179 364 4233 in
380 4177 488 4250 quavis
501 4177 606 4233 habitet
618 4176 675 4242 lux,
690 4183 717 4231 et
733 4175 905 4232 tenebrarum
955 4180 1011 4247 ille,
1028 4180 1064 4237 ad
1084 4179 1248 4235 luminosum
1271 4179 1417 4251 quemdam
1431 4187 1458 4234 et
1472 4178 1639 4251 preclarum
1652 4186 1679 4235 tc
1693 4195 1758 4252 per-

108 4269 170 4341 quis
185 4269 321 4335 incussit,
337 4275 363 4324 et
393 4265 503 4323 nescire
542 4273 634 4321 utrum
649 4280 744 4321 amore
772 4265 857 4319 simus
871 4280 906 4318 an
955 4268 1028 4325 ducit
1042 4256 1218 4325 intellectum}
1242 4268 1354 4324 Etcum
1368 4276 1481 4339 uterque
1495 4267 1596 4323 modus
1610 4268 1758 4324 sitadrno·

108 4358 172 4414 odio
185 4357 271 4428 digni.
289 4355 391 4425 Quarta
412 4371 522 4428 quoque
537 4362 579 4411 est
599 4354 634 4410 de
664 4353 710 4409 illa
730 4352 905 4409 resolutionis
955 4359 1019 4414 dum
1033 4358 1131 4425 bonus,
1157 4356 1247 4430 magis
1269 4356 1318 4412 tibi
1342 4356 1393 4412 iste
1418 4365 1461 4413 est
1483 4357 1669 4425 necessarius,
1696 4357 1758 4430 quia

107 4447 177 4502 bore
189 4444 313 4512 terribili,
331 4444 358 4498 in
381 4460 435 4515 qua
449 4459 549 4515 corpus
577 4443 612 4497 ab
636 4442 728 4498 anima
747 4449 774 4498 el
787 4434 941 4496 animamD
955 4447 1001 4502 ille
1014 4446 1124 4519 quidem
1140 4453 1165 4502 te
1189 4445 1308 4512 instruit,
1326 4445 1376 4501 sed
1389 4443 1441 4501 istc
1456 4452 1482 4500 te
1500 4443 1602 4513 afficit3
1618 4445 1665 4503 ille
1680 4444 1758 4518 quasi

108 4548 253 4606 acor1mre
269 4532 408 4604 continget
418 4533 548 4603 separari.
566 4530 666 4599 Quinta
676 4539 717 4586 est
726 4530 761 4586 de
775 4529 905 4586 manses·
953 4536 1052 4591 multas
1066 4534 1175 4590 divitias
1198 4533 1326 4601 ostendit,
1343 4533 1395 4589 iste
1408 4548 1474 4589 vero
1488 4533 1522 4588 ad
1538 4549 1635 4589 earum
1648 4542 1675 4589 te
1689 4548 1757 4606 pos·

106 4623 206 4679 tutione
217 4622 314 4678 anima
328 4629 393 4678 ante
406 4620 526 4676 tribunal
536 4619 654 4691 judicis3
670 4618 780 4691 quando
790 4618 853 4675 talis
867 4618 904 4674 ibi
954 4624 1105 4680 sessionem
1127 4622 1263 4694 perducit.
1280 4622 1350 4678 Vide
1369 4621 1431 4694 quia
1449 4622 1494 4677 ille
1510 4621 1565 4678 dici
1578 4622 1659 4679 dives
1674 4622 1756 4680 debet

107 4711 327 4785 praesentatibur,
337 4708 426 4783 qualis
435 4709 499 4765 hinc
508 4708 668 4782 egredietur
683 4724 691 4764 ι
707 4707 751 4764 cui
760 4706 904 4779 apparebit
953 4712 999 4784 qui
1013 4711 1122 4769 divitias
1143 4710 1243 4766 multas
1257 4710 1391 4782 possidet,
1406 4725 1460 4765 non
1475 4718 1566 4766 autern
1582 4710 1631 4767 illc
1644 4711 1693 4783 qui
1708 4726 1756 4766 eas

107 4807 134 4856 ct
147 4799 244 4866 hostis,
271 4799 305 4854 dc
326 4796 454 4854 omnibus
473 4812 533 4852 eam
549 4812 610 4868 quae
634 4795 770 4853 commisit
791 4795 901 4865 illicitis,
953 4801 1124 4857 solummodo
1146 4801 1218 4869 (cum
1233 4798 1288 4854 sint
1308 4798 1431 4865 alterius,
1455 4806 1481 4854 et
1502 4814 1559 4854 nou
1582 4798 1654 4871 sua)
1668 4798 1756 4857 oculis

106 4904 168 4961 quae
182 4904 232 4959 per
246 4885 433 4959 paenitentiam
449 4883 685 4942 etconiessionem
701 4893 726 4941 et
742 4883 904 4940 salisiactio·
953 4889 1035 4946 videt.
1061 4889 1100 4944 lbi
1114 4887 1247 4960 percipies
1262 4887 1415 4953 scientiam,
1433 4887 1477 4943 hic
1491 4895 1582 4942 autern
1598 4887 1753 4959 sapieutla;

106 4992 169 5031 nem
183 4976 271 5031 deleta
286 4991 342 5031 uon
362 4982 433 5041 sunt,
459 4990 615 5031 accusans:
633 4982 660 5030 et
682 4972 848 5030 conscientia
869 4973 903 5028 iis
951 4977 989 5033 ibi
1003 4985 1031 5032 ut
1052 4976 1229 5050 agnoscendo
1252 4975 1333 5044 scias,
1350 4983 1377 5031 et
1400 4975 1512 5032 sciendo
1526 4990 1689 5048 agnoscas3
1713 4976 1755 5032 bie

107 5070 250 5132 attestans,
273 5071 300 5119 et
318 5064 377 5135 ipse
402 5064 486 5133 iudex
521 5062 669 5119 secundum
689 5078 739 5118 sua
767 5063 792 5117 ei
804 5063 903 5116 merita
951 5073 1086 5122 autemut
1105 5064 1225 5120 timendo
1241 5064 1345 5131 doleas,
1371 5071 1397 5119 et
1410 5063 1529 5120 dolendo
1540 5063 1654 5120 timeas.
1675 5063 1755 5135 Quod

105 5151 238 5208 reddens.
259 5152 340 5208 Sexta
354 5150 476 5223 prolecto
490 5159 532 5207 est
546 5151 580 5206 de
595 5166 628 5207 eo
652 5151 725 5222 qnod
740 5157 902 5206 evacuatum
951 5152 989 5208 ibi
1012 5161 1063 5222 est,
1080 5153 1159 5225 quasi
1181 5153 1298 5209 tenuiter
1312 5151 1415 5225 fragrat
1429 5152 1458 5206 iu
1472 5150 1581 5220 olfactu,
1599 5154 1675 5224 quod
1690 5169 1754 5212 vero

104 5241 194 5297 anima
213 5256 313 5313 corpus
329 5240 475 5311 sepulturae
488 5240 614 5308 traditur,
629 5246 702 5295 terra
717 5247 796 5295 terroe
824 5253 902 5294 com·
950 5241 995 5297 hic
1010 5249 1060 5312 cst,
1081 5242 1161 5313 plene
1175 5242 1246 5313 sapit
1259 5242 1288 5297 in
1302 5249 1399 5314 gustu.
1422 5240 1465 5296 llli
1480 5240 1634 5308 intendere,
1647 5241 1703 5297 nisi
1718 5242 1754 5298 si·

102 5328 260 5396 mendatur,
274 5328 343 5386 ciuis
366 5328 395 5383 in
409 5329 530 5384 cinerem
546 5326 702 5394 revertitur,
719 5342 784 5383 curo
798 5326 901 5382 vermi·
950 5330 1051 5386 militer
1073 5329 1199 5385 intendas
1219 5338 1246 5385 et
1268 5329 1321 5396 isti,
1345 5328 1527 5400 periculosum
1543 5336 1587 5384 est
1605 5327 1677 5399 tibi;
1692 5330 1755 5403 quia

89 5416 157 5493 ¹bus
171 5433 236 5476 esca
245 5418 336 5485 datur,
351 5415 379 5471 in
393 5416 565 5488 putredinem
579 5414 715 5489 redigitur
727 5423 790 5488 post
805 5422 901 5487 putre·
949 5418 996 5474 ille
1011 5433 1207 5491 nonuunquam
1229 5417 1400 5487 administrat
1422 5417 1579 5483 clationem,
1601 5416 1753 5475 bisantem

88 5503 197 5561 dinem
211 5504 411 5576 abjectissimus
424 5502 515 5578 pulvis
528 5502 654 5562 efficitur.
679 5504 801 5577 Septima
816 5503 900 5561 estde
950 5522 1059 5579 semper
1071 5506 1258 5574 bumilitatem,
1274 5521 1339 5563 nam
1354 5504 1468 5562 scientia
1481 5504 1566 5573 indat,
1587 5513 1618 5563 et
1630 5506 1754 5582 cognitio

101 5591 227 5665 generali
252 5593 448 5650 resurrectione
471 5599 648 5661 mortuorum,
668 5600 696 5649 et
710 5592 744 5650 dc
758 5592 901 5650 tremendo
949 5602 1069 5653 mentem
1082 5594 1199 5652 inaniter
1211 5595 1313 5651 exaltat
1329 5610 1336 5650 ι
1353 5593 1431 5651 dolor
1444 5607 1519 5661 vero,
1533 5592 1600 5649 dum
1615 5609 1753 5670 compun-
