3742 5986
106 203 155 258 stt
525 203 696 262 GUIGONIS
715 205 726 259 l
746 201 950 261 CARTHUSIAE
967 200 1114 260 remonis
1133 199 1273 260 tutonis
1291 202 1325 257 V.
1696 198 1750 254 632

104 322 184 379 nobis
207 324 330 379 sustinuit
350 324 478 392 acriores,
504 332 531 381 et
555 333 671 382 mortem
700 333 793 382 contra
816 325 937 385 uitamA
950 324 1039 396 ipsum
1062 323 1112 381 Dei
1129 323 1247 399 Verbum
1266 328 1293 379 et
1316 317 1454 392 Sapientia
1481 316 1641 390 tripliciter,
1655 317 1685 372 id
1708 323 1751 374 est

104 410 295 484 vegetabilem,
312 421 338 467 et
353 413 472 478 ,vulnera
493 422 587 469 contra
607 413 694 484 ipsam
716 428 833 469 carnem.
861 411 904 468 nd
954 413 1141 479 sacramentis,
1158 411 1247 468 verbis
1262 407 1437 479 etexemplis,
1449 405 1673 480 quidagendum,
1684 404 1752 478 quid

11 515 13 519 ¹
104 500 234 554 mundum
248 507 339 555 autem
353 507 454 555 tantam
471 500 652 568 sobrietatem,
675 509 834 571 tantumque
855 500 903 554 ba·
953 500 1131 569 tolerandum,
1147 508 1174 554 et
1188 515 1236 570 per
1251 497 1316 570 quid
1330 502 1404 553 esset
1413 494 1541 551 ostendit.
1553 494 1615 549 Non
1625 493 1752 550 enimse·

106 587 162 641 buit
183 595 377 658 contemptum,
402 594 431 642 ιιι
455 603 510 643 non
533 588 655 644 habuerit
680 587 763 643 Filius
785 586 903 643 hominis
953 588 998 659 qui
1026 588 1107 643 homo
1139 586 1257 642 debebat
1281 585 1333 641 nisi
1357 585 1454 650 Deum,
1479 596 1531 640 nec
1553 588 1672 653 poterat,
1697 579 1751 635 nisi

106 674 152 728 ubi
166 674 263 730 saltem
278 681 358 746 caput
372 674 518 731 reclinaret
536 691 624 730 suurn.
641 675 685 730 Nil
708 675 743 730 ab
767 673 902 730 interiori-
951 674 1103 730 bominem.
1131 676 1292 744 Assumptus
1316 677 1359 726 est
1370 670 1454 744 igitur
1468 670 1550 725 homo
1564 675 1603 735 ut,
1620 668 1688 724 dum
1702 683 1750 723 se-

106 761 167 828 bus,
184 761 250 817 nihil
265 777 282 816 a
295 762 403 829 mediis,
420 764 468 818 sed
482 768 565 819 totum
581 761 801 834 asuperioribus,
818 762 904 818 idest
953 761 1043 834 quitur
1058 777 1140 833 quem
1162 767 1261 833 potest,
1285 766 1414 831 sequatur
1427 765 1454 814 et
1468 771 1548 829 quem
1564 754 1660 811 debet.
1680 755 1749 811 item

105 848 156 904 Dei
170 849 270 917 Verbo,
286 850 327 906 cui
343 850 377 904 ad
391 850 522 906 unitatem
544 866 668 922 persona
690 850 834 919 conjuncta
848 855 900 915 est,
951 865 1006 905 non
1018 855 1123 921 poterat
1146 847 1310 905 conformari
1329 846 1382 902 nisi
1405 846 1474 913 Deo,
1488 843 1534 922 ¹ad
1546 843 1623 913 cujus
1642 841 1749 914 imagi·

105 936 234 1007 suscepit.
249 937 310 992 Non
329 937 518 1004 sacramentis,
534 952 589 992 non
613 937 713 1003 uerbis,
737 951 793 992 non
807 952 902 991 exem·
951 952 1015 994 nem
1046 936 1132 993 factus
1154 943 1213 1004 est;
1229 951 1280 992 nec
1302 940 1409 1007 poterat
1428 931 1481 987 nisi
1511 929 1624 988 homiui.
1651 930 1749 1001 ltaque

104 1023 167 1094 plis,
184 1024 233 1079 sed
248 1024 297 1079 Dei
311 1025 498 1080 tantummodo
512 1023 594 1081 Verbi
608 1024 753 1095 prasentia
768 1030 809 1078 est
823 1024 902 1079 docta
951 1026 1025 1082 Deus
1039 1024 1125 1081 iactus
1140 1032 1180 1080 est
1195 1024 1286 1089 bomo,
1307 1031 1346 1088 ut,
1361 1022 1425 1077 dum
1440 1019 1627 1077 conformatur
1641 1017 1748 1074 homini

104 1118 133 1168 ιιι
147 1111 319 1185 intelligeret,
336 1119 362 1169 et
377 1127 494 1169 accensa
507 1120 536 1168 ut
546 1119 662 1168 amaret.
681 1113 733 1167 Per
747 1127 807 1167 eam
822 1111 902 1166 nobis
951 1109 996 1166 cui
1008 1116 1106 1181 potest,
1123 1107 1306 1164 conformetur
1319 1113 1346 1162 et
1359 1106 1428 1174 Deo,
1444 1102 1489 1161 oui
1502 1102 1628 1176 prodest.

691 1463 1155 1614 GUIGONIS

331 1763 694 1861 onnruusrm
734 1763 993 1862 ulturus
1031 1760 1279 1859 aaronis
1308 1759 1519 1876 aurum

554 2007 1300 2140 CONSUETUDINES.

164 2276 298 2346 (Annales
313 2276 420 2333 ordinis
438 2276 655 2345 Cortboaicmis,
672 2282 782 2336 curante
797 2276 830 2331 D.
847 2274 1005 2334 Innocentio
1020 2274 1179 2340 Lautssors,
1195 2271 1328 2330 currerim
1344 2275 1422 2341 lost,
1437 2276 1484 2333 iul.
1501 2283 1520 2332 t.
1537 2276 1558 2343 l,
1573 2291 1603 2348 p.
1619 2276 1682 2346 ιθ.)

744 2473 1104 2572 MONITUM·

605 2700 659 2763 AD
681 2697 870 2760 FRATRES
893 2695 1244 2768 CARTHUSOENSES.

141 3051 290 3120 Antequam
301 3047 335 3103 ad
346 3046 555 3102 elucidationem
573 3052 599 3102 et
609 3045 815 3117 explicationem
830 3045 941 3111 Con-B
955 3044 1030 3112 estis,
1047 3059 1231 3117 necunquam
1247 3045 1281 3100 ab
1298 3044 1369 3100 avita
1379 3044 1748 3101 cannusiensiobservantia

106 3135 278 3193 suetudinem
292 3136 325 3191 ll.
341 3133 427 3190 Patris
450 3133 583 3206 Guigonis
604 3133 790 3200 deveniamus,
814 3133 901 3189 debe·
951 3132 1146 3205 degenerandi.
1156 3132 1305 3189 censorum
1314 3139 1391 3188 notas
1399 3132 1572 3204 praeviderat,
1581 3132 1750 3190 reverendus

105 3241 166 3279 mus
180 3231 207 3279 et
221 3238 272 3279 nos
293 3223 329 3278 ad
351 3221 530 3277 imitationem
554 3221 619 3276 tanti
642 3221 693 3278 uiri
716 3236 802 3292 pauca
823 3222 901 3278 uobis
951 3222 1032 3278 Pater
1047 3220 1146 3292 Guigo‚
1162 3229 1189 3277 et
1213 3219 1283 3277 forte
1299 3221 1354 3290 jam
1374 3219 1432 3276 suis
1445 3220 1611 3292 temporibus
1621 3227 1751 3292 expertus

104 3311 241 3384 proloqui,
256 3318 286 3367 ιιι
299 3309 447 3381 perfectius
465 3309 576 3381 possitis
590 3309 744 3382 intelligere
758 3317 814 3365 tum
828 3326 902 3365 men·
952 3317 1017 3376 erat,
1040 3317 1120 3380 atque
1134 3308 1196 3364 ideo
1221 3316 1328 3365 teneras
1347 3309 1482 3364 bonorum
1501 3306 1746 3364 carthusianorum

105 3408 159 3456 tem
170 3398 297 3465 auctoris,
309 3406 366 3453 tum
377 3397 497 3469 suscepti
506 3413 523 3453 a
532 3397 611 3453 nobis
621 3398 712 3468 operis
721 3397 900 3468 propositum,
951 3397 1141 3465 conscienttas,
1158 3412 1194 3453 ne
1208 3396 1273 3452 inde
1286 3396 1314 3450 in
1328 3395 1470 3468 scrupulos
1484 3395 1652 3466 deciderent,
1666 3395 1750 3452 autin

105 3489 169 3544 dum
188 3488 255 3543 istas
273 3485 499 3554 consuetudines,
524 3502 585 3555 quae
607 3501 678 3541 nunc
701 3484 784 3556 uulgo
803 3493 902 3542 statuta
951 3485 1033 3540 animi
1046 3484 1248 3557 perplexitates,
1263 3492 1360 3542 contra
1374 3483 1483 3539 illorum
1492 3483 1615 3556 argutias
1628 3499 1750 3556 praemu-

107 3583 249 3643 uocantur,
265 3574 311 3630 hic
325 3574 429 3630 reterre
444 3580 470 3628 et
485 3573 519 3628 de
532 3588 604 3629 novo
614 3573 731 3644 imprimi
746 3587 883 3629 curamus.
951 3574 1011 3629 nire
1028 3573 1121 3639 voluit,
1146 3581 1176 3628 ιιι
1198 3589 1232 3629 ex
1254 3572 1335 3629 variis
1352 3571 1421 3628 lucis
1444 3571 1523 3628 vobis
1544 3571 1696 3643 apparebit,
1722 3579 1750 3629 et

142 3664 272 3734 Quisocit
282 3659 667 3726 veritatemvsnitudlucem,
676 3664 902 3731 utmcnisesteo·
951 3661 1068 3717 maxime
1083 3676 1116 3716 ex
1130 3675 1190 3732 cap.
1206 3664 1250 3728 20,
1266 3668 1340 3717 etex
1354 3674 1414 3730 cap.
1425 3662 1470 3729 57,
1481 3675 1509 3715 n.
1521 3662 1548 3715 t.
1560 3667 1587 3720 ιιι
1597 3658 1659 3716 aliis
1668 3659 1748 3716 locis.

107 3747 804 3821 toroperoetasttoan.111).flacergochristivoce
818 3748 902 3804 edoc·
986 3748 1088 3819 Tertio,
1104 3756 1133 3803 ut
1147 3748 1256 3804 tandem
1271 3747 1406 3803 terrorem
1419 3763 1435 3801 a
1449 3745 1571 3818 pluribus
1586 3754 1751 3818 conceptum

105 3837 124 3891 ti
138 3844 166 3892 et
178 3834 281 3890 invitati
290 3835 447 3890 thesaurum
462 3840 593 3901 nostmm,
605 3835 634 3889 id
643 3841 685 3890 est
692 3835 780 3905 prima
790 3835 902 3890 instituti
951 3843 978 3893 et
991 3837 1065 3892 uarie
1079 3836 1226 3892 exhibitum
1241 3835 1315 3892 circa
1329 3834 1441 3907 antiqua
1455 3833 1558 3890 ordinis
1568 3842 1667 3890 statuta
1673 3849 1751 3892 com·

105 3922 192 3978 nostri
214 3920 367 3976 rudimenta
384 3929 412 3977 et
434 3921 597 3977 documenta
618 3921 700 3977 veluti
724 3922 758 3977 de
784 3922 902 3978 tenebris
952 3939 1105 3997 pascamus,
1121 3939 1236 3995 quorum
1259 3923 1342 3995 aliqui
1363 3939 1395 3979 ex
1418 3922 1574 3989 deuotione,
1600 3937 1683 3993 quam
1696 3922 1745 3977 ha·

104 4011 236 4081 eruimus,
251 4025 286 4065 ne
300 4008 376 4065 illum
390 4007 558 4066 abscondere
583 4009 653 4067 uelle
667 4009 738 4066 ultra
749 4009 900 4078 uideamur,
951 4012 1016 4067 beat
1039 4027 1107 4083 erga
1129 4011 1260 4077 ordinem,
1283 4010 1407 4082 quasdam
1428 4009 1595 4082 exemplaria
1608 4025 1624 4066 e
1639 4009 1749 4067 cellulis

104 4100 148 4156 his
161 4097 313 4171 prasertim
332 4096 366 4153 de
380 4096 473 4153 causis
488 4113 495 4151 :
951 4100 1051 4156 nostris
1065 4099 1181 4165 sublata,
1206 4113 1308 4172 magno
1322 4097 1411 4169 pretio
1424 4104 1441 4154 ι
1455 4096 1653 4154 mercatoribus
1667 4113 1748 4154 ema

139 4186 238 4255 Primo,
254 4192 283 4240 ut
301 4184 335 4240 sit
348 4185 428 4240 vobis
441 4183 524 4240 veluti
547 4184 659 4241 lucerna
680 4200 796 4242 accensa
808 4193 835 4242 et
849 4201 901 4257 po·
951 4194 1023 4253 mut,
1040 4187 1112 4243 illius
1135 4186 1219 4244 veluti
1242 4187 1377 4242 elementa
1399 4193 1426 4241 et
1439 4185 1493 4257 ipsi
1508 4200 1591 4241 nosse
1605 4185 1749 4257 cupientes

104 4275 156 4330 sita
170 4289 251 4344 super
265 4272 470 4339 candelabrum,
486 4273 563 4342 cujus
587 4273 718 4330 beneficio
731 4275 842 4346 possitis
857 4275 901 4329 in-
952 4275 998 4330 alii
1012 4290 1076 4330 vero
1090 4291 1123 4331 ex
1138 4274 1205 4345 ipsis
1230 4273 1346 4344 antiquis
1361 4273 1466 4328 statutis
1480 4279 1573 4329 contra
1586 4280 1750 4343 presentem

104 4361 182 4427 strui,
199 4361 290 4433 dirigi,
301 4370 326 4416 et
341 4361 465 4417 accendi.
476 4361 574 4415 lustrui
590 4362 624 4417 de
633 4362 782 4433 primorum
797 4362 901 4419 ordinis
917 4370 1054 4456 ostatum
1088 4362 1191 4419 ordinis
1219 4360 1343 4417 sinistras
1366 4360 1508 4433 opiniones
1534 4360 1587 4417 sibi
1614 4359 1749 4418 formaue-

102 4448 213 4504 Petrum
227 4447 356 4520 religiosa
366 4448 594 4516 conversatione3
611 4449 692 4521 dirigi
705 4451 732 4505 in
749 4456 902 4509 uestraevo
953 4458 1022 4507 runt.
1056 4512 1058 4515 ,

102 4535 216 4592 cationis
230 4535 410 4606 adimplendae
424 4536 506 4591 modo
521 4542 549 4590 et
572 4534 701 4592 fidelitate
713 4556 720 4603 3
736 4538 849 4593 accendi
874 4539 902 4594 in
988 4538 1068 4608 Quod
1083 4553 1151 4612 ergo
1166 4537 1366 4610 quodammodo
1380 4537 1489 4607 latebat,
1500 4536 1641 4608 publicum
1655 4536 1750 4594 reddi·

102 4623 208 4680 illorum
220 4621 376 4678 imitationis
386 4629 413 4679 et
425 4622 563 4677 charitatis
573 4638 627 4678 non
637 4623 705 4679 frctae
720 4626 900 4683 aemulatione.
952 4643 1023 4696 mus,
1039 4643 1074 4682 ne
1090 4627 1160 4681 ultra
1183 4625 1363 4697 quorumdam
1378 4625 1482 4681 animos
1497 4625 1592 4680 subeat
1605 4625 1750 4682 temeraria

139 4710 275 4778 Secundo,
296 4717 325 4765 ut
339 4725 372 4765 ex
387 4710 506 4765 ueritatis
521 4726 615 4766 coram
630 4711 709 4767 vobis
720 4714 851 4784 expositae
865 4715 903 4770 lu·
953 4714 1082 4786 suspicio,
1099 4730 1152 4786 qua
1175 4713 1259 4770 ueluti
1283 4713 1436 4786 degeneres
1454 4712 1502 4768 lilii
1523 4713 1685 4782 habeamur,
1703 4712 1750 4785 qui

101 4799 184 4866 mine,
205 4814 259 4872 quo
269 4797 394 4855 uidebitis
409 4797 525 4869 qualiter
535 4798 604 4854 ordo
618 4799 646 4853 in
660 4799 757 4872 vigore
768 4807 794 4856 et
806 4802 901 4872 spiritu
953 4803 1061 4858 Petrum
1076 4802 1206 4873 praeclara
1217 4809 1294 4872 gesta
1303 4801 1471 4857 abscondere
1480 4808 1624 4868 conantur,
1634 4817 1671 4857 ue
1684 4801 1749 4858 iuda

102 4887 145 4942 sui
159 4887 282 4954 instituti,
298 4902 331 4943 ex
346 4885 478 4958 singulari
487 4885 536 4941 Dei
546 4887 715 4957 protectione
723 4896 902 4945 conservatus
949 4889 1062 4945 illorum
1077 4896 1206 4961 appareat
1227 4888 1372 4945 decidium.
1397 4889 1442 4944 Sic
1462 4889 1535 4944 enim
1555 4888 1597 4943 bis
1619 4889 1749 4946 extremis

103 4972 193 5040 luerit,
211 4973 425 5030 consolationem
437 4972 574 5044 accipiatis
590 4989 597 5027 τ
613 4981 641 5030 et
655 4974 792 5046 dissipatis
813 4976 901 5033 nube·
953 4978 1122 5048 temporibus
1145 4977 1230 5048 (quod
1254 4976 1378 5033 dolentes
1398 4984 1425 5033 et
1438 4975 1564 5049 lugentes
1578 4975 1747 5048 referimus),

102 5061 170 5117 culis
184 5061 408 5133 inquietudinum,
426 5076 494 5132 quas
506 5061 534 5114 in
549 5063 729 5133 quorumdam
743 5063 901 5132 pusillorum
953 5065 1004 5133 sic,
1019 5064 1097 5121 amici
1118 5072 1145 5120 et
1159 5065 1257 5120 imtres
1280 5064 1309 5119 in
1324 5065 1432 5120 Christo
1454 5064 1619 5134 charissimi,
1630 5065 1748 5122 ebaritas

104 5148 211 5205 animos
239 5148 364 5219 quedam
385 5147 477 5219 opinio
498 5148 651 5219 ingesserat
677 5150 775 5205 decidii
798 5151 900 5209 ordinis
950 5152 1093 5225 refriguit;
1109 5153 1164 5209 imo
1179 5168 1277 5208 aurum
1301 5152 1514 5223 illudoptimum
1530 5153 1747 5226 charitatisque

102 5234 312 5301 carthusiensis,
330 5250 431 5290 nouum
446 5235 578 5291 terrorem
589 5237 747 5308 concipiatis
761 5240 900 5294 honoran-
949 5249 1031 5311 caput
1046 5241 1164 5297 coelestis
1179 5240 1277 5313 Sponsi
1287 5247 1415 5297 constare
1425 5241 1523 5296 asserit
1532 5255 1635 5312 sponsa
1645 5240 1748 5298 Cantici

101 5325 129 5380 di
144 5323 295 5380 institutum
307 5329 429 5376 nostrum
445 5330 498 5377 tam
514 5323 645 5393 singulari
666 5325 716 5379 liei
730 5327 900 5395 protectione
949 5329 1044 5400 (Cant.
1065 5329 1105 5394 u),
1129 5329 1302 5386 obscuratum
1327 5336 1377 5395 est,
1401 5337 1427 5385 et
1449 5328 1525 5385 color
1548 5329 1606 5398 ejus
1628 5329 1748 5400 optimus

101 5414 273 5478 honoratum,
291 5416 319 5465 et
331 5410 385 5465 huc
399 5425 485 5481 usque
500 5419 700 5479 conservatum,
721 5421 802 5484 atque
816 5414 899 5485 digne
948 5424 1085 5482 mutatus,
1109 5424 1139 5472 ut
1162 5433 1217 5472 non
1240 5424 1343 5473 tantum
1374 5433 1497 5488 quaerere
1529 5416 1701 5489 iniquitatem
1719 5417 1747 5473 iu

102 5502 161 5558 Deo
176 5496 332 5555 ambulandi
345 5496 373 5553 iu
387 5497 438 5553 hac
449 5504 544 5553 sancta
558 5499 710 5568 vocatione,
734 5517 788 5575 qua
810 5503 900 5559 vocati
948 5504 1030 5560 domo
1041 5504 1116 5573 jnsti,
1132 5512 1159 5561 et
1173 5512 1279 5561 vastare
1300 5504 1426 5577 requiem
1440 5505 1510 5575 eius,
1526 5513 1623 5563 contra
1636 5505 1666 5564 S.
1682 5504 1748 5578 Spi-
