<?xml version="1.0" encoding="UTF-8"?>
<!DOCTYPE html PUBLIC "-//W3C//DTD XHTML 1.0 Transitional//EN"
    "http://www.w3.org/TR/xhtml1/DTD/xhtml1-transitional.dtd">
<html xmlns="http://www.w3.org/1999/xhtml" xml:lang="en" lang="en">
 <head>
  <title>
</title>
<meta http-equiv="Content-Type" content="text/html;charset=utf-8" />
  <meta name='ocr-system' content='tesseract 3.04.00' />
  <meta name='ocr-capabilities' content='ocr_page ocr_carea ocr_par ocr_line ocrx_word'/>
</head>
<body>
  <div class='ocr_page' id='page_1' title='image "./patrologiaecurs20unkngoog_0525.png"; bbox 0 0 3742 5986; ppageno 0'>
   <div class='ocr_carea' id='block_1_1' title="bbox 129 185 1803 251">
    <p class='ocr_par' dir='ltr' id='par_1_1' title="bbox 129 185 1803 251">
     <span class='ocr_line' id='line_1_1' title="bbox 129 185 1803 251; baseline -0.001 0"><span class='ocrx_word' id='word_1_1' title='bbox 129 196 197 251; x_wconf 82' lang='grc'>1039</span> <span class='ocrx_word' id='word_1_2' title='bbox 562 188 589 245; x_wconf 88' lang='lat' dir='ltr'>S.</span> <span class='ocrx_word' id='word_1_3' title='bbox 628 188 787 246; x_wconf 89' lang='lat' dir='ltr'>llUGONlS</span> <span class='ocrx_word' id='word_1_4' title='bbox 804 188 911 245; x_wconf 86' lang='lat' dir='ltr'>EPlSC.</span> <span class='ocrx_word' id='word_1_5' title='bbox 932 185 1093 243; x_wconf 86' lang='lat' dir='ltr'>LINCOLN.</span> <span class='ocrx_word' id='word_1_6' title='bbox 1114 186 1197 243; x_wconf 82' lang='lat' dir='ltr'>ORD.</span> <span class='ocrx_word' id='word_1_7' title='bbox 1217 187 1342 244; x_wconf 81' lang='lat' dir='ltr'>CARTH.</span> <span class='ocrx_word' id='word_1_8' title='bbox 1738 195 1803 249; x_wconf 86' lang='lat' dir='ltr'>toto</span> 
     </span>
    </p>
   </div>
   <div class='ocr_carea' id='block_1_2' title="bbox 130 311 1797 474">
    <p class='ocr_par' dir='ltr' id='par_1_2' title="bbox 130 311 1797 474">
     <span class='ocr_line' id='line_1_2' title="bbox 130 311 1797 399; baseline -0.001 -26"><span class='ocrx_word' id='word_1_9' title='bbox 130 316 270 389; x_wconf 90' lang='lat' dir='ltr'>spondens</span> <span class='ocrx_word' id='word_1_10' title='bbox 283 315 336 370; x_wconf 92' lang='lat' dir='ltr'>ista</span> <span class='ocrx_word' id='word_1_11' title='bbox 357 315 471 383; x_wconf 75' lang='lat' dir='ltr'>subiecit</span> <span class='ocrx_word' id='word_1_12' title='bbox 488 332 495 368; x_wconf 91' lang='lat'>:</span> <span class='ocrx_word' id='word_1_13' title='bbox 512 337 524 363; x_wconf 75' lang='grc' dir='ltr'>ι</span> <span class='ocrx_word' id='word_1_14' title='bbox 543 314 636 369; x_wconf 85' lang='lat' dir='ltr'>Fidem</span> <span class='ocrx_word' id='word_1_15' title='bbox 651 314 743 371; x_wconf 91' lang='lat' dir='ltr'>verbis</span> <span class='ocrx_word' id='word_1_16' title='bbox 753 314 804 369; x_wconf 91' lang='lat' dir='ltr'>tuis</span> <span class='ocrx_word' id='word_1_17' title='bbox 817 312 928 368; x_wconf 90' lang='lat' dir='ltr'>indubi-</span> <span class='ocrx_word' id='word_1_18' title='bbox 943 315 971 372; x_wconf 80' lang='lat' dir='ltr'>A</span> <span class='ocrx_word' id='word_1_19' title='bbox 1017 311 1099 395; x_wconf 80' lang='lat' dir='ltr'>dotia,</span> <span class='ocrx_word' id='word_1_20' title='bbox 1116 316 1145 366; x_wconf 85' lang='lat' dir='ltr'>ct</span> <span class='ocrx_word' id='word_1_21' title='bbox 1160 312 1351 395; x_wconf 72' lang='lat' dir='ltr'>deservientis</span> <span class='ocrx_word' id='word_1_22' title='bbox 1363 314 1597 399; x_wconf 68' lang='lat' dir='ltr'>mirabilc&#39;aoairi</span> <span class='ocrx_word' id='word_1_23' title='bbox 1610 316 1749 388; x_wconf 72' lang='lat' dir='ltr'>[luponis</span> <span class='ocrx_word' id='word_1_24' title='bbox 1762 316 1797 372; x_wconf 80' lang='lat' dir='ltr'>att</span> 
     </span>
     <span class='ocr_line' id='line_1_3' title="bbox 131 383 1796 474; baseline -0.001 -14"><span class='ocrx_word' id='word_1_25' title='bbox 131 414 214 460; x_wconf 81' lang='lat' dir='ltr'>tatum</span> <span class='ocrx_word' id='word_1_26' title='bbox 230 391 303 459; x_wconf 82' lang='lat' dir='ltr'>idern</span> <span class='ocrx_word' id='word_1_27' title='bbox 317 403 359 458; x_wconf 79' lang='lat' dir='ltr'>vir</span> <span class='ocrx_word' id='word_1_28' title='bbox 372 401 492 468; x_wconf 89' lang='lat' dir='ltr'>habebit,</span> <span class='ocrx_word' id='word_1_29' title='bbox 510 418 571 458; x_wconf 91' lang='lat' dir='ltr'>cum</span> <span class='ocrx_word' id='word_1_30' title='bbox 595 402 620 456; x_wconf 92' lang='lat' dir='ltr'>ei</span> <span class='ocrx_word' id='word_1_31' title='bbox 644 418 694 474; x_wconf 92' lang='lat' dir='ltr'>pro</span> <span class='ocrx_word' id='word_1_32' title='bbox 716 402 873 472; x_wconf 86' lang='lat' dir='ltr'>intersignis</span> <span class='ocrx_word' id='word_1_33' title='bbox 895 417 928 457; x_wconf 87' lang='lat' dir='ltr'>ea</span> <span class='ocrx_word' id='word_1_34' title='bbox 1016 383 1796 459; x_wconf 60' lang='grc'>1111111111111111111111111111111111111111111··11103101111·</span> 
     </span>
    </p>
   </div>
   <div class='ocr_carea' id='block_1_3' title="bbox 128 452 1500 562">
    <p class='ocr_par' dir='ltr' id='par_1_3' title="bbox 128 452 1500 562">
     <span class='ocr_line' id='line_1_4' title="bbox 128 452 1500 562; baseline -0.014 -14"><span class='ocrx_word' id='word_1_35' title='bbox 128 491 309 548; x_wconf 90' lang='lat' dir='ltr'>insinuaveris</span> <span class='ocrx_word' id='word_1_36' title='bbox 325 506 385 562; x_wconf 82' lang='lat' dir='ltr'>quae</span> <span class='ocrx_word' id='word_1_37' title='bbox 399 506 481 561; x_wconf 90' lang='lat' dir='ltr'>super</span> <span class='ocrx_word' id='word_1_38' title='bbox 493 489 580 545; x_wconf 88' lang='lat' dir='ltr'>altare</span> <span class='ocrx_word' id='word_1_39' title='bbox 591 505 684 546; x_wconf 89' lang='lat' dir='ltr'>coram</span> <span class='ocrx_word' id='word_1_40' title='bbox 696 505 728 546; x_wconf 90' lang='lat' dir='ltr'>eo</span> <span class='ocrx_word' id='word_1_41' title='bbox 741 490 857 556; x_wconf 91' lang='lat' dir='ltr'>videbis,</span> <span class='ocrx_word' id='word_1_42' title='bbox 874 505 928 561; x_wconf 88' lang='lat' dir='ltr'>qua</span> <span class='ocrx_word' id='word_1_43' title='bbox 987 482 989 485; x_wconf 70' lang='grc'><strong>’</strong></span> <span class='ocrx_word' id='word_1_44' title='bbox 1017 452 1110 507; x_wconf 55' lang='lat' dir='ltr'><strong><em>‘ulum</em></strong></span> <span class='ocrx_word' id='word_1_45' title='bbox 1126 456 1416 526; x_wconf 61' lang='grc'>11111111111111111191111</span> <span class='ocrx_word' id='word_1_46' title='bbox 1431 457 1500 513; x_wconf 72' lang='grc'>11111·</span> 
     </span>
    </p>
   </div>
   <div class='ocr_carea' id='block_1_4' title="bbox 128 573 1796 738">
    <p class='ocr_par' dir='ltr' id='par_1_4' title="bbox 128 573 1796 738">
     <span class='ocr_line' id='line_1_5' title="bbox 129 573 1796 652; baseline 0.001 -17"><span class='ocrx_word' id='word_1_47' title='bbox 129 580 248 652; x_wconf 89' lang='lat' dir='ltr'>primurn</span> <span class='ocrx_word' id='word_1_48' title='bbox 261 579 305 635; x_wconf 89' lang='lat' dir='ltr'>die</span> <span class='ocrx_word' id='word_1_49' title='bbox 314 578 350 633; x_wconf 90' lang='lat' dir='ltr'>ad</span> <span class='ocrx_word' id='word_1_50' title='bbox 359 578 434 632; x_wconf 92' lang='lat' dir='ltr'>illum</span> <span class='ocrx_word' id='word_1_51' title='bbox 448 578 611 648; x_wconf 85' lang='lat' dir='ltr'>perveniens</span> <span class='ocrx_word' id='word_1_52' title='bbox 621 578 711 649; x_wconf 93' lang='lat' dir='ltr'>ipsum</span> <span class='ocrx_word' id='word_1_53' title='bbox 725 578 871 632; x_wconf 89' lang='lat' dir='ltr'>missarum</span> <span class='ocrx_word' id='word_1_54' title='bbox 886 593 928 632; x_wconf 83' lang='lat' dir='ltr'>so</span> <span class='ocrx_word' id='word_1_55' title='bbox 1013 574 1054 630; x_wconf 90' lang='lat' dir='ltr'>De</span> <span class='ocrx_word' id='word_1_56' title='bbox 1069 573 1176 630; x_wconf 84' lang='lat' dir='ltr'>vivifico</span> <span class='ocrx_word' id='word_1_57' title='bbox 1191 583 1281 631; x_wconf 88' lang='lat' dir='ltr'>autom</span> <span class='ocrx_word' id='word_1_58' title='bbox 1297 585 1481 635; x_wconf 70' lang='lat' dir='ltr'>sacrosancte</span> <span class='ocrx_word' id='word_1_59' title='bbox 1495 580 1689 637; x_wconf 81' lang='lat' dir='ltr'>Eucharistiae</span> <span class='ocrx_word' id='word_1_60' title='bbox 1704 595 1796 637; x_wconf 89' lang='lat' dir='ltr'>sacra-</span> 
     </span>
     <span class='ocr_line' id='line_1_6' title="bbox 128 663 1793 738; baseline 0 -14"><span class='ocrx_word' id='word_1_61' title='bbox 128 668 229 725; x_wconf 91' lang='lat' dir='ltr'>lemnia</span> <span class='ocrx_word' id='word_1_62' title='bbox 251 667 436 724; x_wconf 79' lang='lat' dir='ltr'>celebrantem</span> <span class='ocrx_word' id='word_1_63' title='bbox 464 665 622 721; x_wconf 87' lang='lat' dir='ltr'>intueberis.</span> <span class='ocrx_word' id='word_1_64' title='bbox 645 667 687 721; x_wconf 87' lang='lat' dir='ltr'>Na</span> <span class='ocrx_word' id='word_1_65' title='bbox 709 665 793 738; x_wconf 89' lang='lat' dir='ltr'>igitur</span> <span class='ocrx_word' id='word_1_66' title='bbox 815 664 927 721; x_wconf 82' lang='lat' dir='ltr'>differas</span> <span class='ocrx_word' id='word_1_67' title='bbox 976 669 1068 717; x_wconf 90' lang='lat' dir='ltr'>manto</span> <span class='ocrx_word' id='word_1_68' title='bbox 1090 663 1180 720; x_wconf 90' lang='lat' dir='ltr'>adhuc</span> <span class='ocrx_word' id='word_1_69' title='bbox 1202 663 1307 720; x_wconf 82' lang='lat' dir='ltr'>reterre</span> <span class='ocrx_word' id='word_1_70' title='bbox 1331 665 1462 737; x_wconf 88' lang='lat' dir='ltr'>quiddam</span> <span class='ocrx_word' id='word_1_71' title='bbox 1476 682 1531 722; x_wconf 94' lang='lat' dir='ltr'>non</span> <span class='ocrx_word' id='word_1_72' title='bbox 1557 668 1677 725; x_wconf 89' lang='lat' dir='ltr'>videtur</span> <span class='ocrx_word' id='word_1_73' title='bbox 1701 668 1793 724; x_wconf 90' lang='lat' dir='ltr'>incon·</span> 
     </span>
    </p>
   </div>
   <div class='ocr_carea' id='block_1_5' title="bbox 127 752 926 1090">
    <p class='ocr_par' dir='ltr' id='par_1_5' title="bbox 127 752 926 1090">
     <span class='ocr_line' id='line_1_7' title="bbox 129 752 926 829; baseline -0.003 -17"><span class='ocrx_word' id='word_1_74' title='bbox 129 772 228 829; x_wconf 90' lang='lat' dir='ltr'>parere</span> <span class='ocrx_word' id='word_1_75' title='bbox 243 755 357 827; x_wconf 88' lang='lat' dir='ltr'>eloquiis</span> <span class='ocrx_word' id='word_1_76' title='bbox 371 753 449 820; x_wconf 85' lang='lat' dir='ltr'>areis,</span> <span class='ocrx_word' id='word_1_77' title='bbox 466 752 525 828; x_wconf 85' lang='lat' dir='ltr'>sed,</span> <span class='ocrx_word' id='word_1_78' title='bbox 541 769 602 824; x_wconf 90' lang='lat' dir='ltr'>quae</span> <span class='ocrx_word' id='word_1_79' title='bbox 624 754 753 825; x_wconf 77' lang='lat' dir='ltr'>praecipio</span> <span class='ocrx_word' id='word_1_80' title='bbox 768 754 827 821; x_wconf 92' lang='lat' dir='ltr'>tibi,</span> <span class='ocrx_word' id='word_1_81' title='bbox 842 754 926 810; x_wconf 89' lang='lat' dir='ltr'>devo-</span> 
     </span>
     <span class='ocr_line' id='line_1_8' title="bbox 129 841 923 915; baseline -0.004 -15"><span class='ocrx_word' id='word_1_82' title='bbox 129 853 172 901; x_wconf 88' lang='lat' dir='ltr'>tus</span> <span class='ocrx_word' id='word_1_83' title='bbox 186 859 346 915; x_wconf 83' lang='lat' dir='ltr'>exsequere.</span> <span class='ocrx_word' id='word_1_84' title='bbox 363 842 411 896; x_wconf 87' lang='lat' dir='ltr'>llis</span> <span class='ocrx_word' id='word_1_85' title='bbox 432 841 512 896; x_wconf 90' lang='lat' dir='ltr'>dictis</span> <span class='ocrx_word' id='word_1_86' title='bbox 535 857 588 897; x_wconf 82' lang='lat' dir='ltr'>vox</span> <span class='ocrx_word' id='word_1_87' title='bbox 610 842 745 914; x_wconf 85' lang='lat' dir='ltr'>loquentis</span> <span class='ocrx_word' id='word_1_88' title='bbox 768 841 857 898; x_wconf 88' lang='lat' dir='ltr'>ablata</span> <span class='ocrx_word' id='word_1_89' title='bbox 872 849 923 898; x_wconf 89' lang='lat' dir='ltr'>est.</span> 
     </span>
     <span class='ocr_line' id='line_1_9' title="bbox 127 929 926 1006; baseline -0.006 -17"><span class='ocrx_word' id='word_1_90' title='bbox 127 935 162 989; x_wconf 78' lang='lat' dir='ltr'>At</span> <span class='ocrx_word' id='word_1_91' title='bbox 177 947 230 1006; x_wconf 89' lang='lat' dir='ltr'>ago</span> <span class='ocrx_word' id='word_1_92' title='bbox 245 931 280 986; x_wconf 91' lang='lat' dir='ltr'>ad</span> <span class='ocrx_word' id='word_1_93' title='bbox 293 930 497 1002; x_wconf 83' lang='lat' dir='ltr'>exsequendum</span> <span class='ocrx_word' id='word_1_94' title='bbox 511 929 645 1001; x_wconf 89' lang='lat' dir='ltr'>imperata</span> <span class='ocrx_word' id='word_1_95' title='bbox 658 930 806 1001; x_wconf 91' lang='lat' dir='ltr'>plurimum</span> <span class='ocrx_word' id='word_1_96' title='bbox 820 931 926 986; x_wconf 91' lang='lat' dir='ltr'>anima-</span> 
     </span>
     <span class='ocr_line' id='line_1_10' title="bbox 127 1016 923 1090; baseline -0.001 -14"><span class='ocrx_word' id='word_1_97' title='bbox 127 1029 182 1090; x_wconf 92' lang='lat' dir='ltr'>tus,</span> <span class='ocrx_word' id='word_1_98' title='bbox 207 1019 316 1075; x_wconf 90' lang='lat' dir='ltr'>modico</span> <span class='ocrx_word' id='word_1_99' title='bbox 340 1016 480 1089; x_wconf 86' lang='lat' dir='ltr'>praelibato</span> <span class='ocrx_word' id='word_1_100' title='bbox 509 1033 624 1087; x_wconf 90' lang='lat' dir='ltr'>somno,</span> <span class='ocrx_word' id='word_1_101' title='bbox 650 1019 684 1075; x_wconf 90' lang='lat' dir='ltr'>de</span> <span class='ocrx_word' id='word_1_102' title='bbox 707 1027 787 1075; x_wconf 89' lang='lat' dir='ltr'>nocte</span> <span class='ocrx_word' id='word_1_103' title='bbox 808 1021 923 1086; x_wconf 84' lang='lat' dir='ltr'>surrexi,</span> 
     </span>
    </p>
   </div>
   <div class='ocr_carea' id='block_1_6' title="bbox 975 750 1792 1086">
    <p class='ocr_par' dir='ltr' id='par_1_6' title="bbox 975 750 1792 1086">
     <span class='ocr_line' id='line_1_11' title="bbox 976 750 1792 822; baseline 0.012 -19"><span class='ocrx_word' id='word_1_104' title='bbox 976 765 1085 822; x_wconf 84' lang='lat' dir='ltr'>gruum,</span> <span class='ocrx_word' id='word_1_105' title='bbox 1103 750 1176 822; x_wconf 92' lang='lat' dir='ltr'>qnod</span> <span class='ocrx_word' id='word_1_106' title='bbox 1190 751 1216 805; x_wconf 88' lang='lat' dir='ltr'>ia</span> <span class='ocrx_word' id='word_1_107' title='bbox 1241 750 1332 807; x_wconf 90' lang='lat' dir='ltr'>Gallia</span> <span class='ocrx_word' id='word_1_108' title='bbox 1354 753 1489 811; x_wconf 89' lang='lat' dir='ltr'>accidisse</span> <span class='ocrx_word' id='word_1_109' title='bbox 1512 755 1609 811; x_wconf 88' lang='lat' dir='ltr'>multis</span> <span class='ocrx_word' id='word_1_110' title='bbox 1634 764 1681 812; x_wconf 88' lang='lat' dir='ltr'>est</span> <span class='ocrx_word' id='word_1_111' title='bbox 1705 757 1792 813; x_wconf 89' lang='lat' dir='ltr'>mani·</span> 
     </span>
     <span class='ocr_line' id='line_1_12' title="bbox 975 829 1790 911; baseline 0.012 -20"><span class='ocrx_word' id='word_1_112' title='bbox 975 836 1074 892; x_wconf 78' lang='lat' dir='ltr'>festum</span> <span class='ocrx_word' id='word_1_113' title='bbox 1090 840 1174 911; x_wconf 76' lang='grc'>(191).</span> <span class='ocrx_word' id='word_1_114' title='bbox 1191 837 1281 908; x_wconf 87' lang='lat' dir='ltr'>Quod,</span> <span class='ocrx_word' id='word_1_115' title='bbox 1297 840 1360 897; x_wconf 91' lang='lat' dir='ltr'>licet</span> <span class='ocrx_word' id='word_1_116' title='bbox 1379 829 1527 898; x_wconf 83' lang='lat' dir='ltr'>multorum</span> <span class='ocrx_word' id='word_1_117' title='bbox 1551 844 1654 901; x_wconf 88' lang='lat' dir='ltr'>notitia</span> <span class='ocrx_word' id='word_1_118' title='bbox 1669 843 1790 901; x_wconf 86' lang='lat' dir='ltr'>tideliora</span> 
     </span>
     <span class='ocr_line' id='line_1_13' title="bbox 976 925 1789 1001; baseline 0.015 -22"><span class='ocrx_word' id='word_1_119' title='bbox 976 925 1141 981; x_wconf 80' lang='lat' dir='ltr'>aestimemus</span> <span class='ocrx_word' id='word_1_120' title='bbox 1159 927 1362 1000; x_wconf 83' lang='lat' dir='ltr'>dignissimum,</span> <span class='ocrx_word' id='word_1_121' title='bbox 1386 931 1515 1001; x_wconf 84' lang='lat' dir='ltr'>praesenti</span> <span class='ocrx_word' id='word_1_122' title='bbox 1541 939 1641 988; x_wconf 89' lang='lat' dir='ltr'>tamen</span> <span class='ocrx_word' id='word_1_123' title='bbox 1668 933 1789 991; x_wconf 78' lang='lat' dir='ltr'>historia</span> 
     </span>
     <span class='ocr_line' id='line_1_14' title="bbox 975 1012 1789 1086; baseline 0.015 -20"><span class='ocrx_word' id='word_1_124' title='bbox 975 1012 1002 1066; x_wconf 91' lang='lat' dir='ltr'>id</span> <span class='ocrx_word' id='word_1_125' title='bbox 1017 1013 1126 1069; x_wconf 87' lang='lat' dir='ltr'>anobis</span> <span class='ocrx_word' id='word_1_126' title='bbox 1141 1014 1251 1070; x_wconf 89' lang='lat' dir='ltr'>minime</span> <span class='ocrx_word' id='word_1_127' title='bbox 1272 1015 1368 1072; x_wconf 82' lang='lat' dir='ltr'>fuisset</span> <span class='ocrx_word' id='word_1_128' title='bbox 1392 1017 1535 1086; x_wconf 89' lang='lat' dir='ltr'>insertum,</span> <span class='ocrx_word' id='word_1_129' title='bbox 1552 1019 1577 1074; x_wconf 91' lang='lat' dir='ltr'>si</span> <span class='ocrx_word' id='word_1_130' title='bbox 1600 1036 1662 1076; x_wconf 89' lang='lat' dir='ltr'>non</span> <span class='ocrx_word' id='word_1_131' title='bbox 1688 1023 1789 1078; x_wconf 86' lang='lat' dir='ltr'>adhoc</span> 
     </span>
    </p>
   </div>
   <div class='ocr_carea' id='block_1_7' title="bbox 119 1100 1788 1718">
    <p class='ocr_par' dir='ltr' id='par_1_7' title="bbox 119 1100 1788 1718">
     <span class='ocr_line' id='line_1_15' title="bbox 126 1100 1788 1182; baseline 0.001 -18"><span class='ocrx_word' id='word_1_132' title='bbox 126 1109 251 1179; x_wconf 87' lang='lat' dir='ltr'>clamque</span> <span class='ocrx_word' id='word_1_133' title='bbox 266 1106 348 1162; x_wconf 90' lang='lat' dir='ltr'>sociis</span> <span class='ocrx_word' id='word_1_134' title='bbox 362 1106 431 1162; x_wconf 92' lang='lat' dir='ltr'>meis</span> <span class='ocrx_word' id='word_1_135' title='bbox 445 1106 539 1161; x_wconf 89' lang='lat' dir='ltr'>iterad</span> <span class='ocrx_word' id='word_1_136' title='bbox 554 1122 603 1162; x_wconf 93' lang='lat' dir='ltr'>vos</span> <span class='ocrx_word' id='word_1_137' title='bbox 617 1106 806 1178; x_wconf 89' lang='lat' dir='ltr'>inquirendum</span> <span class='ocrx_word' id='word_1_138' title='bbox 822 1107 858 1162; x_wconf 92' lang='lat' dir='ltr'>ita</span> <span class='ocrx_word' id='word_1_139' title='bbox 873 1123 924 1178; x_wconf 92' lang='lat' dir='ltr'>pe·</span> <span class='ocrx_word' id='word_1_140' title='bbox 974 1100 1150 1157; x_wconf 72' lang='lat' dir='ltr'>inserendum</span> <span class='ocrx_word' id='word_1_141' title='bbox 1165 1102 1236 1158; x_wconf 82' lang='lat' dir='ltr'>illius</span> <span class='ocrx_word' id='word_1_142' title='bbox 1250 1119 1301 1159; x_wconf 87' lang='lat' dir='ltr'>nos</span> <span class='ocrx_word' id='word_1_143' title='bbox 1323 1114 1432 1176; x_wconf 76' lang='lat' dir='ltr'>urgeret</span> <span class='ocrx_word' id='word_1_144' title='bbox 1454 1107 1602 1175; x_wconf 87' lang='lat' dir='ltr'>sententia,</span> <span class='ocrx_word' id='word_1_145' title='bbox 1631 1109 1669 1165; x_wconf 93' lang='lat' dir='ltr'>de</span> <span class='ocrx_word' id='word_1_146' title='bbox 1684 1126 1716 1165; x_wconf 88' lang='lat' dir='ltr'>re</span> <span class='ocrx_word' id='word_1_147' title='bbox 1731 1111 1788 1182; x_wconf 83' lang='lat' dir='ltr'>ipsa</span> 
     </span>
     <span class='ocr_line' id='line_1_16' title="bbox 124 1188 1787 1270; baseline 0 -18"><span class='ocrx_word' id='word_1_148' title='bbox 124 1198 204 1252; x_wconf 89' lang='lat' dir='ltr'>dibus</span> <span class='ocrx_word' id='word_1_149' title='bbox 219 1195 288 1251; x_wconf 89' lang='lat' dir='ltr'>meis</span> <span class='ocrx_word' id='word_1_150' title='bbox 302 1194 439 1264; x_wconf 88' lang='lat' dir='ltr'>assumpsi</span> <span class='ocrx_word' id='word_1_151' title='bbox 453 1195 538 1263; x_wconf 85' lang='grc'>(190).</span> <span class='ocrx_word' id='word_1_152' title='bbox 564 1195 621 1250; x_wconf 91' lang='lat' dir='ltr'>lluc</span> <span class='ocrx_word' id='word_1_153' title='bbox 643 1202 734 1250; x_wconf 89' lang='lat' dir='ltr'>autern</span> <span class='ocrx_word' id='word_1_154' title='bbox 757 1203 819 1250; x_wconf 91' lang='lat' dir='ltr'>ante</span> <span class='ocrx_word' id='word_1_155' title='bbox 834 1195 925 1252; x_wconf 77' lang='lat' dir='ltr'>missae</span> <span class='ocrx_word' id='word_1_156' title='bbox 974 1188 1134 1246; x_wconf 65' lang='lat' dir='ltr'>mirabiliter</span> <span class='ocrx_word' id='word_1_157' title='bbox 1148 1191 1266 1261; x_wconf 75' lang='lat' dir='ltr'>prolatu,</span> <span class='ocrx_word' id='word_1_158' title='bbox 1283 1192 1330 1264; x_wconf 85' lang='lat' dir='ltr'>qui</span> <span class='ocrx_word' id='word_1_159' title='bbox 1342 1194 1437 1248; x_wconf 85' lang='lat' dir='ltr'>horum</span> <span class='ocrx_word' id='word_1_160' title='bbox 1452 1196 1587 1263; x_wconf 88' lang='lat' dir='ltr'>omniurn,</span> <span class='ocrx_word' id='word_1_161' title='bbox 1597 1213 1666 1269; x_wconf 86' lang='lat' dir='ltr'>quae</span> <span class='ocrx_word' id='word_1_162' title='bbox 1681 1199 1787 1270; x_wconf 76' lang='lat' dir='ltr'>pagina,²</span> 
     </span>
     <span class='ocr_line' id='line_1_17' title="bbox 123 1276 1786 1359; baseline 0 -19"><span class='ocrx_word' id='word_1_163' title='bbox 123 1285 264 1341; x_wconf 89' lang='lat' dir='ltr'>introitum</span> <span class='ocrx_word' id='word_1_164' title='bbox 286 1283 366 1355; x_wconf 91' lang='lat' dir='ltr'>paulo</span> <span class='ocrx_word' id='word_1_165' title='bbox 390 1289 451 1338; x_wconf 85' lang='lat' dir='ltr'>ante</span> <span class='ocrx_word' id='word_1_166' title='bbox 476 1283 548 1347; x_wconf 91' lang='lat' dir='ltr'>veni,</span> <span class='ocrx_word' id='word_1_167' title='bbox 573 1291 600 1338; x_wconf 93' lang='lat' dir='ltr'>et</span> <span class='ocrx_word' id='word_1_168' title='bbox 625 1282 810 1338; x_wconf 78' lang='lat' dir='ltr'>celebrantem</span> <span class='ocrx_word' id='word_1_169' title='bbox 832 1283 925 1339; x_wconf 90' lang='lat' dir='ltr'>divina</span> <span class='ocrx_word' id='word_1_170' title='bbox 973 1276 1036 1332; x_wconf 80' lang='grc'>11111</span> <span class='ocrx_word' id='word_1_171' title='bbox 1060 1277 1227 1348; x_wconf 79' lang='lat' dir='ltr'>inseruntur,</span> <span class='ocrx_word' id='word_1_172' title='bbox 1252 1280 1367 1336; x_wconf 83' lang='lat' dir='ltr'>materia</span> <span class='ocrx_word' id='word_1_173' title='bbox 1391 1290 1432 1337; x_wconf 90' lang='lat' dir='ltr'>est</span> <span class='ocrx_word' id='word_1_174' title='bbox 1456 1290 1483 1338; x_wconf 89' lang='lat' dir='ltr'>et</span> <span class='ocrx_word' id='word_1_175' title='bbox 1506 1298 1604 1340; x_wconf 88' lang='lat' dir='ltr'>causa.</span> <span class='ocrx_word' id='word_1_176' title='bbox 1632 1285 1686 1342; x_wconf 88' lang='lat' dir='ltr'>llio</span> <span class='ocrx_word' id='word_1_177' title='bbox 1706 1286 1786 1359; x_wconf 89' lang='lat' dir='ltr'>igitur</span> 
     </span>
     <span class='ocr_line' id='line_1_18' title="bbox 121 1364 1784 1446; baseline 0.001 -17"><span class='ocrx_word' id='word_1_178' title='bbox 121 1373 291 1429; x_wconf 86' lang='lat' dir='ltr'>sanctitatem</span> <span class='ocrx_word' id='word_1_179' title='bbox 314 1379 433 1428; x_wconf 88' lang='lat' dir='ltr'>vestram</span> <span class='ocrx_word' id='word_1_180' title='bbox 460 1371 575 1426; x_wconf 86' lang='lat' dir='ltr'>devotus</span> <span class='ocrx_word' id='word_1_181' title='bbox 598 1371 752 1429; x_wconf 83' lang='lat' dir='ltr'>observavi.</span> <span class='ocrx_word' id='word_1_182' title='bbox 778 1372 924 1427; x_wconf 89' lang='lat' dir='ltr'>lutendeus</span> <span class='ocrx_word' id='word_1_183' title='bbox 974 1364 1092 1436; x_wconf 81' lang='lat' dir='ltr'>quodum</span> <span class='ocrx_word' id='word_1_184' title='bbox 1107 1373 1231 1437; x_wconf 86' lang='lat' dir='ltr'>tempore</span> <span class='ocrx_word' id='word_1_185' title='bbox 1245 1368 1320 1439; x_wconf 89' lang='grc'>(193)</span> <span class='ocrx_word' id='word_1_186' title='bbox 1335 1384 1350 1424; x_wconf 93' lang='lat' dir='ltr'>a</span> <span class='ocrx_word' id='word_1_187' title='bbox 1366 1369 1563 1426; x_wconf 88' lang='lat' dir='ltr'>Parisiensiurn</span> <span class='ocrx_word' id='word_1_188' title='bbox 1584 1373 1735 1446; x_wconf 88' lang='lat' dir='ltr'>digressus</span> <span class='ocrx_word' id='word_1_189' title='bbox 1748 1375 1784 1431; x_wconf 89' lang='lat' dir='ltr'>ci-</span> 
     </span>
     <span class='ocr_line' id='line_1_19' title="bbox 121 1452 1781 1534; baseline 0.004 -17"><span class='ocrx_word' id='word_1_190' title='bbox 121 1478 230 1534; x_wconf 93' lang='lat' dir='ltr'>quoque</span> <span class='ocrx_word' id='word_1_191' title='bbox 255 1459 397 1516; x_wconf 86' lang='lat' dir='ltr'>sollicitius</span> <span class='ocrx_word' id='word_1_192' title='bbox 430 1459 465 1514; x_wconf 91' lang='lat' dir='ltr'>ad</span> <span class='ocrx_word' id='word_1_193' title='bbox 487 1474 611 1514; x_wconf 90' lang='lat' dir='ltr'>mensam</span> <span class='ocrx_word' id='word_1_194' title='bbox 641 1460 812 1516; x_wconf 88' lang='lat' dir='ltr'>Dominicam</span> <span class='ocrx_word' id='word_1_195' title='bbox 831 1476 923 1516; x_wconf 88' lang='lat' dir='ltr'>coram</span> <span class='ocrx_word' id='word_1_196' title='bbox 973 1452 1064 1520; x_wconf 72' lang='grc'>1111111,</span> <span class='ocrx_word' id='word_1_197' title='bbox 1081 1453 1391 1527; x_wconf 68' lang='grc'>111111111111111,</span> <span class='ocrx_word' id='word_1_198' title='bbox 1408 1459 1557 1515; x_wconf 70' lang='grc'>1111111011</span> <span class='ocrx_word' id='word_1_199' title='bbox 1577 1461 1781 1534; x_wconf 72' lang='lat' dir='ltr'>primahospi·</span> 
     </span>
     <span class='ocr_line' id='line_1_20' title="bbox 120 1541 1781 1620; baseline -0.001 -15"><span class='ocrx_word' id='word_1_200' title='bbox 120 1550 209 1615; x_wconf 91' lang='lat' dir='ltr'>vobis,</span> <span class='ocrx_word' id='word_1_201' title='bbox 226 1556 252 1604; x_wconf 95' lang='lat' dir='ltr'>et</span> <span class='ocrx_word' id='word_1_202' title='bbox 267 1549 296 1603; x_wconf 94' lang='lat' dir='ltr'>in</span> <span class='ocrx_word' id='word_1_203' title='bbox 309 1546 436 1602; x_wconf 90' lang='lat' dir='ltr'>manibus</span> <span class='ocrx_word' id='word_1_204' title='bbox 459 1547 558 1602; x_wconf 89' lang='lat' dir='ltr'>vestris</span> <span class='ocrx_word' id='word_1_205' title='bbox 579 1563 679 1619; x_wconf 90' lang='lat' dir='ltr'>corpus</span> <span class='ocrx_word' id='word_1_206' title='bbox 703 1547 812 1603; x_wconf 89' lang='lat' dir='ltr'>Domini</span> <span class='ocrx_word' id='word_1_207' title='bbox 836 1548 923 1605; x_wconf 89' lang='lat' dir='ltr'>nostri</span> <span class='ocrx_word' id='word_1_208' title='bbox 973 1546 1042 1594; x_wconf 73' lang='grc'>11113</span> <span class='ocrx_word' id='word_1_209' title='bbox 1057 1542 1139 1596; x_wconf 76' lang='lat' dir='ltr'>estin</span> <span class='ocrx_word' id='word_1_210' title='bbox 1153 1541 1219 1597; x_wconf 82' lang='lat' dir='ltr'>villt</span> <span class='ocrx_word' id='word_1_211' title='bbox 1234 1544 1353 1615; x_wconf 85' lang='lat' dir='ltr'>quadam</span> <span class='ocrx_word' id='word_1_212' title='bbox 1368 1545 1410 1601; x_wconf 82' lang='lat' dir='ltr'>loi</span> <span class='ocrx_word' id='word_1_213' title='bbox 1420 1546 1496 1618; x_wconf 87' lang='grc'>(191)</span> <span class='ocrx_word' id='word_1_214' title='bbox 1511 1557 1685 1620; x_wconf 91' lang='lat' dir='ltr'>nuncupata.</span> <span class='ocrx_word' id='word_1_215' title='bbox 1702 1552 1781 1607; x_wconf 86' lang='lat' dir='ltr'>ltloris</span> 
     </span>
     <span class='ocr_line' id='line_1_21' title="bbox 119 1628 1778 1718; baseline 0.003 -25"><span class='ocrx_word' id='word_1_216' title='bbox 119 1638 184 1693; x_wconf 86' lang='lat' dir='ltr'>lesu</span> <span class='ocrx_word' id='word_1_217' title='bbox 199 1635 301 1693; x_wconf 83' lang='lat' dir='ltr'>Christi</span> <span class='ocrx_word' id='word_1_218' title='bbox 321 1636 373 1690; x_wconf 88' lang='lat' dir='ltr'>sub</span> <span class='ocrx_word' id='word_1_219' title='bbox 395 1635 487 1706; x_wconf 90' lang='lat' dir='ltr'>specie</span> <span class='ocrx_word' id='word_1_220' title='bbox 513 1635 623 1690; x_wconf 89' lang='lat' dir='ltr'>inlantis</span> <span class='ocrx_word' id='word_1_221' title='bbox 642 1635 748 1707; x_wconf 80' lang='lat' dir='ltr'>parvuli</span> <span class='ocrx_word' id='word_1_222' title='bbox 769 1637 812 1692; x_wconf 90' lang='lat' dir='ltr'>bis</span> <span class='ocrx_word' id='word_1_223' title='bbox 837 1652 956 1718; x_wconf 78' lang='lat' dir='ltr'>supraB</span> <span class='ocrx_word' id='word_1_224' title='bbox 974 1643 1039 1683; x_wconf 73' lang='grc'>1110</span> <span class='ocrx_word' id='word_1_225' title='bbox 1054 1628 1093 1683; x_wconf 86' lang='grc'>1111</span> <span class='ocrx_word' id='word_1_226' title='bbox 1107 1629 1170 1697; x_wconf 70' lang='grc'>1111,</span> <span class='ocrx_word' id='word_1_227' title='bbox 1186 1630 1343 1703; x_wconf 75' lang='grc'>1111111111</span> <span class='ocrx_word' id='word_1_228' title='bbox 1356 1634 1503 1705; x_wconf 67' lang='lat' dir='ltr'>hospitium</span> <span class='ocrx_word' id='word_1_229' title='bbox 1526 1651 1590 1692; x_wconf 77' lang='lat' dir='ltr'>sese</span> <span class='ocrx_word' id='word_1_230' title='bbox 1616 1640 1778 1710; x_wconf 76' lang='lat' dir='ltr'>excepisset,</span> 
     </span>
    </p>
   </div>
   <div class='ocr_carea' id='block_1_8' title="bbox 111 1716 1779 2855">
    <p class='ocr_par' dir='ltr' id='par_1_8' title="bbox 111 1716 1779 2855">
     <span class='ocr_line' id='line_1_22' title="bbox 120 1716 1779 1797; baseline -0.006 -16"><span class='ocrx_word' id='word_1_231' title='bbox 120 1726 233 1784; x_wconf 82' lang='lat' dir='ltr'>calicem</span> <span class='ocrx_word' id='word_1_232' title='bbox 247 1740 264 1780; x_wconf 91' lang='lat' dir='ltr'>a</span> <span class='ocrx_word' id='word_1_233' title='bbox 279 1725 357 1781; x_wconf 90' lang='lat' dir='ltr'>vobis</span> <span class='ocrx_word' id='word_1_234' title='bbox 372 1724 517 1792; x_wconf 81' lang='lat' dir='ltr'>elevatum,</span> <span class='ocrx_word' id='word_1_235' title='bbox 534 1723 654 1797; x_wconf 85' lang='lat' dir='ltr'>indignis</span> <span class='ocrx_word' id='word_1_236' title='bbox 670 1724 733 1780; x_wconf 90' lang='lat' dir='ltr'>licet</span> <span class='ocrx_word' id='word_1_237' title='bbox 747 1725 843 1791; x_wconf 90' lang='lat' dir='ltr'>oculis,</span> <span class='ocrx_word' id='word_1_238' title='bbox 860 1725 919 1781; x_wconf 91' lang='lat' dir='ltr'>evi·</span> <span class='ocrx_word' id='word_1_239' title='bbox 969 1716 1159 1788; x_wconf 78' lang='lat' dir='ltr'>presbyterum</span> <span class='ocrx_word' id='word_1_240' title='bbox 1173 1720 1359 1789; x_wconf 80' lang='lat' dir='ltr'>parochialem</span> <span class='ocrx_word' id='word_1_241' title='bbox 1382 1736 1443 1778; x_wconf 81' lang='lat' dir='ltr'>oum</span> <span class='ocrx_word' id='word_1_242' title='bbox 1465 1723 1601 1780; x_wconf 68' lang='lat' dir='ltr'>Ecclesiae</span> <span class='ocrx_word' id='word_1_243' title='bbox 1616 1725 1693 1782; x_wconf 66' lang='lat' dir='ltr'>injus</span> <span class='ocrx_word' id='word_1_244' title='bbox 1708 1728 1779 1783; x_wconf 66' lang='lat' dir='ltr'>mina</span> 
     </span>
     <span class='ocr_line' id='line_1_23' title="bbox 118 1811 919 1884; baseline -0.002 -14"><span class='ocrx_word' id='word_1_245' title='bbox 118 1815 214 1872; x_wconf 89' lang='lat' dir='ltr'>denter</span> <span class='ocrx_word' id='word_1_246' title='bbox 227 1814 368 1884; x_wconf 79' lang='lat' dir='ltr'>conspexi.</span> <span class='ocrx_word' id='word_1_247' title='bbox 389 1811 458 1881; x_wconf 86' lang='lat' dir='ltr'>Quia</span> <span class='ocrx_word' id='word_1_248' title='bbox 481 1827 547 1868; x_wconf 89' lang='lat' dir='ltr'>vero</span> <span class='ocrx_word' id='word_1_249' title='bbox 569 1813 687 1884; x_wconf 91' lang='lat' dir='ltr'>idipsum</span> <span class='ocrx_word' id='word_1_250' title='bbox 710 1821 738 1868; x_wconf 92' lang='lat' dir='ltr'>et</span> <span class='ocrx_word' id='word_1_251' title='bbox 760 1829 809 1869; x_wconf 91' lang='lat' dir='ltr'>vos</span> <span class='ocrx_word' id='word_1_252' title='bbox 833 1813 919 1869; x_wconf 90' lang='lat' dir='ltr'>multo</span> 
     </span>
     <span class='ocr_line' id='line_1_24' title="bbox 117 1900 920 1976; baseline -0.001 -17"><span class='ocrx_word' id='word_1_253' title='bbox 117 1901 312 1976; x_wconf 88' lang='lat' dir='ltr'>perspicacius,</span> <span class='ocrx_word' id='word_1_254' title='bbox 334 1901 397 1972; x_wconf 91' lang='lat' dir='ltr'>quia</span> <span class='ocrx_word' id='word_1_255' title='bbox 421 1908 447 1956; x_wconf 89' lang='lat' dir='ltr'>et</span> <span class='ocrx_word' id='word_1_256' title='bbox 468 1900 570 1956; x_wconf 91' lang='lat' dir='ltr'>diutius</span> <span class='ocrx_word' id='word_1_257' title='bbox 593 1910 619 1956; x_wconf 88' lang='lat' dir='ltr'>et</span> <span class='ocrx_word' id='word_1_258' title='bbox 633 1901 747 1957; x_wconf 90' lang='lat' dir='ltr'>vicinius</span> <span class='ocrx_word' id='word_1_259' title='bbox 762 1909 789 1958; x_wconf 90' lang='lat' dir='ltr'>et</span> <span class='ocrx_word' id='word_1_260' title='bbox 802 1902 869 1957; x_wconf 88' lang='lat' dir='ltr'>satis</span> <span class='ocrx_word' id='word_1_261' title='bbox 881 1903 920 1958; x_wconf 90' lang='lat' dir='ltr'>di·</span> 
     </span>
     <span class='ocr_line' id='line_1_25' title="bbox 116 1989 917 2063; baseline 0.001 -17"><span class='ocrx_word' id='word_1_262' title='bbox 116 1991 197 2063; x_wconf 87' lang='lat' dir='ltr'>gnius</span> <span class='ocrx_word' id='word_1_263' title='bbox 210 1989 398 2062; x_wconf 80' lang='lat' dir='ltr'>perspexistis,</span> <span class='ocrx_word' id='word_1_264' title='bbox 416 1997 521 2046; x_wconf 91' lang='lat' dir='ltr'>nonest</span> <span class='ocrx_word' id='word_1_265' title='bbox 531 1989 735 2062; x_wconf 86' lang='lat' dir='ltr'>ambigendum.</span> <span class='ocrx_word' id='word_1_266' title='bbox 755 2010 766 2040; x_wconf 84' lang='grc' dir='ltr'>ι</span> <span class='ocrx_word' id='word_1_267' title='bbox 784 1990 847 2046; x_wconf 78' lang='lat' dir='ltr'>llaec</span> <span class='ocrx_word' id='word_1_268' title='bbox 862 1989 917 2047; x_wconf 90' lang='lat' dir='ltr'>cle-</span> 
     </span>
     <span class='ocr_line' id='line_1_26' title="bbox 115 2077 916 2151; baseline 0 -17"><span class='ocrx_word' id='word_1_269' title='bbox 115 2079 188 2136; x_wconf 90' lang='lat' dir='ltr'>ricus</span> <span class='ocrx_word' id='word_1_270' title='bbox 202 2079 247 2134; x_wconf 93' lang='lat' dir='ltr'>ille</span> <span class='ocrx_word' id='word_1_271' title='bbox 261 2077 408 2134; x_wconf 84' lang='lat' dir='ltr'>fluentibus</span> <span class='ocrx_word' id='word_1_272' title='bbox 421 2093 472 2149; x_wconf 91' lang='lat' dir='ltr'>per</span> <span class='ocrx_word' id='word_1_273' title='bbox 485 2093 572 2151; x_wconf 90' lang='lat' dir='ltr'>genas</span> <span class='ocrx_word' id='word_1_274' title='bbox 586 2077 714 2150; x_wconf 84' lang='lat' dir='ltr'>lacrymis</span> <span class='ocrx_word' id='word_1_275' title='bbox 729 2087 771 2134; x_wconf 89' lang='lat' dir='ltr'>est</span> <span class='ocrx_word' id='word_1_276' title='bbox 784 2094 916 2149; x_wconf 89' lang='lat' dir='ltr'>prosecu-</span> 
     </span>
     <span class='ocr_line' id='line_1_27' title="bbox 116 2165 866 2239; baseline 0 -17"><span class='ocrx_word' id='word_1_277' title='bbox 116 2175 169 2223; x_wconf 91' lang='lat' dir='ltr'>tus.</span> <span class='ocrx_word' id='word_1_278' title='bbox 186 2167 232 2221; x_wconf 84' lang='lat' dir='ltr'>Vir</span> <span class='ocrx_word' id='word_1_279' title='bbox 246 2182 355 2239; x_wconf 91' lang='lat' dir='ltr'>quoque</span> <span class='ocrx_word' id='word_1_280' title='bbox 369 2165 477 2222; x_wconf 88' lang='lat' dir='ltr'>Domini</span> <span class='ocrx_word' id='word_1_281' title='bbox 492 2165 607 2221; x_wconf 87' lang='lat' dir='ltr'>ubertim</span> <span class='ocrx_word' id='word_1_282' title='bbox 621 2166 691 2221; x_wconf 90' lang='lat' dir='ltr'>inter</span> <span class='ocrx_word' id='word_1_283' title='bbox 701 2167 759 2223; x_wconf 83' lang='lat' dir='ltr'>baec</span> <span class='ocrx_word' id='word_1_284' title='bbox 773 2165 866 2222; x_wconf 83' lang='lat' dir='ltr'>flebat.</span> 
     </span>
     <span class='ocr_line' id='line_1_28' title="bbox 150 2254 917 2327; baseline 0.001 -16"><span class='ocrx_word' id='word_1_285' title='bbox 150 2255 272 2327; x_wconf 88' lang='lat' dir='ltr'>Cumque</span> <span class='ocrx_word' id='word_1_286' title='bbox 287 2255 386 2326; x_wconf 90' lang='lat' dir='ltr'>pariter</span> <span class='ocrx_word' id='word_1_287' title='bbox 400 2254 558 2327; x_wconf 91' lang='lat' dir='ltr'>aliquandiu</span> <span class='ocrx_word' id='word_1_288' title='bbox 569 2255 667 2311; x_wconf 88' lang='lat' dir='ltr'>llentes</span> <span class='ocrx_word' id='word_1_289' title='bbox 681 2271 764 2326; x_wconf 88' lang='lat' dir='ltr'>sapor</span> <span class='ocrx_word' id='word_1_290' title='bbox 778 2256 821 2310; x_wconf 90' lang='lat' dir='ltr'>bis</span> <span class='ocrx_word' id='word_1_291' title='bbox 831 2257 917 2312; x_wconf 90' lang='lat' dir='ltr'>verba</span> 
     </span>
     <span class='ocr_line' id='line_1_29' title="bbox 114 2343 916 2418; baseline 0 -19"><span class='ocrx_word' id='word_1_292' title='bbox 114 2343 231 2416; x_wconf 90' lang='lat' dir='ltr'>plurima</span> <span class='ocrx_word' id='word_1_293' title='bbox 245 2343 458 2409; x_wconf 86' lang='lat' dir='ltr'>conseruissent,</span> <span class='ocrx_word' id='word_1_294' title='bbox 474 2343 620 2414; x_wconf 88' lang='lat' dir='ltr'>episcopus</span> <span class='ocrx_word' id='word_1_295' title='bbox 643 2343 782 2415; x_wconf 89' lang='lat' dir='ltr'>utriusque</span> <span class='ocrx_word' id='word_1_296' title='bbox 797 2353 916 2418; x_wconf 85' lang='lat' dir='ltr'>genaset</span> 
     </span>
     <span class='ocr_line' id='line_1_30' title="bbox 114 2431 914 2502; baseline -0.003 -14"><span class='ocrx_word' id='word_1_297' title='bbox 114 2431 220 2500; x_wconf 90' lang='lat' dir='ltr'>oculos,</span> <span class='ocrx_word' id='word_1_298' title='bbox 237 2447 303 2488; x_wconf 89' lang='lat' dir='ltr'>suos</span> <span class='ocrx_word' id='word_1_299' title='bbox 317 2431 443 2487; x_wconf 91' lang='lat' dir='ltr'>videlicet</span> <span class='ocrx_word' id='word_1_300' title='bbox 458 2439 485 2488; x_wconf 90' lang='lat' dir='ltr'>et</span> <span class='ocrx_word' id='word_1_301' title='bbox 498 2431 591 2488; x_wconf 89' lang='lat' dir='ltr'>clerici</span> <span class='ocrx_word' id='word_1_302' title='bbox 613 2432 697 2502; x_wconf 93' lang='lat' dir='ltr'>illius,</span> <span class='ocrx_word' id='word_1_303' title='bbox 722 2432 808 2489; x_wconf 91' lang='lat' dir='ltr'>sacris</span> <span class='ocrx_word' id='word_1_304' title='bbox 822 2441 914 2488; x_wconf 83' lang='lat' dir='ltr'>euter-</span> 
     </span>
     <span class='ocr_line' id='line_1_31' title="bbox 113 2519 913 2594; baseline -0.001 -18"><span class='ocrx_word' id='word_1_305' title='bbox 113 2536 183 2594; x_wconf 84' lang='lat' dir='ltr'>gens</span> <span class='ocrx_word' id='word_1_306' title='bbox 198 2519 454 2594; x_wconf 89' lang='lat' dir='ltr'>digitis,osculatus</span> <span class='ocrx_word' id='word_1_307' title='bbox 478 2526 520 2576; x_wconf 91' lang='lat' dir='ltr'>est</span> <span class='ocrx_word' id='word_1_308' title='bbox 543 2536 615 2576; x_wconf 86' lang='lat' dir='ltr'>eum.</span> <span class='ocrx_word' id='word_1_309' title='bbox 639 2521 705 2576; x_wconf 85' lang='lat' dir='ltr'>Erat</span> <span class='ocrx_word' id='word_1_310' title='bbox 729 2527 818 2576; x_wconf 89' lang='lat' dir='ltr'>autem</span> <span class='ocrx_word' id='word_1_311' title='bbox 841 2520 913 2576; x_wconf 91' lang='lat' dir='ltr'>idem</span> 
     </span>
     <span class='ocr_line' id='line_1_32' title="bbox 113 2608 914 2681; baseline 0.001 -17"><span class='ocrx_word' id='word_1_312' title='bbox 113 2609 229 2665; x_wconf 88' lang='lat' dir='ltr'>clericus</span> <span class='ocrx_word' id='word_1_313' title='bbox 243 2623 377 2664; x_wconf 90' lang='lat' dir='ltr'>annorum</span> <span class='ocrx_word' id='word_1_314' title='bbox 392 2608 500 2664; x_wconf 86' lang='lat' dir='ltr'>circiter</span> <span class='ocrx_word' id='word_1_315' title='bbox 514 2608 610 2681; x_wconf 77' lang='lat' dir='ltr'>viginti</span> <span class='ocrx_word' id='word_1_316' title='bbox 623 2608 752 2681; x_wconf 86' lang='lat' dir='ltr'>quinque.</span> <span class='ocrx_word' id='word_1_317' title='bbox 782 2608 914 2679; x_wconf 87' lang='lat' dir='ltr'>Praeccpit</span> 
     </span>
     <span class='ocr_line' id='line_1_33' title="bbox 112 2695 910 2767; baseline -0.003 -14"><span class='ocrx_word' id='word_1_318' title='bbox 112 2712 177 2753; x_wconf 90' lang='lat' dir='ltr'>vero</span> <span class='ocrx_word' id='word_1_319' title='bbox 192 2696 217 2752; x_wconf 94' lang='lat' dir='ltr'>ei</span> <span class='ocrx_word' id='word_1_320' title='bbox 232 2704 367 2767; x_wconf 90' lang='lat' dir='ltr'>quatenus</span> <span class='ocrx_word' id='word_1_321' title='bbox 381 2696 440 2752; x_wconf 87' lang='lat' dir='ltr'>baec</span> <span class='ocrx_word' id='word_1_322' title='bbox 454 2704 612 2752; x_wconf 88' lang='lat' dir='ltr'>reverenter</span> <span class='ocrx_word' id='word_1_323' title='bbox 626 2695 717 2753; x_wconf 87' lang='lat' dir='ltr'>celare</span> <span class='ocrx_word' id='word_1_324' title='bbox 732 2696 910 2753; x_wconf 88' lang='lat' dir='ltr'>meminisset.</span> 
     </span>
     <span class='ocr_line' id='line_1_34' title="bbox 111 2782 914 2855; baseline 0.001 -16"><span class='ocrx_word' id='word_1_325' title='bbox 111 2785 248 2840; x_wconf 85' lang='lat' dir='ltr'>Praeterea</span> <span class='ocrx_word' id='word_1_326' title='bbox 261 2782 419 2855; x_wconf 87' lang='lat' dir='ltr'>diligentius</span> <span class='ocrx_word' id='word_1_327' title='bbox 434 2799 495 2838; x_wconf 89' lang='lat' dir='ltr'>eum</span> <span class='ocrx_word' id='word_1_328' title='bbox 519 2782 657 2839; x_wconf 89' lang='lat' dir='ltr'>adhortari</span> <span class='ocrx_word' id='word_1_329' title='bbox 681 2784 792 2850; x_wconf 88' lang='lat' dir='ltr'>studuit,</span> <span class='ocrx_word' id='word_1_330' title='bbox 807 2792 835 2839; x_wconf 92' lang='lat' dir='ltr'>ut</span> <span class='ocrx_word' id='word_1_331' title='bbox 850 2784 914 2841; x_wconf 87' lang='lat' dir='ltr'>reli·</span> 
     </span>
    </p>
   </div>
   <div class='ocr_carea' id='block_1_9' title="bbox 965 1804 1778 2701">
    <p class='ocr_par' dir='ltr' id='par_1_9' title="bbox 965 1804 1778 2701">
     <span class='ocr_line' id='line_1_35' title="bbox 969 1804 1778 1887; baseline 0.015 -28"><span class='ocrx_word' id='word_1_332' title='bbox 969 1804 1032 1860; x_wconf 90' lang='lat' dir='ltr'>stris</span> <span class='ocrx_word' id='word_1_333' title='bbox 1054 1805 1089 1860; x_wconf 90' lang='lat' dir='ltr'>ad</span> <span class='ocrx_word' id='word_1_334' title='bbox 1113 1821 1190 1861; x_wconf 90' lang='lat' dir='ltr'>suam</span> <span class='ocrx_word' id='word_1_335' title='bbox 1212 1805 1326 1864; x_wconf 87' lang='lat' dir='ltr'>invitare</span> <span class='ocrx_word' id='word_1_336' title='bbox 1348 1824 1481 1880; x_wconf 90' lang='lat' dir='ltr'>mensam,</span> <span class='ocrx_word' id='word_1_337' title='bbox 1506 1812 1596 1869; x_wconf 89' lang='lat' dir='ltr'>verbo</span> <span class='ocrx_word' id='word_1_338' title='bbox 1620 1813 1778 1887; x_wconf 75' lang='lat' dir='ltr'>frequenter</span> 
     </span>
     <span class='ocr_line' id='line_1_36' title="bbox 969 1892 1776 1976; baseline 0.015 -29"><span class='ocrx_word' id='word_1_339' title='bbox 969 1900 1049 1948; x_wconf 89' lang='lat' dir='ltr'>utens</span> <span class='ocrx_word' id='word_1_340' title='bbox 1063 1909 1126 1949; x_wconf 89' lang='lat' dir='ltr'>cum</span> <span class='ocrx_word' id='word_1_341' title='bbox 1137 1892 1243 1950; x_wconf 90' lang='lat' dir='ltr'>liberali</span> <span class='ocrx_word' id='word_1_342' title='bbox 1253 1896 1545 1967; x_wconf 78' lang='lat' dir='ltr'>quadamJucunditate</span> <span class='ocrx_word' id='word_1_343' title='bbox 1555 1901 1592 1957; x_wconf 91' lang='lat' dir='ltr'>ad</span> <span class='ocrx_word' id='word_1_344' title='bbox 1608 1918 1691 1958; x_wconf 86' lang='lat' dir='ltr'>suurn</span> <span class='ocrx_word' id='word_1_345' title='bbox 1705 1904 1776 1976; x_wconf 91' lang='lat' dir='ltr'>dapi-</span> 
     </span>
     <span class='ocr_line' id='line_1_37' title="bbox 968 1980 1776 2053; baseline 0.019 -18"><span class='ocrx_word' id='word_1_346' title='bbox 968 1980 1065 2048; x_wconf 81' lang='lat' dir='ltr'>ferum,</span> <span class='ocrx_word' id='word_1_347' title='bbox 1082 1997 1136 2053; x_wconf 92' lang='lat' dir='ltr'>quo</span> <span class='ocrx_word' id='word_1_348' title='bbox 1150 1998 1224 2053; x_wconf 85' lang='lat' dir='ltr'>saepe</span> <span class='ocrx_word' id='word_1_349' title='bbox 1238 1983 1303 2039; x_wconf 91' lang='lat' dir='ltr'>olim</span> <span class='ocrx_word' id='word_1_350' title='bbox 1318 2001 1384 2041; x_wconf 88' lang='lat' dir='ltr'>usus</span> <span class='ocrx_word' id='word_1_351' title='bbox 1394 1993 1436 2042; x_wconf 85' lang='lat' dir='ltr'>est</span> <span class='ocrx_word' id='word_1_352' title='bbox 1448 1987 1583 2044; x_wconf 88' lang='lat' dir='ltr'>Dominus</span> <span class='ocrx_word' id='word_1_353' title='bbox 1598 1989 1637 2044; x_wconf 89' lang='lat' dir='ltr'>ad</span> <span class='ocrx_word' id='word_1_354' title='bbox 1653 1991 1776 2049; x_wconf 70' lang='lat' dir='ltr'>Hebmo</span> 
     </span>
     <span class='ocr_line' id='line_1_38' title="bbox 967 2069 1773 2153; baseline 0.019 -31"><span class='ocrx_word' id='word_1_355' title='bbox 967 2084 1029 2123; x_wconf 91' lang='lat' dir='ltr'>rum</span> <span class='ocrx_word' id='word_1_356' title='bbox 1044 2069 1173 2140; x_wconf 91' lang='lat' dir='ltr'>populum</span> <span class='ocrx_word' id='word_1_357' title='bbox 1190 2087 1197 2125; x_wconf 91' lang='lat'>:</span> <span class='ocrx_word' id='word_1_358' title='bbox 1215 2093 1226 2119; x_wconf 74' lang='grc' dir='ltr'>ι</span> <span class='ocrx_word' id='word_1_359' title='bbox 1243 2072 1306 2127; x_wconf 90' lang='grc' dir='ltr'>Νοιι</span> <span class='ocrx_word' id='word_1_360' title='bbox 1320 2073 1442 2141; x_wconf 88' lang='lat' dir='ltr'>deseras,</span> <span class='ocrx_word' id='word_1_361' title='bbox 1453 2075 1592 2148; x_wconf 91' lang='lat' dir='ltr'>inquiens,</span> <span class='ocrx_word' id='word_1_362' title='bbox 1605 2077 1715 2147; x_wconf 87' lang='lat' dir='ltr'>levitas,</span> <span class='ocrx_word' id='word_1_363' title='bbox 1730 2081 1773 2153; x_wconf 91' lang='lat' dir='ltr'>qui</span> 
     </span>
     <span class='ocr_line' id='line_1_39' title="bbox 967 2155 1720 2238; baseline 0.012 -28"><span class='ocrx_word' id='word_1_364' title='bbox 967 2155 1038 2213; x_wconf 90' lang='lat' dir='ltr'>inter</span> <span class='ocrx_word' id='word_1_365' title='bbox 1050 2165 1143 2228; x_wconf 90' lang='lat' dir='ltr'>portas</span> <span class='ocrx_word' id='word_1_366' title='bbox 1158 2157 1275 2215; x_wconf 81' lang='lat' dir='ltr'>civitatis</span> <span class='ocrx_word' id='word_1_367' title='bbox 1289 2167 1343 2216; x_wconf 85' lang='lat' dir='ltr'>tuae</span> <span class='ocrx_word' id='word_1_368' title='bbox 1358 2170 1420 2217; x_wconf 89' lang='lat' dir='ltr'>sunt</span> <span class='ocrx_word' id='word_1_369' title='bbox 1434 2162 1529 2235; x_wconf 80' lang='lat' dir='ltr'>(Dect.</span> <span class='ocrx_word' id='word_1_370' title='bbox 1551 2180 1614 2234; x_wconf 85' lang='lat' dir='ltr'>xiv,</span> <span class='ocrx_word' id='word_1_371' title='bbox 1630 2167 1689 2238; x_wconf 78' lang='lat'><strong>27).</strong></span> <span class='ocrx_word' id='word_1_372' title='bbox 1707 2189 1720 2219; x_wconf 81' lang='lat' dir='ltr'>v</span> 
     </span>
     <span class='ocr_line' id='line_1_40' title="bbox 1002 2261 1771 2338; baseline 0.018 -21"><span class='ocrx_word' id='word_1_373' title='bbox 1002 2261 1077 2318; x_wconf 91' lang='lat' dir='ltr'>lllius</span> <span class='ocrx_word' id='word_1_374' title='bbox 1092 2271 1183 2320; x_wconf 88' lang='lat' dir='ltr'>tamen</span> <span class='ocrx_word' id='word_1_375' title='bbox 1195 2264 1249 2321; x_wconf 93' lang='lat' dir='ltr'>looi</span> <span class='ocrx_word' id='word_1_376' title='bbox 1263 2267 1437 2338; x_wconf 88' lang='lat' dir='ltr'>presbytera</span> <span class='ocrx_word' id='word_1_377' title='bbox 1451 2269 1585 2326; x_wconf 87' lang='lat' dir='ltr'>ministris</span> <span class='ocrx_word' id='word_1_378' title='bbox 1600 2288 1680 2329; x_wconf 90' lang='lat' dir='ltr'>more</span> <span class='ocrx_word' id='word_1_379' title='bbox 1695 2274 1771 2332; x_wconf 88' lang='lat' dir='ltr'>solito</span> 
     </span>
     <span class='ocr_line' id='line_1_41' title="bbox 966 2352 1771 2427; baseline 0.017 -22"><span class='ocrx_word' id='word_1_380' title='bbox 966 2358 1088 2411; x_wconf 80' lang='lat' dir='ltr'>vocatus.</span> <span class='ocrx_word' id='word_1_381' title='bbox 1104 2352 1140 2407; x_wconf 90' lang='lat' dir='ltr'>ad</span> <span class='ocrx_word' id='word_1_382' title='bbox 1154 2368 1277 2408; x_wconf 89' lang='lat' dir='ltr'>mensam</span> <span class='ocrx_word' id='word_1_383' title='bbox 1292 2355 1414 2427; x_wconf 84' lang='lat' dir='ltr'>episcopi</span> <span class='ocrx_word' id='word_1_384' title='bbox 1437 2357 1533 2414; x_wconf 92' lang='lat' dir='ltr'>venire</span> <span class='ocrx_word' id='word_1_385' title='bbox 1547 2360 1716 2418; x_wconf 79' lang='lat' dir='ltr'>obstinatius</span> <span class='ocrx_word' id='word_1_386' title='bbox 1729 2381 1771 2419; x_wconf 92' lang='lat' dir='ltr'>re·</span> 
     </span>
     <span class='ocr_line' id='line_1_42' title="bbox 965 2439 1769 2516; baseline 0.02 -23"><span class='ocrx_word' id='word_1_387' title='bbox 965 2439 1090 2506; x_wconf 87' lang='lat' dir='ltr'>cusavit;</span> <span class='ocrx_word' id='word_1_388' title='bbox 1106 2441 1179 2496; x_wconf 89' lang='lat' dir='ltr'>venit</span> <span class='ocrx_word' id='word_1_389' title='bbox 1193 2449 1283 2497; x_wconf 88' lang='lat' dir='ltr'>autem</span> <span class='ocrx_word' id='word_1_390' title='bbox 1303 2453 1365 2514; x_wconf 90' lang='lat' dir='ltr'>post</span> <span class='ocrx_word' id='word_1_391' title='bbox 1385 2445 1529 2516; x_wconf 88' lang='lat' dir='ltr'>prandium</span> <span class='ocrx_word' id='word_1_392' title='bbox 1555 2446 1679 2507; x_wconf 88' lang='lat' dir='ltr'>invisere</span> <span class='ocrx_word' id='word_1_393' title='bbox 1701 2468 1769 2508; x_wconf 86' lang='lat' dir='ltr'>eum.</span> 
     </span>
     <span class='ocr_line' id='line_1_43' title="bbox 965 2527 1771 2606; baseline 0.024 -26"><span class='ocrx_word' id='word_1_394' title='bbox 965 2527 1044 2581; x_wconf 81' lang='lat' dir='ltr'>Venit</span> <span class='ocrx_word' id='word_1_395' title='bbox 1059 2543 1177 2601; x_wconf 88' lang='lat' dir='ltr'>quoquc,</span> <span class='ocrx_word' id='word_1_396' title='bbox 1194 2545 1249 2585; x_wconf 91' lang='lat' dir='ltr'>non</span> <span class='ocrx_word' id='word_1_397' title='bbox 1263 2531 1362 2599; x_wconf 91' lang='lat' dir='ltr'>solnm,</span> <span class='ocrx_word' id='word_1_398' title='bbox 1378 2540 1408 2588; x_wconf 91' lang='lat' dir='ltr'>ut</span> <span class='ocrx_word' id='word_1_399' title='bbox 1430 2534 1560 2606; x_wconf 88' lang='lat' dir='ltr'>episcopo</span> <span class='ocrx_word' id='word_1_400' title='bbox 1583 2536 1771 2598; x_wconf 79' lang='lat' dir='ltr'>celeberrime</span> 
     </span>
     <span class='ocr_line' id='line_1_44' title="bbox 965 2614 1771 2701; baseline 0.02 -33"><span class='ocrx_word' id='word_1_401' title='bbox 965 2614 1100 2686; x_wconf 89' lang='lat' dir='ltr'>opinionis</span> <span class='ocrx_word' id='word_1_402' title='bbox 1115 2616 1276 2690; x_wconf 88' lang='lat' dir='ltr'>obsequium</span> <span class='ocrx_word' id='word_1_403' title='bbox 1289 2620 1431 2677; x_wconf 88' lang='lat' dir='ltr'>exhiberet</span> <span class='ocrx_word' id='word_1_404' title='bbox 1453 2621 1640 2693; x_wconf 88' lang='lat' dir='ltr'>salutationis,</span> <span class='ocrx_word' id='word_1_405' title='bbox 1660 2629 1711 2684; x_wconf 87' lang='lat' dir='ltr'>sed</span> <span class='ocrx_word' id='word_1_406' title='bbox 1722 2645 1771 2701; x_wconf 92' lang='lat' dir='ltr'>po-</span> 
     </span>
    </p>
   </div>
   <div class='ocr_carea' id='block_1_10' title="bbox 963 2703 1768 2875">
    <p class='ocr_par' dir='ltr' id='par_1_10' title="bbox 963 2703 1768 2875">
     <span class='ocr_line' id='line_1_45' title="bbox 964 2703 1768 2774; baseline 0.021 -18"><span class='ocrx_word' id='word_1_407' title='bbox 964 2703 1026 2770; x_wconf 89' lang='lat' dir='ltr'>tius,</span> <span class='ocrx_word' id='word_1_408' title='bbox 1043 2711 1071 2759; x_wconf 91' lang='lat' dir='ltr'>ut</span> <span class='ocrx_word' id='word_1_409' title='bbox 1086 2705 1145 2774; x_wconf 74' lang='lat' dir='ltr'>eius</span> <span class='ocrx_word' id='word_1_410' title='bbox 1159 2707 1329 2764; x_wconf 90' lang='lat' dir='ltr'>orationibus</span> <span class='ocrx_word' id='word_1_411' title='bbox 1352 2725 1414 2765; x_wconf 89' lang='lat' dir='ltr'>sese</span> <span class='ocrx_word' id='word_1_412' title='bbox 1437 2710 1556 2768; x_wconf 89' lang='lat' dir='ltr'>Domino</span> <span class='ocrx_word' id='word_1_413' title='bbox 1580 2716 1768 2772; x_wconf 87' lang='lat' dir='ltr'>commendati</span> 
     </span>
     <span class='ocr_line' id='line_1_46' title="bbox 963 2790 1765 2875; baseline 0.021 -30"><span class='ocrx_word' id='word_1_414' title='bbox 963 2790 1106 2849; x_wconf 90' lang='lat' dir='ltr'>obtineret.</span> <span class='ocrx_word' id='word_1_415' title='bbox 1123 2794 1202 2850; x_wconf 87' lang='lat' dir='ltr'>Venit</span> <span class='ocrx_word' id='word_1_416' title='bbox 1213 2795 1304 2865; x_wconf 90' lang='lat' dir='ltr'>etiam,</span> <span class='ocrx_word' id='word_1_417' title='bbox 1320 2804 1349 2852; x_wconf 93' lang='lat' dir='ltr'>ut</span> <span class='ocrx_word' id='word_1_418' title='bbox 1363 2797 1389 2854; x_wconf 95' lang='lat' dir='ltr'>ei</span> <span class='ocrx_word' id='word_1_419' title='bbox 1403 2814 1461 2854; x_wconf 89' lang='lat' dir='ltr'>rem</span> <span class='ocrx_word' id='word_1_420' title='bbox 1484 2799 1566 2857; x_wconf 89' lang='lat' dir='ltr'>valde</span> <span class='ocrx_word' id='word_1_421' title='bbox 1590 2805 1765 2875; x_wconf 86' lang='lat' dir='ltr'>stupendam,</span> 
     </span>
    </p>
   </div>
   <div class='ocr_carea' id='block_1_11' title="bbox 102 2869 1767 3753">
    <p class='ocr_par' dir='ltr' id='par_1_11' title="bbox 102 2869 1767 3320">
     <span class='ocr_line' id='line_1_47' title="bbox 111 2869 1767 2959; baseline 0.014 -32"><span class='ocrx_word' id='word_1_422' title='bbox 111 2871 202 2946; x_wconf 90' lang='lat' dir='ltr'>gionis</span> <span class='ocrx_word' id='word_1_423' title='bbox 217 2871 338 2927; x_wconf 90' lang='lat' dir='ltr'>habitum</span> <span class='ocrx_word' id='word_1_424' title='bbox 352 2870 494 2942; x_wconf 86' lang='lat' dir='ltr'>suscipere</span> <span class='ocrx_word' id='word_1_425' title='bbox 509 2879 536 2926; x_wconf 91' lang='lat' dir='ltr'>et</span> <span class='ocrx_word' id='word_1_426' title='bbox 558 2869 695 2945; x_wconf 83' lang='lat' dir='ltr'>religiosis</span> <span class='ocrx_word' id='word_1_427' title='bbox 719 2872 839 2928; x_wconf 90' lang='lat' dir='ltr'>moribus</span> <span class='ocrx_word' id='word_1_428' title='bbox 854 2873 912 2929; x_wconf 93' lang='lat' dir='ltr'>Do·</span> <span class='ocrx_word' id='word_1_429' title='bbox 963 2880 1089 2950; x_wconf 83' lang='lat' dir='ltr'>quaesibi</span> <span class='ocrx_word' id='word_1_430' title='bbox 1105 2880 1208 2937; x_wconf 90' lang='lat' dir='ltr'>dudum</span> <span class='ocrx_word' id='word_1_431' title='bbox 1222 2885 1298 2956; x_wconf 83' lang='grc'>(195)</span> <span class='ocrx_word' id='word_1_432' title='bbox 1312 2886 1472 2959; x_wconf 79' lang='lat' dir='ltr'>contigerat,</span> <span class='ocrx_word' id='word_1_433' title='bbox 1487 2890 1523 2946; x_wconf 94' lang='lat' dir='ltr'>de</span> <span class='ocrx_word' id='word_1_434' title='bbox 1545 2889 1692 2948; x_wconf 89' lang='lat' dir='ltr'>adorando</span> <span class='ocrx_word' id='word_1_435' title='bbox 1706 2909 1767 2950; x_wconf 90' lang='lat' dir='ltr'>cor-</span> 
     </span>
     <span class='ocr_line' id='line_1_48' title="bbox 109 2959 1766 3051; baseline 0.011 -34"><span class='ocrx_word' id='word_1_436' title='bbox 109 2960 184 3017; x_wconf 88' lang='lat' dir='ltr'>mino</span> <span class='ocrx_word' id='word_1_437' title='bbox 199 2959 304 3016; x_wconf 90' lang='lat' dir='ltr'>servire</span> <span class='ocrx_word' id='word_1_438' title='bbox 318 2976 350 3016; x_wconf 88' lang='lat' dir='ltr'>ex</span> <span class='ocrx_word' id='word_1_439' title='bbox 365 2960 470 3033; x_wconf 90' lang='lat' dir='ltr'>integro</span> <span class='ocrx_word' id='word_1_440' title='bbox 491 2966 649 3016; x_wconf 89' lang='lat' dir='ltr'>maturaret.</span> <span class='ocrx_word' id='word_1_441' title='bbox 673 2961 820 3017; x_wconf 72' lang='lat' dir='ltr'>asserebat</span> <span class='ocrx_word' id='word_1_442' title='bbox 839 2960 912 3018; x_wconf 89' lang='lat' dir='ltr'>enim</span> <span class='ocrx_word' id='word_1_443' title='bbox 961 2966 1036 3038; x_wconf 91' lang='lat' dir='ltr'>poris</span> <span class='ocrx_word' id='word_1_444' title='bbox 1050 2969 1184 3027; x_wconf 89' lang='lat' dir='ltr'>Dominici</span> <span class='ocrx_word' id='word_1_445' title='bbox 1208 2982 1380 3030; x_wconf 89' lang='lat' dir='ltr'>sacramento</span> <span class='ocrx_word' id='word_1_446' title='bbox 1398 2984 1425 3031; x_wconf 91' lang='lat' dir='ltr'>et</span> <span class='ocrx_word' id='word_1_447' title='bbox 1449 2976 1541 3033; x_wconf 89' lang='lat' dir='ltr'>verbis</span> <span class='ocrx_word' id='word_1_448' title='bbox 1562 2990 1726 3051; x_wconf 84' lang='lat' dir='ltr'>exponeret,</span> <span class='ocrx_word' id='word_1_449' title='bbox 1741 2991 1766 3037; x_wconf 90' lang='lat' dir='ltr'>et</span> 
     </span>
     <span class='ocr_line' id='line_1_49' title="bbox 102 3047 1766 3131; baseline 0.009 -27"><span class='ocrx_word' id='word_1_450' title='bbox 102 3064 165 3104; x_wconf 67' lang='lat' dir='ltr'>⁴non</span> <span class='ocrx_word' id='word_1_451' title='bbox 178 3064 240 3105; x_wconf 88' lang='lat' dir='ltr'>esse</span> <span class='ocrx_word' id='word_1_452' title='bbox 255 3048 422 3105; x_wconf 85' lang='lat' dir='ltr'>conveniens</span> <span class='ocrx_word' id='word_1_453' title='bbox 436 3056 475 3114; x_wconf 90' lang='lat' dir='ltr'>ut,</span> <span class='ocrx_word' id='word_1_454' title='bbox 498 3048 543 3120; x_wconf 90' lang='lat' dir='ltr'>qui</span> <span class='ocrx_word' id='word_1_455' title='bbox 558 3047 622 3103; x_wconf 88' lang='lat' dir='ltr'>talia</span> <span class='ocrx_word' id='word_1_456' title='bbox 645 3048 758 3104; x_wconf 87' lang='lat' dir='ltr'>vidisset</span> <span class='ocrx_word' id='word_1_457' title='bbox 778 3056 804 3106; x_wconf 91' lang='lat' dir='ltr'>et</span> <span class='ocrx_word' id='word_1_458' title='bbox 817 3049 913 3105; x_wconf 89' lang='lat' dir='ltr'>audis·</span> <span class='ocrx_word' id='word_1_459' title='bbox 962 3055 997 3111; x_wconf 93' lang='lat' dir='ltr'>ad</span> <span class='ocrx_word' id='word_1_460' title='bbox 1011 3055 1159 3114; x_wconf 89' lang='lat' dir='ltr'>videndum</span> <span class='ocrx_word' id='word_1_461' title='bbox 1169 3059 1257 3131; x_wconf 89' lang='lat' dir='ltr'>ipsam</span> <span class='ocrx_word' id='word_1_462' title='bbox 1264 3077 1333 3129; x_wconf 89' lang='lat' dir='ltr'>rem,</span> <span class='ocrx_word' id='word_1_463' title='bbox 1344 3063 1395 3119; x_wconf 92' lang='lat' dir='ltr'>sub</span> <span class='ocrx_word' id='word_1_464' title='bbox 1404 3064 1491 3121; x_wconf 91' lang='lat' dir='ltr'>oculis</span> <span class='ocrx_word' id='word_1_465' title='bbox 1500 3065 1592 3124; x_wconf 83' lang='lat' dir='ltr'>adhuc</span> <span class='ocrx_word' id='word_1_466' title='bbox 1607 3068 1638 3123; x_wconf 85' lang='lat' dir='ltr'>in</span> <span class='ocrx_word' id='word_1_467' title='bbox 1651 3069 1766 3126; x_wconf 72' lang='lat' dir='ltr'>ecclesis</span> 
     </span>
     <span class='ocr_line' id='line_1_50' title="bbox 109 3136 1766 3217; baseline 0.013 -25"><span class='ocrx_word' id='word_1_468' title='bbox 109 3145 160 3204; x_wconf 92' lang='lat' dir='ltr'>set,</span> <span class='ocrx_word' id='word_1_469' title='bbox 177 3136 205 3192; x_wconf 93' lang='lat' dir='ltr'>in</span> <span class='ocrx_word' id='word_1_470' title='bbox 219 3136 311 3193; x_wconf 74' lang='lat' dir='ltr'>saeculi</span> <span class='ocrx_word' id='word_1_471' title='bbox 325 3136 445 3193; x_wconf 85' lang='lat' dir='ltr'>vanitate</span> <span class='ocrx_word' id='word_1_472' title='bbox 465 3136 578 3192; x_wconf 88' lang='lat' dir='ltr'>ulterius</span> <span class='ocrx_word' id='word_1_473' title='bbox 601 3137 714 3207; x_wconf 84' lang='lat' dir='ltr'>spatiari</span> <span class='ocrx_word' id='word_1_474' title='bbox 738 3137 830 3194; x_wconf 89' lang='lat' dir='ltr'>vellet.</span> <span class='ocrx_word' id='word_1_475' title='bbox 859 3137 913 3207; x_wconf 89' lang='lat' dir='ltr'>Qui</span> <span class='ocrx_word' id='word_1_476' title='bbox 962 3159 1012 3200; x_wconf 82' lang='lat' dir='ltr'>sua</span> <span class='ocrx_word' id='word_1_477' title='bbox 1026 3145 1154 3217; x_wconf 90' lang='lat' dir='ltr'>positam,</span> <span class='ocrx_word' id='word_1_478' title='bbox 1170 3164 1232 3204; x_wconf 91' lang='lat' dir='ltr'>eum</span> <span class='ocrx_word' id='word_1_479' title='bbox 1242 3148 1381 3208; x_wconf 87' lang='lat' dir='ltr'>invitaret.</span> <span class='ocrx_word' id='word_1_480' title='bbox 1408 3153 1475 3209; x_wconf 88' lang='lat' dir='ltr'>Erat</span> <span class='ocrx_word' id='word_1_481' title='bbox 1489 3154 1562 3210; x_wconf 91' lang='lat' dir='ltr'>enim</span> <span class='ocrx_word' id='word_1_482' title='bbox 1584 3155 1661 3214; x_wconf 85' lang='lat' dir='ltr'>idam</span> <span class='ocrx_word' id='word_1_483' title='bbox 1675 3173 1766 3215; x_wconf 86' lang='lat' dir='ltr'>sacer-</span> 
     </span>
     <span class='ocr_line' id='line_1_51' title="bbox 109 3224 1766 3320; baseline 0.013 -40"><span class='ocrx_word' id='word_1_484' title='bbox 109 3224 251 3280; x_wconf 87' lang='lat' dir='ltr'>statimhis</span> <span class='ocrx_word' id='word_1_485' title='bbox 261 3241 291 3280; x_wconf 88' lang='lat' dir='ltr'>se</span> <span class='ocrx_word' id='word_1_486' title='bbox 302 3224 480 3281; x_wconf 88' lang='lat' dir='ltr'>libentissime</span> <span class='ocrx_word' id='word_1_487' title='bbox 490 3224 909 3297; x_wconf 88' lang='lat' dir='ltr'>monitispariturumrespondit.</span> <span class='ocrx_word' id='word_1_488' title='bbox 960 3232 1012 3289; x_wconf 94' lang='lat' dir='ltr'>dos</span> <span class='ocrx_word' id='word_1_489' title='bbox 1023 3234 1080 3303; x_wconf 89' lang='lat' dir='ltr'>jam</span> <span class='ocrx_word' id='word_1_490' title='bbox 1096 3237 1259 3308; x_wconf 82' lang='lat' dir='ltr'>grandaevus</span> <span class='ocrx_word' id='word_1_491' title='bbox 1274 3245 1301 3295; x_wconf 90' lang='lat' dir='ltr'>et</span> <span class='ocrx_word' id='word_1_492' title='bbox 1321 3248 1432 3312; x_wconf 90' lang='lat' dir='ltr'>aspectu</span> <span class='ocrx_word' id='word_1_493' title='bbox 1456 3244 1638 3312; x_wconf 87' lang='lat' dir='ltr'>reverendus,</span> <span class='ocrx_word' id='word_1_494' title='bbox 1654 3261 1766 3320; x_wconf 91' lang='lat' dir='ltr'>corpore</span> 
     </span>
    </p>

    <p class='ocr_par' dir='ltr' id='par_1_12' title="bbox 105 3312 1764 3753">
     <span class='ocr_line' id='line_1_52' title="bbox 144 3312 1763 3404; baseline 0.014 -35"><span class='ocrx_word' id='word_1_495' title='bbox 144 3314 209 3369; x_wconf 88' lang='lat' dir='ltr'>Post</span> <span class='ocrx_word' id='word_1_496' title='bbox 223 3313 281 3369; x_wconf 81' lang='lat' dir='ltr'>liceo</span> <span class='ocrx_word' id='word_1_497' title='bbox 295 3312 386 3368; x_wconf 91' lang='lat' dir='ltr'>aulam</span> <span class='ocrx_word' id='word_1_498' title='bbox 397 3313 454 3382; x_wconf 86' lang='lat' dir='ltr'>jam</span> <span class='ocrx_word' id='word_1_499' title='bbox 467 3328 617 3385; x_wconf 90' lang='lat' dir='ltr'>pransurus</span> <span class='ocrx_word' id='word_1_500' title='bbox 640 3314 790 3386; x_wconf 81' lang='lat' dir='ltr'>ingreditur</span> <span class='ocrx_word' id='word_1_501' title='bbox 803 3315 911 3386; x_wconf 90' lang='lat' dir='ltr'>episco·</span> <span class='ocrx_word' id='word_1_502' title='bbox 960 3320 1042 3377; x_wconf 90' lang='lat' dir='ltr'>etiam</span> <span class='ocrx_word' id='word_1_503' title='bbox 1056 3330 1122 3394; x_wconf 92' lang='lat' dir='ltr'>toto,</span> <span class='ocrx_word' id='word_1_504' title='bbox 1138 3340 1193 3380; x_wconf 91' lang='lat' dir='ltr'>non</span> <span class='ocrx_word' id='word_1_505' title='bbox 1208 3333 1262 3381; x_wconf 91' lang='lat' dir='ltr'>tam</span> <span class='ocrx_word' id='word_1_506' title='bbox 1276 3343 1334 3400; x_wconf 82' lang='lat' dir='ltr'>prae</span> <span class='ocrx_word' id='word_1_507' title='bbox 1347 3337 1427 3385; x_wconf 83' lang='lat' dir='ltr'>aetata</span> <span class='ocrx_word' id='word_1_508' title='bbox 1441 3346 1523 3403; x_wconf 90' lang='lat' dir='ltr'>quarn</span> <span class='ocrx_word' id='word_1_509' title='bbox 1546 3348 1607 3404; x_wconf 82' lang='lat' dir='ltr'>prae</span> <span class='ocrx_word' id='word_1_510' title='bbox 1622 3335 1763 3392; x_wconf 90' lang='lat' dir='ltr'>abstinen-</span> 
     </span>
     <span class='ocr_line' id='line_1_53' title="bbox 106 3400 1762 3490; baseline 0.014 -33"><span class='ocrx_word' id='word_1_511' title='bbox 106 3417 167 3473; x_wconf 90' lang='lat' dir='ltr'>pns.</span> <span class='ocrx_word' id='word_1_512' title='bbox 194 3400 311 3457; x_wconf 88' lang='lat' dir='ltr'>Plurima</span> <span class='ocrx_word' id='word_1_513' title='bbox 336 3401 425 3474; x_wconf 86' lang='lat' dir='ltr'>itaque</span> <span class='ocrx_word' id='word_1_514' title='bbox 449 3401 565 3473; x_wconf 89' lang='lat' dir='ltr'>stipatus</span> <span class='ocrx_word' id='word_1_515' title='bbox 593 3402 795 3459; x_wconf 87' lang='lat' dir='ltr'>convivantium</span> <span class='ocrx_word' id='word_1_516' title='bbox 819 3402 907 3473; x_wconf 87' lang='lat' dir='ltr'>turba,</span> <span class='ocrx_word' id='word_1_517' title='bbox 959 3409 1013 3480; x_wconf 77' lang='lat' dir='ltr'>tia,</span> <span class='ocrx_word' id='word_1_518' title='bbox 1028 3419 1057 3466; x_wconf 91' lang='lat' dir='ltr'>ut</span> <span class='ocrx_word' id='word_1_519' title='bbox 1071 3411 1222 3482; x_wconf 89' lang='lat' dir='ltr'>dicebatur,</span> <span class='ocrx_word' id='word_1_520' title='bbox 1239 3415 1333 3488; x_wconf 83' lang='lat' dir='ltr'>rigore</span> <span class='ocrx_word' id='word_1_521' title='bbox 1346 3418 1553 3490; x_wconf 82' lang='lat' dir='ltr'>praemarcidus,</span> <span class='ocrx_word' id='word_1_522' title='bbox 1570 3429 1601 3478; x_wconf 87' lang='lat' dir='ltr'>et</span> <span class='ocrx_word' id='word_1_523' title='bbox 1614 3431 1678 3480; x_wconf 90' lang='lat' dir='ltr'>cute</span> <span class='ocrx_word' id='word_1_524' title='bbox 1691 3425 1762 3480; x_wconf 89' lang='lat' dir='ltr'>ossi-</span> 
     </span>
     <span class='ocr_line' id='line_1_54' title="bbox 107 3488 1764 3581; baseline 0.009 -35"><span class='ocrx_word' id='word_1_525' title='bbox 107 3489 202 3546; x_wconf 88' lang='lat' dir='ltr'>bilaris</span> <span class='ocrx_word' id='word_1_526' title='bbox 217 3498 243 3546; x_wconf 93' lang='lat' dir='ltr'>et</span> <span class='ocrx_word' id='word_1_527' title='bbox 258 3488 336 3546; x_wconf 87' lang='lat' dir='ltr'>laetus</span> <span class='ocrx_word' id='word_1_528' title='bbox 350 3490 496 3557; x_wconf 89' lang='lat' dir='ltr'>discubuit,</span> <span class='ocrx_word' id='word_1_529' title='bbox 523 3489 651 3546; x_wconf 88' lang='lat' dir='ltr'>clericum</span> <span class='ocrx_word' id='word_1_530' title='bbox 676 3491 755 3547; x_wconf 88' lang='lat' dir='ltr'>toties</span> <span class='ocrx_word' id='word_1_531' title='bbox 769 3507 908 3547; x_wconf 89' lang='lat' dir='ltr'>memora·</span> <span class='ocrx_word' id='word_1_532' title='bbox 959 3497 1010 3554; x_wconf 93' lang='lat' dir='ltr'>bus</span> <span class='ocrx_word' id='word_1_533' title='bbox 1033 3499 1169 3558; x_wconf 89' lang='lat' dir='ltr'>insidente</span> <span class='ocrx_word' id='word_1_534' title='bbox 1198 3504 1352 3574; x_wconf 89' lang='lat' dir='ltr'>peraridus.</span> <span class='ocrx_word' id='word_1_535' title='bbox 1385 3504 1437 3575; x_wconf 87' lang='lat' dir='ltr'>Qui</span> <span class='ocrx_word' id='word_1_536' title='bbox 1457 3515 1606 3581; x_wconf 88' lang='lat' dir='ltr'>postquam</span> <span class='ocrx_word' id='word_1_537' title='bbox 1638 3511 1764 3581; x_wconf 62' lang='lat' dir='ltr'>salutum</span> 
     </span>
     <span class='ocr_line' id='line_1_55' title="bbox 105 3578 1763 3668; baseline 0.011 -34"><span class='ocrx_word' id='word_1_538' title='bbox 105 3586 163 3634; x_wconf 91' lang='lat' dir='ltr'>tum</span> <span class='ocrx_word' id='word_1_539' title='bbox 177 3579 205 3634; x_wconf 93' lang='lat' dir='ltr'>in</span> <span class='ocrx_word' id='word_1_540' title='bbox 217 3594 283 3635; x_wconf 87' lang='lat' dir='ltr'>area</span> <span class='ocrx_word' id='word_1_541' title='bbox 297 3594 354 3634; x_wconf 91' lang='lat' dir='ltr'>nou</span> <span class='ocrx_word' id='word_1_542' title='bbox 367 3579 450 3651; x_wconf 87' lang='lat' dir='ltr'>longa</span> <span class='ocrx_word' id='word_1_543' title='bbox 465 3595 480 3634; x_wconf 93' lang='lat' dir='ltr'>a</span> <span class='ocrx_word' id='word_1_544' title='bbox 494 3579 555 3634; x_wconf 92' lang='lat' dir='ltr'>loco</span> <span class='ocrx_word' id='word_1_545' title='bbox 577 3578 708 3634; x_wconf 90' lang='lat' dir='ltr'>sessionis</span> <span class='ocrx_word' id='word_1_546' title='bbox 729 3596 785 3635; x_wconf 82' lang='lat' dir='ltr'>suae</span> <span class='ocrx_word' id='word_1_547' title='bbox 808 3580 907 3651; x_wconf 86' lang='lat' dir='ltr'>praeci·</span> <span class='ocrx_word' id='word_1_548' title='bbox 958 3582 1127 3654; x_wconf 89' lang='lat' dir='ltr'>episcopum,</span> <span class='ocrx_word' id='word_1_549' title='bbox 1143 3601 1198 3641; x_wconf 90' lang='lat' dir='ltr'>noa</span> <span class='ocrx_word' id='word_1_550' title='bbox 1212 3587 1299 3659; x_wconf 91' lang='lat' dir='ltr'>potuit</span> <span class='ocrx_word' id='word_1_551' title='bbox 1321 3605 1378 3661; x_wconf 82' lang='lat' dir='ltr'>prae</span> <span class='ocrx_word' id='word_1_552' title='bbox 1393 3592 1564 3660; x_wconf 90' lang='lat' dir='ltr'>verecundia,</span> <span class='ocrx_word' id='word_1_553' title='bbox 1589 3595 1665 3667; x_wconf 92' lang='lat' dir='ltr'>quod</span> <span class='ocrx_word' id='word_1_554' title='bbox 1685 3604 1763 3668; x_wconf 90' lang='lat' dir='ltr'>opta·</span> 
     </span>
     <span class='ocr_line' id='line_1_56' title="bbox 105 3665 1762 3753; baseline 0.011 -30"><span class='ocrx_word' id='word_1_555' title='bbox 105 3667 184 3740; x_wconf 91' lang='lat' dir='ltr'>piens</span> <span class='ocrx_word' id='word_1_556' title='bbox 199 3667 280 3723; x_wconf 92' lang='lat' dir='ltr'>simul</span> <span class='ocrx_word' id='word_1_557' title='bbox 299 3668 471 3723; x_wconf 85' lang='lat' dir='ltr'>recumbere.</span> <span class='ocrx_word' id='word_1_558' title='bbox 489 3665 541 3735; x_wconf 89' lang='lat' dir='ltr'>Qui</span> <span class='ocrx_word' id='word_1_559' title='bbox 562 3667 607 3724; x_wconf 92' lang='lat' dir='ltr'>die</span> <span class='ocrx_word' id='word_1_560' title='bbox 630 3675 739 3739; x_wconf 89' lang='lat' dir='ltr'>postera</span> <span class='ocrx_word' id='word_1_561' title='bbox 763 3668 908 3725; x_wconf 89' lang='lat' dir='ltr'>abeodem</span> <span class='ocrx_word' id='word_1_562' title='bbox 957 3669 995 3725; x_wconf 90' lang='lat' dir='ltr'>vit</span> <span class='ocrx_word' id='word_1_563' title='bbox 1015 3671 1055 3726; x_wconf 92' lang='lat' dir='ltr'>illi</span> <span class='ocrx_word' id='word_1_564' title='bbox 1078 3673 1218 3732; x_wconf 89' lang='lat' dir='ltr'>declarare</span> <span class='ocrx_word' id='word_1_565' title='bbox 1241 3676 1442 3749; x_wconf 87' lang='lat' dir='ltr'>perseipsum,</span> <span class='ocrx_word' id='word_1_566' title='bbox 1465 3681 1515 3735; x_wconf 90' lang='lat' dir='ltr'>sed</span> <span class='ocrx_word' id='word_1_567' title='bbox 1539 3680 1708 3753; x_wconf 91' lang='lat' dir='ltr'>quibusdam</span> <span class='ocrx_word' id='word_1_568' title='bbox 1731 3701 1762 3741; x_wconf 82' lang='lat' dir='ltr'>ex</span> 
     </span>
    </p>
   </div>
   <div class='ocr_carea' id='block_1_12' title="bbox 101 3755 907 4534">
    <p class='ocr_par' dir='ltr' id='par_1_13' title="bbox 101 3755 907 4534">
     <span class='ocr_line' id='line_1_57' title="bbox 105 3755 905 3827; baseline 0 -15"><span class='ocrx_word' id='word_1_569' title='bbox 105 3770 167 3812; x_wconf 90' lang='lat' dir='ltr'>cum</span> <span class='ocrx_word' id='word_1_570' title='bbox 194 3755 383 3812; x_wconf 89' lang='lat' dir='ltr'>benedictione</span> <span class='ocrx_word' id='word_1_571' title='bbox 407 3755 546 3822; x_wconf 90' lang='lat' dir='ltr'>dimissus,</span> <span class='ocrx_word' id='word_1_572' title='bbox 578 3763 604 3810; x_wconf 91' lang='lat' dir='ltr'>et</span> <span class='ocrx_word' id='word_1_573' title='bbox 628 3755 663 3811; x_wconf 88' lang='lat' dir='ltr'>ad</span> <span class='ocrx_word' id='word_1_574' title='bbox 686 3755 832 3827; x_wconf 89' lang='lat' dir='ltr'>quemdam</span> <span class='ocrx_word' id='word_1_575' title='bbox 855 3756 905 3812; x_wconf 91' lang='lat' dir='ltr'>sibi</span> 
     </span>
     <span class='ocr_line' id='line_1_58' title="bbox 104 3842 907 3916; baseline 0.004 -17"><span class='ocrx_word' id='word_1_576' title='bbox 104 3842 266 3900; x_wconf 81' lang='lat' dir='ltr'>familiarem</span> <span class='ocrx_word' id='word_1_577' title='bbox 276 3843 440 3899; x_wconf 89' lang='lat' dir='ltr'>monachum</span> <span class='ocrx_word' id='word_1_578' title='bbox 449 3844 635 3911; x_wconf 88' lang='lat' dir='ltr'>transmissus,</span> <span class='ocrx_word' id='word_1_579' title='bbox 646 3845 797 3900; x_wconf 88' lang='lat' dir='ltr'>monachus</span> <span class='ocrx_word' id='word_1_580' title='bbox 807 3853 833 3900; x_wconf 91' lang='lat' dir='ltr'>et</span> <span class='ocrx_word' id='word_1_581' title='bbox 848 3845 907 3916; x_wconf 92' lang='lat' dir='ltr'>ipse</span> 
     </span>
     <span class='ocr_line' id='line_1_59' title="bbox 104 3930 905 4004; baseline 0.001 -16"><span class='ocrx_word' id='word_1_582' title='bbox 104 3931 159 3988; x_wconf 88' lang='lat' dir='ltr'>cito</span> <span class='ocrx_word' id='word_1_583' title='bbox 173 3939 267 4003; x_wconf 87' lang='lat' dir='ltr'>postea</span> <span class='ocrx_word' id='word_1_584' title='bbox 281 3930 404 3997; x_wconf 82' lang='lat' dir='ltr'>effectus,</span> <span class='ocrx_word' id='word_1_585' title='bbox 425 3931 552 4004; x_wconf 84' lang='lat' dir='ltr'>religiose</span> <span class='ocrx_word' id='word_1_586' title='bbox 575 3931 720 3987; x_wconf 89' lang='lat' dir='ltr'>admodum</span> <span class='ocrx_word' id='word_1_587' title='bbox 735 3941 776 3987; x_wconf 90' lang='lat' dir='ltr'>est</span> <span class='ocrx_word' id='word_1_588' title='bbox 791 3947 905 3989; x_wconf 90' lang='lat' dir='ltr'>conver·</span> 
     </span>
     <span class='ocr_line' id='line_1_60' title="bbox 104 4017 905 4091; baseline 0.005 -18"><span class='ocrx_word' id='word_1_589' title='bbox 104 4026 188 4074; x_wconf 91' lang='lat' dir='ltr'>satus.</span> <span class='ocrx_word' id='word_1_590' title='bbox 213 4018 262 4075; x_wconf 85' lang='lat' dir='ltr'>Cui</span> <span class='ocrx_word' id='word_1_591' title='bbox 284 4017 401 4090; x_wconf 89' lang='lat' dir='ltr'>plurima</span> <span class='ocrx_word' id='word_1_592' title='bbox 432 4034 540 4090; x_wconf 91' lang='lat' dir='ltr'>quoque</span> <span class='ocrx_word' id='word_1_593' title='bbox 569 4019 747 4091; x_wconf 90' lang='lat' dir='ltr'>spiritualium</span> <span class='ocrx_word' id='word_1_594' title='bbox 770 4020 905 4077; x_wconf 90' lang='lat' dir='ltr'>visionum</span> 
     </span>
     <span class='ocr_line' id='line_1_61' title="bbox 104 4106 905 4179; baseline 0.001 -16"><span class='ocrx_word' id='word_1_595' title='bbox 104 4106 234 4179; x_wconf 88' lang='lat' dir='ltr'>mysteria</span> <span class='ocrx_word' id='word_1_596' title='bbox 247 4107 420 4179; x_wconf 90' lang='lat' dir='ltr'>postmodum</span> <span class='ocrx_word' id='word_1_597' title='bbox 443 4106 527 4163; x_wconf 85' lang='lat' dir='ltr'>luisse</span> <span class='ocrx_word' id='word_1_598' title='bbox 551 4107 670 4164; x_wconf 87' lang='lat' dir='ltr'>revelata</span> <span class='ocrx_word' id='word_1_599' title='bbox 693 4109 843 4165; x_wconf 88' lang='lat' dir='ltr'>certissima</span> <span class='ocrx_word' id='word_1_600' title='bbox 858 4126 905 4166; x_wconf 86' lang='lat' dir='ltr'>ex·</span> 
     </span>
     <span class='ocr_line' id='line_1_62' title="bbox 101 4195 904 4269; baseline 0.006 -18"><span class='ocrx_word' id='word_1_601' title='bbox 101 4196 173 4269; x_wconf 89' lang='lat' dir='ltr'>perti</span> <span class='ocrx_word' id='word_1_602' title='bbox 187 4213 291 4262; x_wconf 88' lang='lat' dir='ltr'>sumus,</span> <span class='ocrx_word' id='word_1_603' title='bbox 309 4211 342 4251; x_wconf 86' lang='lat' dir='ltr'>ex</span> <span class='ocrx_word' id='word_1_604' title='bbox 356 4195 454 4268; x_wconf 92' lang='lat' dir='ltr'>quibus</span> <span class='ocrx_word' id='word_1_605' title='bbox 467 4211 522 4251; x_wconf 92' lang='lat' dir='ltr'>non</span> <span class='ocrx_word' id='word_1_606' title='bbox 542 4212 630 4268; x_wconf 90' lang='lat' dir='ltr'>pauca</span> <span class='ocrx_word' id='word_1_607' title='bbox 643 4197 740 4252; x_wconf 89' lang='lat' dir='ltr'>litteris</span> <span class='ocrx_word' id='word_1_608' title='bbox 754 4197 854 4253; x_wconf 89' lang='lat' dir='ltr'>dudum</span> <span class='ocrx_word' id='word_1_609' title='bbox 869 4199 904 4256; x_wconf 88' lang='lat' dir='ltr'>de</span> 
     </span>
     <span class='ocr_line' id='line_1_63' title="bbox 104 4284 903 4359; baseline 0.004 -19"><span class='ocrx_word' id='word_1_610' title='bbox 104 4284 232 4340; x_wconf 90' lang='lat' dir='ltr'>mandato</span> <span class='ocrx_word' id='word_1_611' title='bbox 247 4285 334 4342; x_wconf 89' lang='lat' dir='ltr'>sancti</span> <span class='ocrx_word' id='word_1_612' title='bbox 348 4284 472 4356; x_wconf 86' lang='lat' dir='ltr'>praesulis</span> <span class='ocrx_word' id='word_1_613' title='bbox 487 4285 584 4340; x_wconf 88' lang='lat' dir='ltr'>tradita</span> <span class='ocrx_word' id='word_1_614' title='bbox 597 4285 682 4358; x_wconf 94' lang='grc'>(191),</span> <span class='ocrx_word' id='word_1_615' title='bbox 699 4287 781 4358; x_wconf 81' lang='lat' dir='ltr'>longe</span> <span class='ocrx_word' id='word_1_616' title='bbox 795 4285 903 4359; x_wconf 87' lang='lat' dir='ltr'>latoque</span> 
     </span>
     <span class='ocr_line' id='line_1_64' title="bbox 104 4372 904 4447; baseline 0.005 -19"><span class='ocrx_word' id='word_1_617' title='bbox 104 4372 215 4444; x_wconf 89' lang='lat' dir='ltr'>vulgata</span> <span class='ocrx_word' id='word_1_618' title='bbox 228 4381 385 4429; x_wconf 88' lang='lat' dir='ltr'>noscuntur.</span> <span class='ocrx_word' id='word_1_619' title='bbox 401 4376 424 4428; x_wconf 78' lang='grc' dir='ltr'><strong>Α</strong></span> <span class='ocrx_word' id='word_1_620' title='bbox 439 4373 516 4442; x_wconf 85' lang='lat' dir='ltr'>cujus</span> <span class='ocrx_word' id='word_1_621' title='bbox 527 4374 608 4430; x_wconf 90' lang='lat' dir='ltr'>etiam</span> <span class='ocrx_word' id='word_1_622' title='bbox 623 4390 671 4431; x_wconf 89' lang='lat' dir='ltr'>ore</span> <span class='ocrx_word' id='word_1_623' title='bbox 686 4376 744 4431; x_wconf 87' lang='lat' dir='ltr'>baec</span> <span class='ocrx_word' id='word_1_624' title='bbox 758 4375 827 4446; x_wconf 89' lang='lat' dir='ltr'>ipsa,</span> <span class='ocrx_word' id='word_1_625' title='bbox 844 4392 904 4447; x_wconf 84' lang='lat' dir='ltr'>quae</span> 
     </span>
     <span class='ocr_line' id='line_1_65' title="bbox 103 4459 699 4534; baseline 0 -18"><span class='ocrx_word' id='word_1_626' title='bbox 103 4460 187 4517; x_wconf 89' lang='lat' dir='ltr'>modo</span> <span class='ocrx_word' id='word_1_627' title='bbox 201 4459 351 4527; x_wconf 90' lang='lat' dir='ltr'>retulimus,</span> <span class='ocrx_word' id='word_1_628' title='bbox 367 4460 524 4534; x_wconf 74' lang='lat' dir='ltr'>frequenter</span> <span class='ocrx_word' id='word_1_629' title='bbox 537 4463 699 4518; x_wconf 90' lang='lat' dir='ltr'>audivimus.</span> 
     </span>
    </p>
   </div>
   <div class='ocr_carea' id='block_1_13' title="bbox 423 4585 581 4642">
    <p class='ocr_par' dir='ltr' id='par_1_14' title="bbox 423 4585 581 4642">
     <span class='ocr_line' id='line_1_66' title="bbox 423 4585 581 4642; baseline 0.006 -2"><span class='ocrx_word' id='word_1_630' title='bbox 423 4585 535 4642; x_wconf 81' lang='lat' dir='ltr'><strong>CAPUT</strong></span> <span class='ocrx_word' id='word_1_631' title='bbox 550 4586 581 4641; x_wconf 87' lang='lat' dir='ltr'>V.</span> 
     </span>
    </p>
   </div>
   <div class='ocr_carea' id='block_1_14' title="bbox 98 4680 901 4835">
    <p class='ocr_par' dir='ltr' id='par_1_15' title="bbox 98 4680 901 4835">
     <span class='ocr_line' id='line_1_67' title="bbox 98 4680 901 4764; baseline 0.002 -18"><span class='ocrx_word' id='word_1_632' title='bbox 98 4680 290 4764; x_wconf 60' lang='lat' dir='ltr'>&#39;Destapcndo</span> <span class='ocrx_word' id='word_1_633' title='bbox 304 4692 383 4748; x_wconf 83' lang='lat' dir='ltr'>valde</span> <span class='ocrx_word' id='word_1_634' title='bbox 394 4691 611 4764; x_wconf 81' lang='lat' dir='ltr'>voirccaloquod</span> <span class='ocrx_word' id='word_1_635' title='bbox 620 4693 652 4747; x_wconf 81' lang='lat' dir='ltr'>in</span> <span class='ocrx_word' id='word_1_636' title='bbox 664 4692 784 4748; x_wconf 81' lang='lat' dir='ltr'>Francia</span> <span class='ocrx_word' id='word_1_637' title='bbox 798 4692 833 4749; x_wconf 84' lang='lat' dir='ltr'>de</span> <span class='ocrx_word' id='word_1_638' title='bbox 842 4710 901 4750; x_wconf 85' lang='lat' dir='ltr'>cor·</span> 
     </span>
     <span class='ocr_line' id='line_1_68' title="bbox 138 4762 901 4835; baseline 0 -16"><span class='ocrx_word' id='word_1_639' title='bbox 138 4779 205 4835; x_wconf 85' lang='lat' dir='ltr'>porc</span> <span class='ocrx_word' id='word_1_640' title='bbox 215 4762 320 4818; x_wconf 73' lang='lat' dir='ltr'>christi</span> <span class='ocrx_word' id='word_1_641' title='bbox 329 4764 485 4834; x_wconf 56' lang='lat' dir='ltr'>acciperat</span> <span class='ocrx_word' id='word_1_642' title='bbox 496 4764 680 4819; x_wconf 80' lang='lat' dir='ltr'>intermunus</span> <span class='ocrx_word' id='word_1_643' title='bbox 691 4762 801 4834; x_wconf 75' lang='lat' dir='ltr'>indigni</span> <span class='ocrx_word' id='word_1_644' title='bbox 809 4779 901 4821; x_wconf 84' lang='lat' dir='ltr'>socer·-</span> 
     </span>
    </p>
   </div>
   <div class='ocr_carea' id='block_1_15' title="bbox 103 4940 900 5072">
    <p class='ocr_par' dir='ltr' id='par_1_16' title="bbox 103 4940 900 5072">
     <span class='ocr_line' id='line_1_69' title="bbox 135 4940 900 5007; baseline 0.003 -14"><span class='ocrx_word' id='word_1_645' title='bbox 135 4940 207 5007; x_wconf 86' lang='grc'>(190)</span> <span class='ocrx_word' id='word_1_646' title='bbox 218 4941 308 4993; x_wconf 89' lang='lat' dir='ltr'>ltinere</span> <span class='ocrx_word' id='word_1_647' title='bbox 320 4942 390 4993; x_wconf 89' lang='lat' dir='ltr'>unius</span> <span class='ocrx_word' id='word_1_648' title='bbox 403 4945 444 4992; x_wconf 91' lang='lat' dir='ltr'>aut</span> <span class='ocrx_word' id='word_1_649' title='bbox 457 4942 557 4993; x_wconf 89' lang='lat' dir='ltr'>alterius</span> <span class='ocrx_word' id='word_1_650' title='bbox 567 4942 614 4993; x_wconf 89' lang='lat' dir='ltr'>diei</span> <span class='ocrx_word' id='word_1_651' title='bbox 628 4955 642 4992; x_wconf 91' lang='lat' dir='ltr'>a</span> <span class='ocrx_word' id='word_1_652' title='bbox 654 4943 714 5004; x_wconf 88' lang='lat' dir='ltr'>loco,</span> <span class='ocrx_word' id='word_1_653' title='bbox 738 4942 779 4994; x_wconf 92' lang='lat' dir='ltr'>ubi</span> <span class='ocrx_word' id='word_1_654' title='bbox 800 4944 900 4995; x_wconf 88' lang='lat' dir='ltr'>monitio</span> 
     </span>
     <span class='ocr_line' id='line_1_70' title="bbox 103 5007 832 5072; baseline 0.003 -15"><span class='ocrx_word' id='word_1_655' title='bbox 103 5007 177 5069; x_wconf 85' lang='lat' dir='ltr'>tacta,</span> <span class='ocrx_word' id='word_1_656' title='bbox 189 5009 219 5060; x_wconf 91' lang='lat' dir='ltr'>ad</span> <span class='ocrx_word' id='word_1_657' title='bbox 235 5009 324 5071; x_wconf 88' lang='lat' dir='ltr'>locum,</span> <span class='ocrx_word' id='word_1_658' title='bbox 337 5008 362 5058; x_wconf 93' lang='grc' dir='ltr'>1ιι</span> <span class='ocrx_word' id='word_1_659' title='bbox 373 5022 419 5071; x_wconf 89' lang='lat' dir='ltr'>quo</span> <span class='ocrx_word' id='word_1_660' title='bbox 431 5008 571 5059; x_wconf 87' lang='lat' dir='ltr'>morabatur</span> <span class='ocrx_word' id='word_1_661' title='bbox 582 5011 608 5058; x_wconf 87' lang='lat' dir='ltr'>S.</span> <span class='ocrx_word' id='word_1_662' title='bbox 622 5010 699 5072; x_wconf 77' lang='lat' dir='ltr'>liuga,</span> <span class='ocrx_word' id='word_1_663' title='bbox 714 5010 832 5061; x_wconf 86' lang='lat' dir='ltr'>distante.</span> 
     </span>
    </p>
   </div>
   <div class='ocr_carea' id='block_1_16' title="bbox 136 5091 900 5155">
    <p class='ocr_par' dir='ltr' id='par_1_17' title="bbox 136 5091 900 5155">
     <span class='ocr_line' id='line_1_71' title="bbox 136 5091 900 5155; baseline 0.007 -14"><span class='ocrx_word' id='word_1_664' title='bbox 136 5091 208 5155; x_wconf 86' lang='grc'>(191)</span> <span class='ocrx_word' id='word_1_665' title='bbox 221 5093 257 5142; x_wconf 85' lang='lat' dir='ltr'>Ex</span> <span class='ocrx_word' id='word_1_666' title='bbox 269 5093 315 5142; x_wconf 83' lang='lat' dir='ltr'>boc</span> <span class='ocrx_word' id='word_1_667' title='bbox 327 5092 380 5142; x_wconf 93' lang='lat' dir='ltr'>loco</span> <span class='ocrx_word' id='word_1_668' title='bbox 392 5093 512 5154; x_wconf 77' lang='lat' dir='ltr'>colligitur</span> <span class='ocrx_word' id='word_1_669' title='bbox 524 5093 641 5143; x_wconf 90' lang='lat' dir='ltr'>visionem</span> <span class='ocrx_word' id='word_1_670' title='bbox 654 5094 717 5145; x_wconf 89' lang='lat' dir='ltr'>bare</span> <span class='ocrx_word' id='word_1_671' title='bbox 728 5094 843 5145; x_wconf 85' lang='lat' dir='ltr'>accidisse</span> <span class='ocrx_word' id='word_1_672' title='bbox 857 5108 900 5146; x_wconf 88' lang='lat' dir='ltr'>an·</span> 
     </span>
    </p>
   </div>
   <div class='ocr_carea' id='block_1_17' title="bbox 104 5159 618 5222">
    <p class='ocr_par' dir='ltr' id='par_1_18' title="bbox 104 5159 618 5222">
     <span class='ocr_line' id='line_1_72' title="bbox 104 5159 618 5222; baseline -0.002 -14"><span class='ocrx_word' id='word_1_673' title='bbox 104 5160 202 5221; x_wconf 86' lang='lat' dir='ltr'>taquam</span> <span class='ocrx_word' id='word_1_674' title='bbox 214 5162 298 5209; x_wconf 88' lang='lat' dir='ltr'>auctor</span> <span class='ocrx_word' id='word_1_675' title='bbox 309 5159 371 5208; x_wconf 80' lang='lat' dir='ltr'>vita</span> <span class='ocrx_word' id='word_1_676' title='bbox 383 5160 409 5209; x_wconf 89' lang='lat' dir='ltr'>S.</span> <span class='ocrx_word' id='word_1_677' title='bbox 424 5159 517 5222; x_wconf 84' lang='lat' dir='ltr'>liugoni</span> <span class='ocrx_word' id='word_1_678' title='bbox 531 5160 618 5210; x_wconf 88' lang='lat' dir='ltr'>astitit.</span> 
     </span>
    </p>
   </div>
   <div class='ocr_carea' id='block_1_18' title="bbox 101 5239 898 5372">
    <p class='ocr_par' dir='ltr' id='par_1_19' title="bbox 101 5239 898 5372">
     <span class='ocr_line' id='line_1_73' title="bbox 136 5239 898 5308; baseline 0.005 -16"><span class='ocrx_word' id='word_1_679' title='bbox 136 5239 207 5307; x_wconf 76' lang='grc'>(199)</span> <span class='ocrx_word' id='word_1_680' title='bbox 220 5240 306 5291; x_wconf 87' lang='lat' dir='ltr'>Nescio</span> <span class='ocrx_word' id='word_1_681' title='bbox 323 5253 354 5291; x_wconf 90' lang='lat' dir='ltr'>an</span> <span class='ocrx_word' id='word_1_682' title='bbox 365 5246 465 5293; x_wconf 82' lang='lat' dir='ltr'>eventus</span> <span class='ocrx_word' id='word_1_683' title='bbox 486 5243 537 5300; x_wconf 88' lang='lat' dir='ltr'>ille,</span> <span class='ocrx_word' id='word_1_684' title='bbox 551 5243 591 5305; x_wconf 87' lang='lat' dir='ltr'>qui</span> <span class='ocrx_word' id='word_1_685' title='bbox 603 5243 644 5294; x_wconf 90' lang='lat' dir='ltr'>bic</span> <span class='ocrx_word' id='word_1_686' title='bbox 656 5244 745 5295; x_wconf 87' lang='lat' dir='ltr'>dicitnr</span> <span class='ocrx_word' id='word_1_687' title='bbox 755 5246 898 5308; x_wconf 75' lang='lat' dir='ltr'>auriserico</span> 
     </span>
     <span class='ocr_line' id='line_1_74' title="bbox 101 5307 580 5372; baseline 0.004 -16"><span class='ocrx_word' id='word_1_688' title='bbox 101 5308 194 5370; x_wconf 74' lang='lat' dir='ltr'>mattis,</span> <span class='ocrx_word' id='word_1_689' title='bbox 208 5307 229 5358; x_wconf 89' lang='lat' dir='ltr'>si</span> <span class='ocrx_word' id='word_1_690' title='bbox 247 5307 370 5369; x_wconf 88' lang='lat' dir='ltr'>abaliquo</span> <span class='ocrx_word' id='word_1_691' title='bbox 388 5309 434 5359; x_wconf 90' lang='lat' dir='ltr'>alio</span> <span class='ocrx_word' id='word_1_692' title='bbox 447 5310 580 5372; x_wconf 81' lang='lat' dir='ltr'>evulgatus.</span> 
     </span>
    </p>
   </div>
   <div class='ocr_carea' id='block_1_19' title="bbox 137 5390 899 5463">
    <p class='ocr_par' dir='ltr' id='par_1_20' title="bbox 137 5390 899 5463">
     <span class='ocr_line' id='line_1_75' title="bbox 137 5390 899 5463; baseline 0.009 -21"><span class='ocrx_word' id='word_1_693' title='bbox 137 5390 210 5456; x_wconf 77' lang='lat'>(195)</span> <span class='ocrx_word' id='word_1_694' title='bbox 222 5393 291 5443; x_wconf 79' lang='lat' dir='ltr'>tuno</span> <span class='ocrx_word' id='word_1_695' title='bbox 303 5391 380 5456; x_wconf 78' lang='lat' dir='ltr'>tato,</span> <span class='ocrx_word' id='word_1_696' title='bbox 392 5404 438 5456; x_wconf 87' lang='lat' dir='ltr'>qtro</span> <span class='ocrx_word' id='word_1_697' title='bbox 451 5393 550 5446; x_wconf 78' lang='lat' dir='ltr'>Parisiis</span> <span class='ocrx_word' id='word_1_698' title='bbox 562 5397 587 5447; x_wconf 90' lang='lat' dir='ltr'>et</span> <span class='ocrx_word' id='word_1_699' title='bbox 599 5394 624 5446; x_wconf 90' lang='lat' dir='ltr'>itt</span> <span class='ocrx_word' id='word_1_700' title='bbox 636 5394 714 5448; x_wconf 86' lang='lat' dir='ltr'>Gallia</span> <span class='ocrx_word' id='word_1_701' title='bbox 727 5396 802 5449; x_wconf 84' lang='lat' dir='ltr'>tuisse</span> <span class='ocrx_word' id='word_1_702' title='bbox 815 5397 899 5463; x_wconf 72' lang='lat' dir='ltr'>ituro-</span> 
     </span>
    </p>
   </div>
   <div class='ocr_carea' id='block_1_20' title="bbox 101 5458 472 5523">
    <p class='ocr_par' dir='ltr' id='par_1_21' title="bbox 101 5458 472 5523">
     <span class='ocr_line' id='line_1_76' title="bbox 101 5458 472 5523; baseline 0.008 -16"><span class='ocrx_word' id='word_1_703' title='bbox 101 5468 156 5508; x_wconf 88' lang='lat' dir='ltr'>nam</span> <span class='ocrx_word' id='word_1_704' title='bbox 174 5458 263 5512; x_wconf 87' lang='lat' dir='ltr'>arboc</span> <span class='ocrx_word' id='word_1_705' title='bbox 275 5458 355 5523; x_wconf 87' lang='lat' dir='ltr'>capite</span> <span class='ocrx_word' id='word_1_706' title='bbox 368 5463 472 5512; x_wconf 89' lang='lat' dir='ltr'>constat.</span> 
     </span>
    </p>
   </div>
   <div class='ocr_carea' id='block_1_21' title="bbox 956 3758 1641 3838">
    <p class='ocr_par' dir='ltr' id='par_1_22' title="bbox 956 3758 1641 3838">
     <span class='ocr_line' id='line_1_77' title="bbox 956 3758 1641 3838; baseline 0.02 -25"><span class='ocrx_word' id='word_1_707' title='bbox 956 3758 1012 3814; x_wconf 85' lang='lat' dir='ltr'>suis</span> <span class='ocrx_word' id='word_1_708' title='bbox 1027 3760 1148 3817; x_wconf 89' lang='lat' dir='ltr'>seriatim</span> <span class='ocrx_word' id='word_1_709' title='bbox 1162 3763 1222 3821; x_wconf 86' lang='lat' dir='ltr'>baec</span> <span class='ocrx_word' id='word_1_710' title='bbox 1236 3766 1361 3838; x_wconf 85' lang='lat' dir='ltr'>exposuit</span> <span class='ocrx_word' id='word_1_711' title='bbox 1374 3766 1403 3822; x_wconf 90' lang='lat' dir='ltr'>in</span> <span class='ocrx_word' id='word_1_712' title='bbox 1416 3767 1489 3824; x_wconf 91' lang='lat' dir='ltr'>bunc</span> <span class='ocrx_word' id='word_1_713' title='bbox 1503 3769 1616 3825; x_wconf 88' lang='lat' dir='ltr'>modam</span> <span class='ocrx_word' id='word_1_714' title='bbox 1634 3788 1641 3828; x_wconf 94' lang='lat'><strong>:</strong></span> 
     </span>
    </p>
   </div>
   <div class='ocr_carea' id='block_1_22' title="bbox 952 3883 1760 4843">
    <p class='ocr_par' dir='ltr' id='par_1_23' title="bbox 952 3883 1760 4843">
     <span class='ocr_line' id='line_1_78' title="bbox 993 3883 1759 3964; baseline 0.023 -29"><span class='ocrx_word' id='word_1_715' title='bbox 993 3903 1005 3934; x_wconf 84' lang='lat' dir='ltr'>t</span> <span class='ocrx_word' id='word_1_716' title='bbox 1022 3883 1193 3941; x_wconf 82' lang='lat' dir='ltr'>cumessam</span> <span class='ocrx_word' id='word_1_717' title='bbox 1206 3887 1325 3956; x_wconf 88' lang='lat' dir='ltr'>juvenis,</span> <span class='ocrx_word' id='word_1_718' title='bbox 1341 3888 1438 3961; x_wconf 90' lang='lat' dir='ltr'>iuquit,</span> <span class='ocrx_word' id='word_1_719' title='bbox 1455 3899 1482 3947; x_wconf 92' lang='lat' dir='ltr'>et</span> <span class='ocrx_word' id='word_1_720' title='bbox 1495 3892 1614 3964; x_wconf 89' lang='lat' dir='ltr'>gradum</span> <span class='ocrx_word' id='word_1_721' title='bbox 1628 3896 1759 3952; x_wconf 85' lang='lat' dir='ltr'>sacerdo-</span> 
     </span>
     <span class='ocr_line' id='line_1_79' title="bbox 954 3969 1760 4056; baseline 0.02 -31"><span class='ocrx_word' id='word_1_722' title='bbox 954 3969 993 4038; x_wconf 91' lang='lat' dir='ltr'>tii,</span> <span class='ocrx_word' id='word_1_723' title='bbox 1009 3987 1062 4029; x_wconf 92' lang='lat' dir='ltr'>nec</span> <span class='ocrx_word' id='word_1_724' title='bbox 1076 3973 1153 4028; x_wconf 87' lang='lat' dir='ltr'>annis</span> <span class='ocrx_word' id='word_1_725' title='bbox 1166 3975 1263 4045; x_wconf 89' lang='lat' dir='ltr'>adbuc,</span> <span class='ocrx_word' id='word_1_726' title='bbox 1280 3991 1332 4034; x_wconf 93' lang='lat' dir='ltr'>nec</span> <span class='ocrx_word' id='word_1_727' title='bbox 1355 3979 1477 4035; x_wconf 90' lang='lat' dir='ltr'>moribus</span> <span class='ocrx_word' id='word_1_728' title='bbox 1496 3980 1566 4036; x_wconf 89' lang='lat' dir='ltr'>meis</span> <span class='ocrx_word' id='word_1_729' title='bbox 1593 3990 1670 4039; x_wconf 90' lang='lat' dir='ltr'>tanto</span> <span class='ocrx_word' id='word_1_730' title='bbox 1693 3986 1760 4056; x_wconf 88' lang='lat' dir='ltr'>apici</span> 
     </span>
     <span class='ocr_line' id='line_1_80' title="bbox 953 4058 1758 4144; baseline 0.019 -30"><span class='ocrx_word' id='word_1_731' title='bbox 953 4058 1036 4131; x_wconf 84' lang='lat' dir='ltr'>digna</span> <span class='ocrx_word' id='word_1_732' title='bbox 1051 4062 1292 4131; x_wconf 90' lang='lat' dir='ltr'>respondentibus,</span> <span class='ocrx_word' id='word_1_733' title='bbox 1309 4066 1542 4136; x_wconf 88' lang='lat' dir='ltr'>conscendissem,</span> <span class='ocrx_word' id='word_1_734' title='bbox 1558 4071 1678 4144; x_wconf 86' lang='lat' dir='ltr'>contigit</span> <span class='ocrx_word' id='word_1_735' title='bbox 1690 4072 1758 4128; x_wconf 88' lang='lat' dir='ltr'>insi·</span> 
     </span>
     <span class='ocr_line' id='line_1_81' title="bbox 952 4145 1759 4230; baseline 0.02 -30"><span class='ocrx_word' id='word_1_736' title='bbox 952 4145 1044 4204; x_wconf 90' lang='lat' dir='ltr'>diante</span> <span class='ocrx_word' id='word_1_737' title='bbox 1059 4148 1124 4205; x_wconf 90' lang='lat' dir='ltr'>mihi</span> <span class='ocrx_word' id='word_1_738' title='bbox 1137 4150 1217 4208; x_wconf 90' lang='lat' dir='ltr'>boste</span> <span class='ocrx_word' id='word_1_739' title='bbox 1231 4151 1352 4225; x_wconf 90' lang='lat' dir='ltr'>antiquo,</span> <span class='ocrx_word' id='word_1_740' title='bbox 1369 4162 1398 4210; x_wconf 91' lang='lat' dir='ltr'>ut</span> <span class='ocrx_word' id='word_1_741' title='bbox 1412 4156 1515 4213; x_wconf 90' lang='lat' dir='ltr'>crimen</span> <span class='ocrx_word' id='word_1_742' title='bbox 1529 4159 1673 4230; x_wconf 89' lang='lat' dir='ltr'>quoddam</span> <span class='ocrx_word' id='word_1_743' title='bbox 1687 4176 1759 4218; x_wconf 89' lang='lat' dir='ltr'>rnor-</span> 
     </span>
     <span class='ocr_line' id='line_1_82' title="bbox 952 4233 1758 4320; baseline 0.021 -32"><span class='ocrx_word' id='word_1_744' title='bbox 952 4233 1062 4290; x_wconf 87' lang='lat' dir='ltr'>tiierum</span> <span class='ocrx_word' id='word_1_745' title='bbox 1075 4236 1295 4309; x_wconf 89' lang='lat' dir='ltr'>incurrissem,a</span> <span class='ocrx_word' id='word_1_746' title='bbox 1318 4242 1395 4312; x_wconf 85' lang='lat' dir='ltr'>cujus</span> <span class='ocrx_word' id='word_1_747' title='bbox 1417 4244 1536 4301; x_wconf 88' lang='lat' dir='ltr'>necdum</span> <span class='ocrx_word' id='word_1_748' title='bbox 1559 4248 1692 4320; x_wconf 82' lang='lat' dir='ltr'>contagio</span> <span class='ocrx_word' id='word_1_749' title='bbox 1715 4257 1758 4305; x_wconf 91' lang='lat' dir='ltr'>aut</span> 
     </span>
     <span class='ocr_line' id='line_1_83' title="bbox 954 4323 1757 4397; baseline 0.021 -20"><span class='ocrx_word' id='word_1_750' title='bbox 954 4323 1088 4392; x_wconf 89' lang='lat' dir='ltr'>remedio,</span> <span class='ocrx_word' id='word_1_751' title='bbox 1103 4327 1270 4397; x_wconf 85' lang='lat' dir='ltr'>poenitentiae</span> <span class='ocrx_word' id='word_1_752' title='bbox 1283 4336 1329 4385; x_wconf 94' lang='lat' dir='ltr'>aut</span> <span class='ocrx_word' id='word_1_753' title='bbox 1351 4331 1533 4389; x_wconf 79' lang='lat' dir='ltr'>consessionis</span> <span class='ocrx_word' id='word_1_754' title='bbox 1547 4333 1661 4392; x_wconf 88' lang='lat' dir='ltr'>lavacro</span> <span class='ocrx_word' id='word_1_755' title='bbox 1676 4353 1757 4393; x_wconf 89' lang='lat' dir='ltr'>mun-</span> 
     </span>
     <span class='ocr_line' id='line_1_84' title="bbox 955 4410 1757 4495; baseline 0.021 -30"><span class='ocrx_word' id='word_1_756' title='bbox 955 4410 1044 4484; x_wconf 89' lang='lat' dir='ltr'>datus,</span> <span class='ocrx_word' id='word_1_757' title='bbox 1060 4413 1105 4480; x_wconf 88' lang='lat' dir='ltr'>ita,</span> <span class='ocrx_word' id='word_1_758' title='bbox 1121 4422 1150 4469; x_wconf 89' lang='lat' dir='ltr'>nt</span> <span class='ocrx_word' id='word_1_759' title='bbox 1164 4431 1248 4484; x_wconf 89' lang='lat' dir='ltr'>eram,</span> <span class='ocrx_word' id='word_1_760' title='bbox 1266 4418 1349 4475; x_wconf 89' lang='lat' dir='ltr'>corde</span> <span class='ocrx_word' id='word_1_761' title='bbox 1361 4418 1480 4490; x_wconf 92' lang='lat' dir='ltr'>pollutus</span> <span class='ocrx_word' id='word_1_762' title='bbox 1490 4429 1518 4477; x_wconf 91' lang='lat' dir='ltr'>et</span> <span class='ocrx_word' id='word_1_763' title='bbox 1527 4436 1655 4495; x_wconf 89' lang='lat' dir='ltr'>corpore,</span> <span class='ocrx_word' id='word_1_764' title='bbox 1668 4435 1757 4484; x_wconf 88' lang='lat' dir='ltr'>mente</span> 
     </span>
     <span class='ocr_line' id='line_1_85' title="bbox 953 4499 1756 4582; baseline 0.022 -28"><span class='ocrx_word' id='word_1_765' title='bbox 953 4499 1066 4572; x_wconf 88' lang='lat' dir='ltr'>insuper</span> <span class='ocrx_word' id='word_1_766' title='bbox 1080 4518 1169 4560; x_wconf 87' lang='lat' dir='ltr'>caecus</span> <span class='ocrx_word' id='word_1_767' title='bbox 1184 4511 1210 4560; x_wconf 91' lang='lat' dir='ltr'>et</span> <span class='ocrx_word' id='word_1_768' title='bbox 1225 4503 1279 4562; x_wconf 82' lang='lat' dir='ltr'>tide</span> <span class='ocrx_word' id='word_1_769' title='bbox 1293 4505 1415 4564; x_wconf 88' lang='lat' dir='ltr'>infirmus</span> <span class='ocrx_word' id='word_1_770' title='bbox 1433 4509 1517 4582; x_wconf 91' lang='lat' dir='ltr'>(quod</span> <span class='ocrx_word' id='word_1_771' title='bbox 1539 4510 1616 4569; x_wconf 90' lang='lat' dir='ltr'>dictu</span> <span class='ocrx_word' id='word_1_772' title='bbox 1638 4513 1756 4571; x_wconf 82' lang='lat' dir='ltr'>horrcn-</span> 
     </span>
     <span class='ocr_line' id='line_1_86' title="bbox 952 4587 1756 4673; baseline 0.021 -31"><span class='ocrx_word' id='word_1_773' title='bbox 952 4587 1017 4643; x_wconf 92' lang='lat' dir='ltr'>dum</span> <span class='ocrx_word' id='word_1_774' title='bbox 1032 4590 1084 4661; x_wconf 84' lang='lat' dir='ltr'>est)</span> <span class='ocrx_word' id='word_1_775' title='bbox 1099 4591 1133 4647; x_wconf 93' lang='lat' dir='ltr'>ad</span> <span class='ocrx_word' id='word_1_776' title='bbox 1156 4593 1228 4649; x_wconf 88' lang='lat' dir='ltr'>sacri</span> <span class='ocrx_word' id='word_1_777' title='bbox 1251 4593 1343 4651; x_wconf 88' lang='lat' dir='ltr'>altaris</span> <span class='ocrx_word' id='word_1_778' title='bbox 1365 4596 1547 4655; x_wconf 86' lang='lat' dir='ltr'>ministerium</span> <span class='ocrx_word' id='word_1_779' title='bbox 1570 4599 1719 4673; x_wconf 90' lang='lat' dir='ltr'>impudens</span> <span class='ocrx_word' id='word_1_780' title='bbox 1732 4612 1756 4661; x_wconf 88' lang='lat' dir='ltr'>at</span> 
     </span>
     <span class='ocr_line' id='line_1_87' title="bbox 952 4678 1756 4763; baseline 0.024 -33"><span class='ocrx_word' id='word_1_781' title='bbox 952 4678 1116 4734; x_wconf 89' lang='lat' dir='ltr'>temerarius</span> <span class='ocrx_word' id='word_1_782' title='bbox 1129 4682 1261 4739; x_wconf 90' lang='lat' dir='ltr'>accedere</span> <span class='ocrx_word' id='word_1_783' title='bbox 1275 4685 1414 4760; x_wconf 78' lang='lat' dir='ltr'>consuevi.</span> <span class='ocrx_word' id='word_1_784' title='bbox 1435 4686 1558 4760; x_wconf 86' lang='lat' dir='ltr'>Cumque</span> <span class='ocrx_word' id='word_1_785' title='bbox 1578 4688 1625 4745; x_wconf 89' lang='lat' dir='ltr'>die</span> <span class='ocrx_word' id='word_1_786' title='bbox 1640 4691 1756 4763; x_wconf 88' lang='lat' dir='ltr'>quadam</span> 
     </span>
     <span class='ocr_line' id='line_1_88' title="bbox 952 4766 1755 4843; baseline 0.021 -23"><span class='ocrx_word' id='word_1_787' title='bbox 952 4766 1037 4822; x_wconf 87' lang='lat' dir='ltr'>sacris</span> <span class='ocrx_word' id='word_1_788' title='bbox 1052 4768 1209 4826; x_wconf 89' lang='lat' dir='ltr'>assisterem</span> <span class='ocrx_word' id='word_1_789' title='bbox 1232 4771 1324 4830; x_wconf 74' lang='lat' dir='ltr'>missae</span> <span class='ocrx_word' id='word_1_790' title='bbox 1346 4774 1473 4843; x_wconf 91' lang='lat' dir='ltr'>secretis,</span> <span class='ocrx_word' id='word_1_791' title='bbox 1502 4784 1529 4832; x_wconf 88' lang='lat' dir='ltr'>et</span> <span class='ocrx_word' id='word_1_792' title='bbox 1551 4777 1679 4836; x_wconf 87' lang='lat' dir='ltr'>criminis</span> <span class='ocrx_word' id='word_1_793' title='bbox 1703 4780 1755 4838; x_wconf 88' lang='lat' dir='ltr'>mei</span> 
     </span>
    </p>
   </div>
   <div class='ocr_carea' id='block_1_23' title="bbox 948 4945 1753 5143">
    <p class='ocr_par' dir='ltr' id='par_1_24' title="bbox 948 4945 1753 5143">
     <span class='ocr_line' id='line_1_89' title="bbox 963 4945 1753 5024; baseline 0.023 -29"><span class='ocrx_word' id='word_1_794' title='bbox 963 5014 968 5024; x_wconf 34' lang='grc' dir='ltr'>Ι</span> <span class='ocrx_word' id='word_1_795' title='bbox 985 4945 1056 5024; x_wconf 83' lang='lat' dir='ltr'>(tat)</span> <span class='ocrx_word' id='word_1_796' title='bbox 1069 4948 1129 5000; x_wconf 86' lang='lat' dir='ltr'>Cum</span> <span class='ocrx_word' id='word_1_797' title='bbox 1141 4949 1198 5001; x_wconf 91' lang='lat' dir='ltr'>villa</span> <span class='ocrx_word' id='word_1_798' title='bbox 1211 4950 1263 5002; x_wconf 85' lang='lat' dir='ltr'>haec</span> <span class='ocrx_word' id='word_1_799' title='bbox 1281 4951 1345 5004; x_wconf 86' lang='lat' dir='ltr'>inter</span> <span class='ocrx_word' id='word_1_800' title='bbox 1358 4952 1462 5006; x_wconf 80' lang='lat' dir='ltr'>Parisios</span> <span class='ocrx_word' id='word_1_801' title='bbox 1483 4959 1508 5007; x_wconf 88' lang='lat' dir='ltr'>et</span> <span class='ocrx_word' id='word_1_802' title='bbox 1519 4956 1614 5009; x_wconf 85' lang='lat' dir='ltr'>Trocas</span> <span class='ocrx_word' id='word_1_803' title='bbox 1624 4958 1687 5024; x_wconf 88' lang='lat' dir='ltr'>sita,</span> <span class='ocrx_word' id='word_1_804' title='bbox 1710 4975 1753 5013; x_wconf 83' lang='lat' dir='ltr'>una</span> 
     </span>
     <span class='ocr_line' id='line_1_90' title="bbox 948 5018 1748 5100; baseline 0.021 -37"><span class='ocrx_word' id='word_1_805' title='bbox 948 5026 1091 5092; x_wconf 29' lang='lat' dir='ltr'>srveuprarna</span> <span class='ocrx_word' id='word_1_806' title='bbox 1104 5018 1247 5094; x_wconf 77' lang='lat' dir='ltr'>metatione,</span> <span class='ocrx_word' id='word_1_807' title='bbox 1261 5019 1366 5081; x_wconf 91' lang='lat' dir='ltr'>dicatur,</span> <span class='ocrx_word' id='word_1_808' title='bbox 1380 5021 1486 5073; x_wconf 90' lang='lat' dir='ltr'>viderint</span> <span class='ocrx_word' id='word_1_809' title='bbox 1496 5022 1607 5100; x_wconf 81' lang='lat' dir='ltr'>locomrn</span> <span class='ocrx_word' id='word_1_810' title='bbox 1619 5027 1707 5092; x_wconf 86' lang='lat' dir='ltr'>vicini,</span> <span class='ocrx_word' id='word_1_811' title='bbox 1720 5041 1748 5079; x_wconf 87' lang='lat' dir='ltr'>an</span> 
     </span>
     <span class='ocr_line' id='line_1_91' title="bbox 950 5081 1568 5143; baseline 0.016 -14"><span class='ocrx_word' id='word_1_812' title='bbox 950 5081 1008 5130; x_wconf 84' lang='lat' dir='ltr'>lacti</span> <span class='ocrx_word' id='word_1_813' title='bbox 1025 5081 1097 5143; x_wconf 72' lang='lat' dir='ltr'>hujus</span> <span class='ocrx_word' id='word_1_814' title='bbox 1110 5083 1198 5134; x_wconf 81' lang='lat' dir='ltr'>ibidem</span> <span class='ocrx_word' id='word_1_815' title='bbox 1211 5084 1290 5135; x_wconf 88' lang='lat' dir='ltr'>adbuc</span> <span class='ocrx_word' id='word_1_816' title='bbox 1303 5086 1422 5137; x_wconf 83' lang='lat' dir='ltr'>habeatnr</span> <span class='ocrx_word' id='word_1_817' title='bbox 1437 5101 1568 5140; x_wconf 81' lang='lat' dir='ltr'>memoria.</span> 
     </span>
    </p>
   </div>
   <div class='ocr_carea' id='block_1_24' title="bbox 947 5163 1754 5368">
    <p class='ocr_par' dir='ltr' id='par_1_25' title="bbox 947 5163 1754 5368">
     <span class='ocr_line' id='line_1_92' title="bbox 983 5163 1752 5236; baseline 0.022 -22"><span class='ocrx_word' id='word_1_818' title='bbox 983 5163 1055 5228; x_wconf 82' lang='grc'>(195)</span> <span class='ocrx_word' id='word_1_819' title='bbox 1068 5167 1205 5219; x_wconf 85' lang='lat' dir='ltr'>Foreinter</span> <span class='ocrx_word' id='word_1_820' title='bbox 1228 5180 1305 5218; x_wconf 89' lang='lat' dir='ltr'>annos</span> <span class='ocrx_word' id='word_1_821' title='bbox 1326 5170 1391 5221; x_wconf 86' lang='grc'>1160</span> <span class='ocrx_word' id='word_1_822' title='bbox 1412 5174 1437 5222; x_wconf 91' lang='lat' dir='ltr'>et</span> <span class='ocrx_word' id='word_1_823' title='bbox 1459 5173 1533 5236; x_wconf 84' lang='grc'>1170,</span> <span class='ocrx_word' id='word_1_824' title='bbox 1555 5174 1752 5230; x_wconf 84' lang='lat' dir='ltr'>dum-sacerdos</span> 
     </span>
     <span class='ocr_line' id='line_1_93' title="bbox 947 5231 1754 5308; baseline 0.021 -27"><span class='ocrx_word' id='word_1_825' title='bbox 947 5231 1042 5293; x_wconf 69' lang='lat' dir='ltr'>aaroni</span> <span class='ocrx_word' id='word_1_826' title='bbox 1055 5232 1266 5299; x_wconf 82' lang='lat' dir='ltr'>tactumnarrans,</span> <span class='ocrx_word' id='word_1_827' title='bbox 1279 5237 1422 5296; x_wconf 70' lang='lat' dir='ltr'>grandevus</span> <span class='ocrx_word' id='word_1_828' title='bbox 1432 5239 1638 5308; x_wconf 86' lang='lat' dir='ltr'>quidemdicitur,</span> <span class='ocrx_word' id='word_1_829' title='bbox 1652 5245 1697 5298; x_wconf 86' lang='lat' dir='ltr'>sed</span> <span class='ocrx_word' id='word_1_830' title='bbox 1708 5258 1754 5297; x_wconf 84' lang='lat' dir='ltr'>nra·</span> 
     </span>
     <span class='ocr_line' id='line_1_94' title="bbox 948 5298 1567 5368; baseline 0.015 -19"><span class='ocrx_word' id='word_1_831' title='bbox 948 5298 984 5361; x_wconf 72' lang='lat' dir='ltr'>eis</span> <span class='ocrx_word' id='word_1_832' title='bbox 997 5311 1047 5362; x_wconf 82' lang='lat' dir='ltr'>prae</span> <span class='ocrx_word' id='word_1_833' title='bbox 1060 5299 1139 5363; x_wconf 74' lang='lat' dir='ltr'>rigore</span> <span class='ocrx_word' id='word_1_834' title='bbox 1159 5301 1321 5366; x_wconf 80' lang='lat' dir='ltr'>abstinentia,</span> <span class='ocrx_word' id='word_1_835' title='bbox 1336 5315 1408 5367; x_wconf 87' lang='lat' dir='ltr'>quam</span> <span class='ocrx_word' id='word_1_836' title='bbox 1420 5315 1471 5368; x_wconf 81' lang='lat' dir='ltr'>pre</span> <span class='ocrx_word' id='word_1_837' title='bbox 1483 5309 1567 5358; x_wconf 78' lang='lat' dir='ltr'>artata.</span> 
     </span>
    </p>
   </div>
   <div class='ocr_carea' id='block_1_25' title="bbox 0 0 1876 5986">
    <p class='ocr_par' dir='ltr' id='par_1_26' title="bbox 0 0 1876 5986">
     <span class='ocr_line' id='line_1_95' title="bbox 0 0 1876 5986; baseline 0 12"><span class='ocrx_word' id='word_1_838' title='bbox 0 0 1876 5986; x_wconf 95' lang='lat' dir='ltr'> </span> 
     </span>
    </p>
   </div>
  </div>
 </body>
</html>
