3742 5986
114 178 164 231 ott
544 177 714 236 GUIGONIS
733 180 744 234 1
762 177 966 237 CARTHUSIAE
984 176 1131 235 hatonis
1150 177 1288 237 Paioms
1306 181 1338 237 V.
1714 177 1766 235 att

115 296 214 354 talibus
229 297 376 370 capiatur?
386 298 427 355 Ea
441 299 513 356 enim
527 317 588 375 quae
603 301 812 374 placenttenent
825 301 949 370 illam,A
997 304 1083 360 Amor
1098 304 1362 377 uniuscujuscunque
1373 302 1491 359 hominis
1506 309 1548 359 est
1557 300 1693 358 omnium.
1706 298 1766 356 Sin·

114 395 144 442 ut
158 387 245 458 possit
260 387 382 443 adversis
396 387 516 445 multari.
964 390 1022 463 guli
1036 393 1108 448 enini
1122 409 1218 449 omnes
1237 409 1329 448 amare
1350 391 1460 448 debent.
1476 389 1527 460 Qui
1542 405 1610 463 ergo
1624 390 1700 445 hunc
1714 386 1765 443 sibi

150 476 218 530 Data
233 490 313 542 nave,
328 475 436 531 flatibus
452 476 608 534 ferebamur
621 479 656 535 ad
670 479 846 553 gaudendum
861 493 912 534 seu
963 481 1118 552 specialiter
1138 481 1260 537 exhiberi
1281 481 1348 549 vult,
1372 489 1466 552 raptor
1486 486 1536 546 est,
1562 486 1588 534 et
1613 477 1678 535 idco
1703 490 1765 532 reus

116 562 265 619 dolendum
279 563 457 622 alternatione
468 568 672 623 occursantium
683 568 842 624 formarum.
964 578 1056 626 contra
1071 586 1167 626 omnes
1183 569 1307 627 efficitur.

149 651 293 722 Quomodo
308 653 913 728 nonglorieturautsuperbiatdefortitudi·
999 675 1070 732 Ecce
1090 677 1155 733 huic
1179 676 1287 748 commi
1305 676 1447 731 immistus,
1473 673 1539 730 ,gqis
1563 672 1650 729 mise,
1682 688 1763 739 ems,

112 757 148 796 ¹¹0
163 741 205 798 iel
219 740 430 812 lulihfiiudifles
448 744 558 814 quassd⁰
572 745 607 800 de
622 744 778 800 iflfifflliffile
793 744 837 800 Vel
852 751 913 799 tur·
962 764 1088 820 omnibus
1103 764 1176 819 enim
1192 765 1251 834 ejus
1266 763 1486 836 corruptionibus
1499 779 1585 835 usque
1595 761 1632 816 ad
1642 776 1764 817 morsum

112 829 233 901 pitudine
248 830 382 903 gloriatur
395 831 502 888 homo?
518 832 657 889 Gloriatur
678 833 750 889 enim
765 834 788 888 si
800 834 914 890 vehatur
962 853 1069 923 pulicis,
1085 852 1129 909 ,eq
1147 852 1285 908 sofflncuq
1309 852 1481 921 subjacebas,
1506 851 1569 906 Non
1583 848 1693 905 suffecit
1710 849 1761 904 110,

112 934 194 991 equs,
210 927 258 1017 ιιι
272 920 331 988 eius
346 920 484 1018 insparsis
506 936 661 992 pannosum
681 922 783 978 assos-s
796 920 911 986 veletur,
962 941 1021 996 tibi.
1046 941 1221 998 immiscuisti
1245 941 1318 996 enirn
1342 949 1368 997 is
1390 941 1460 1006 uiis,
1487 938 1565 1010 quasi
1586 937 1762 1009 corporibus,

112 1021 175 1105 ium
189 1016 279 1105 h⁰²¹l¹⁸
303 1005 417 1078 8¹⁰f¹³li
438 1024 521 1079 9⁰⁵⁸&
541 1009 688 1075 fidelem·
706 1010 728 1064 Sl
744 1026 846 1081 equum
862 1024 912 1064 ⁸¹¹⁸
962 1030 1082 1101 opinioni
1107 1030 1258 1095 hominum,
1274 1029 1457 1095 admirationi,
1483 1025 1581 1093 amori,
1597 1025 1709 1090 honori,
1725 1024 1762 1079 ti-

111 1111 170 1166 ipse
185 1103 284 1151 virtute
299 1103 428 1166 portaret,
444 1105 489 1151 aut
515 1106 590 1153 certe
606 1114 639 1154 eo
654 1114 710 1153 nou
724 1098 868 1170 indigeret,
886 1105 912 1152 et
960 1117 1039 1184 mog,
1056 1126 1082 1174 0,
1093 1118 1154 1173 ,qis
1169 1117 1314 1186 ,imffibus'
1334 1125 1361 1172 eq
1376 1117 1446 1172 sicu,
1467 1132 1500 1171 e,
1524 1113 1661 1186 gomoris,
1678 1112 1718 1168 ιη
1732 1128 1765 1168 εχ

111 1181 220 1256 fulgore
236 1199 285 1239 suo
299 1191 389 1240 vestes
405 1184 463 1256 ipse
478 1185 630 1252 decoraret,
647 1193 692 1240 aut
706 1202 800 1241 earum
815 1185 911 1242 saltem
961 1206 1059 1261 hom,
1071 1205 1193 1275 qaesqone,
1210 1205 1306 1261 dolon
1321 1204 1448 1261 affigeris·
1467 1204 1584 1275 qpsemeq
1598 1200 1688 1272 ligna,
1703 1199 1764 1272 quq.

111 1271 210 1328 decorc
226 1287 280 1327 non
294 1270 442 1343 indigeret.
458 1272 522 1328 Haec
540 1273 613 1328 enim
628 1273 710 1329 ethis
725 1273 824 1329 similia
838 1274 910 1330 iudi·
960 1294 1011 1348 bus
1037 1293 1207 1349 combam
1238 1293 1285 1347 qb,
1320 1292 1476 1349 adhibuisti·
1507 1289 1628 1346 Laeqitur
1661 1303 1762 1359 nempe

110 1359 231 1432 Kessfissm
247 1361 304 1430 elus
320 1375 353 1417 ιθ
367 1360 564 1432 turpitudinem
578 1369 776 1433 Pl⁰¹0⁵¹³¹1ffll·
960 1383 1048 1437 honor
1072 1390 1135 1437 tuus
1154 1397 1216 1438 cum
1241 1380 1445 1448 contemneris;
1461 1379 1501 1436 sic
1522 1379 1558 1435 de
1578 1375 1699 1433 caeteris.
1724 1375 1764 1431 lta

148 1446 235 1516 Quam
251 1448 369 1504 libenter
388 1455 536 1504 ostentaret
558 1451 641 1506 hoino
665 1467 741 1506 suam
757 1450 910 1522 pulchritu-
960 1470 1042 1525 epam
1056 1470 1091 1525 ge
1105 1470 1200 1525 formis
1216 1485 1358 1541 corporum
1374 1468 1475 1542 cogita,

111 1536 203 1592 dinem
223 1537 247 1591 si
270 1536 391 1605 haberet,
417 1537 463 1609 qui
489 1544 542 1592 tam
567 1537 683 1594 libenter
704 1547 821 1595 ostentat
842 1539 910 1594 alie-

110 1640 184 1692 nam,
200 1624 325 1681 videlicet
338 1624 365 1680 in
385 1625 506 1681 restibus
526 1627 584 1683 sire
604 1627 730 1699 pelliciis,
747 1628 804 1685 sire
820 1628 911 1697 cujus-

109 1711 175 1768 libet
189 1712 288 1769 modii

144 1801 206 1857 Non
220 1801 309 1856 minus
324 1801 470 1858 dolendum
488 1811 530 1859 cst
545 1820 596 1875 pro
611 1820 644 1860 eo
659 1805 705 1878 qui
720 1805 820 1876 gaudet
836 1813 907 1860 tem-

108 1890 241 1962 poralium
256 1890 401 1962 adeptione
416 1906 496 1963 quam
513 1893 559 1964 qui
569 1893 716 1950 amissione
727 1894 811 1949 dolet.
827 1893 907 1949 Uter-

109 1994 161 2050 que
176 1977 248 2034 enim
262 1978 340 2035 febre
354 1987 475 2047 vexatur,
493 1980 520 2035 id
535 1989 575 2036 est
589 1998 682 2038 amore
696 1982 803 2037 mundi.

996 1576 1056 1645 Quo
1071 1584 1097 1631 te
1111 1575 1156 1631 ille
1171 1583 1216 1632 aut
1229 1576 1276 1631 ille
1298 1575 1363 1632 vitio
1388 1573 1560 1645 contempsit,
1582 1571 1684 1628 eodem
1695 1579 1725 1627 ιι
1739 1578 1764 1628 ιι

918 1657 1142 1736 Bcoutemptum
1158 1673 1287 1736 tauquam
1311 1664 1420 1719 timidus
1443 1661 1564 1728 doluisti,
1589 1659 1697 1716 scilicet
1711 1676 1760 1714 su·

957 1753 1062 1824 perbia.
1080 1754 1115 1807 Et
1129 1768 1183 1825 quo
1198 1753 1246 1807 tibi
1266 1753 1332 1808 vitio
1354 1751 1472 1817 abstulit,
1489 1751 1586 1806 eodem
1601 1754 1632 1803 tu
1645 1746 1760 1809 doluisti

958 1841 1058 1905 ablata,
1075 1840 1153 1896 idest
1166 1855 1258 1896 amore
1274 1841 1464 1912 periturorum.

992 1947 1051 2002 Nisi
1066 1947 1263 2017 contempseris
1284 1945 1416 2018 quidquid
1438 1950 1553 2015 possunt
1576 1939 1707 1996 homines
1720 1939 1763 1997 acl

958 2035 1140 2100 adversando,
1157 2034 1200 2090 ιιι
1216 2034 1385 2103 adjuvando,
1399 2049 1454 2088 uon
1470 2030 1573 2104 poteris
1582 2037 1760 2086 contemnere

376 2139 573 2196 cppmumii
587 2141 635 2196 ui,
958 2139 1052 2179 eorum
1067 2122 1192 2189 allectus,
1209 2122 1237 2176 id
1252 2130 1294 2177 est
1317 2122 1380 2178 odia
1393 2121 1437 2178 rel
1452 2134 1560 2176 amores
1573 2136 1582 2186 3
1597 2132 1694 2189 quare,
1709 2131 1761 2172 nec

110 2258 148 2313 Dc
163 2255 264 2313 inutili
283 2260 311 2312 ct
333 2257 385 2313 vill
403 2258 533 2329 appetitu
558 2257 675 2313 laudem
695 2260 724 2314 et
738 2259 847 2331 gloria,
863 2259 907 2314 vel
957 2227 1100 2329 ⁰p¹⁰f⁰nes
1116 2212 1204 2266 b⁰⁰³⁸
1219 2211 1369 2328 autmfflas'

381 2329 488 2399 fauoris
503 2329 633 2383 humant,
993 2318 1062 2373 Vide
1076 2318 1214 2390 quomodo
1230 2317 1326 2373 vendis
1342 2332 1463 2373 amorem
1479 2325 1505 2373 et
1518 2325 1634 2374 caeteros
1644 2318 1759 2377 affectus

144 2441 172 2497 Si
187 2442 258 2498 bene
273 2442 359 2498 scires
374 2449 499 2497 mmmm
509 2458 541 2497 ac
551 2441 834 2513 potentiamhumanoe
844 2441 906 2514 opi.
957 2406 1040 2462 animi
1056 2407 1094 2460 tui
1108 2406 1142 2460 ad
1162 2406 1285 2461 obolatas
1300 2413 1346 2461 aut
1360 2415 1521 2472 nummatas,
1538 2406 1609 2462 sicut
1624 2406 1651 2461 in
1666 2410 1759 2464 taber-

110 2530 209 2599 nionis,
227 2530 269 2586 vel
284 2529 395 2597 favoris,
418 2545 557 2602 nunquam
577 2531 621 2586 vel
635 2531 732 2604 exigue
746 2547 798 2602 pro
812 2530 852 2586 eis
868 2531 905 2585 la·

108 2619 231 2687 beraeae,
247 2626 292 2674 aut
315 2619 459 2691 gauderes,
484 2626 529 2673 aut
548 2619 758 2675 contristareris.
774 2618 819 2673 Nil
834 2618 906 2673 euim

108 2717 221 2778 prosunt
244 2707 286 2762 cui
303 2707 515 2777 impenduntur;
532 2707 603 2762 sicut
624 2707 740 2772 colores,
757 2714 783 2762 et
798 2715 905 2763 caeterae

107 2794 210 2862 formae,
236 2809 360 2865 corpora,
376 2794 420 2851 vel
442 2810 488 2849 res
513 2795 611 2865 quibus
634 2795 734 2861 insunt,
752 2795 903 2865 deturpant,

108 2881 213 2954 stipsis
227 2882 265 2938 nil
290 2888 404 2954 prosunt
426 2890 471 2937 aut
495 2882 605 2937 obsunt.
631 2881 703 2951 Quid
718 2883 790 2937 enim
806 2882 905 2954 proluit
991 2866 1041 2921 ¹¹50
1056 2867 1137 2921 ΜΟ
1153 2865 1227 2921 dedii
1237 2881 1286 2937 it0
1301 2865 1429 2920 laudibus
1444 2865 1535 2921 ⁰¹1¹¹¹i³
1550 2883 1619 2935 ⁸⁰⁸3
1634 2868 1692 2935 ille»
1708 2885 1756 2940 ΡΝ

107 2971 159 3027 soli
173 2979 220 3027 aut
233 2970 305 3026 lunae
321 2971 393 3043 quod
405 2986 453 3026 eos
463 2969 563 3042 pagani
574 2970 641 3025 deos
651 2972 837 3041 putaverunt?
852 2974 905 3027 Aut
955 2954 1092 3025 V⁰¹l¹l³late
1106 2954 1212 3009 lenitis
1228 2962 1255 3009 θῑ
1265 2953 1392 3025 fuimis·
1408 2952 1474 3022 Quis
1489 2955 1584 3010 horum
1599 2956 1680 3027 peius
1694 2972 1756 3029 01*

107 3060 174 3132 quid
187 3059 237 3129 eis,
254 3060 327 3133 quod
342 3067 370 3115 tu
386 3075 434 3114 eos
449 3066 591 3114 creaturas
606 3073 667 3113 esse
682 3059 837 3130 cognoscis,
854 3061 903 3115 ob·
955 3049 1029 3097 laius
1043 3042 1107 3097 esi?
1122 3042 1180 3097 1¹⁰⁰
1193 3042 1306 3139 §lumem
1321 3041 1424 3106 ⁰²S⁰i⁰r
1440 3042 1489 3096 sed
1500 3042 1682 3100 ⁵⁰i⁰flliefflffl
1692 3060 1756 3117 P01'·

107 3149 170 3204 est‘l
186 3147 302 3217 Quodsi
319 3148 398 3202 etiam
421 3156 545 3203 stercora
560 3163 608 3202 eos
624 3163 685 3203 esse
700 3155 820 3219 putares,
838 3149 904 3220 quid
954 3130 1026 3195 ⁰5⁰³»
1042 3130 1156 3184 anesum
1172 3129 1459 3200 ‘¹¹l2b01isslll0lulltale
1474 3138 1574 3186 icium·

109 3236 148 3291 eis
161 3236 295 3293 noceret‘.l
310 3235 410 3305 Quare,
436 3235 506 3292 sicut
528 3244 651 3290 naturam
667 3244 693 3291 et
708 3236 854 3307 potentiam
868 3237 903 3290 il·
987 3234 1078 3303 Quare
1092 3235 1133 3290 vis
1147 3235 1232 3290 amari
1245 3235 1279 3290 ab
1295 3235 1473 3291 hominibusi
1489 3235 1597 3308 Utique,
1621 3244 1651 3291 ut
1665 3236 1756 3293 adsint

106 3323 160 3380 lius
175 3333 221 3379 aut
235 3324 307 3378 illius
331 3324 424 3380 herbae
448 3323 506 3379 sive
525 3323 609 3396 ligni,
631 3323 669 3379 ita
693 3325 787 3378 harum
811 3340 903 3379 rerum
954 3324 1029 3390 mihi,
1046 3324 1074 3379 id
1089 3332 1129 3378 est
1144 3324 1206 3379 huic
1227 3323 1288 3378 vitae
1304 3340 1381 3379 meae.
1395 3325 1471 3394 Ergo
1487 3324 1551 3396 quia
1566 3325 1653 3380 sentis
1667 3334 1695 3381 te
1709 3326 1753 3380 iu·

107 3420 237 3470 scrutare.
253 3412 352 3479 Facile,
369 3413 514 3481 adjuvante
528 3413 596 3480 Deo,
612 3412 639 3467 id
654 3412 766 3483 poteris,
782 3429 815 3468 ιι
826 3413 904 3482 cujiis
954 3410 1079 3478 firmum,
1096 3420 1232 3467 eteorum
1253 3411 1389 3467 violentiae
1413 3413 1593 3468 succumbere
1614 3421 1752 3484 paratum.

106 3500 279 3572 opinionibus
295 3500 339 3556 rel
354 3500 489 3555 favoribus
504 3509 602 3556 caetera
616 3501 768 3556 metienda.
955 3500 1038 3569 Quasi
1060 3501 1135 3556 dicas
1153 3518 1159 3554 :
1176 3500 1205 3556 Si
1218 3500 1351 3556 voluerint
1371 3500 1506 3567 homines,
1529 3501 1649 3570 moriar3
1665 3502 1689 3556 si
1704 3517 1753 3557 vo·

142 3591 173 3646 ln
187 3591 239 3647 hoc
254 3589 398 3663 cognoscis
409 3605 470 3662 quae
483 3589 535 3644 soli
549 3590 607 3644 Deo
621 3589 765 3655 debentur,
778 3589 841 3660 quia
855 3605 905 3644 ex·
953 3588 1061 3654 luerint,
1079 3589 1177 3645 viram.
1192 3588 1270 3657 Quod
1296 3581 1393 3643 falsum
1418 3597 1470 3643 est.
1494 3589 1659 3645 Necessario
1681 3589 1753 3645 enirn

105 3677 190 3733 hibita
204 3678 355 3749 cuicunque
376 3677 417 3733 rei
432 3677 469 3731 nil
493 3685 616 3748 prosunt,
639 3685 668 3732 ut
682 3677 812 3750 cognitio,
828 3693 905 3733 amor
953 3677 1090 3744 morieriS,
1106 3677 1164 3732 sive
1178 3677 1217 3731 illi
1232 3676 1327 3744 velint,
1345 3677 1403 3732 ιιιι
1414 3675 1509 3731 nolint.
1522 3674 1595 3744 Quid
1604 3677 1678 3733 enini
1686 3692 1752 3749 ages

106 3767 144 3822 ad
158 3765 314 3833 favendum,
327 3765 417 3832 timor,
431 3765 596 3833 reverentia,
607 3765 760 3832 admiratio,
773 3774 824 3821 etc.
841 3766 904 3821 llaec
954 3775 983 3820 ut
997 3780 1051 3820 non
1067 3765 1220 3822 moriaris?
1233 3765 1307 3838 Ergo
1323 3773 1401 3836 optas
1416 3779 1516 3838 magna
1529 3765 1565 3820 dc
1579 3773 1607 3821 ιι
1621 3765 1666 3822 ιιι
1681 3765 1752 3822 bona

107 3853 190 3924 enim,
206 3870 239 3910 eo
264 3854 323 3926 ipso
342 3853 414 3924 quod
435 3853 461 3908 ei
475 3852 519 3908 cui
543 3852 706 3908 exhibentur
728 3852 767 3906 nil
788 3853 902 3930 prosint,
953 3854 1060 3925 opinari
1083 3853 1217 3920 homines,
1234 3862 1263 3908 ut
1285 3861 1311 3908 te
1331 3860 1423 3908 ament
1446 3859 1491 3907 aut
1516 3852 1638 3909 timeant.
1655 3857 1754 3909 Amant

106 3942 253 3998 ostendunt
267 3957 297 3996 se
312 3940 338 3996 ei
353 3940 404 3996 soli
419 3939 552 4013 degeneri
567 3940 612 4011 qui
622 3940 696 3997 nullo
707 3947 780 4013 eget.
793 3941 821 3996 Si
831 3941 903 3996 enim
953 3951 1042 3997 autem
1058 3941 1102 3996 vel
1116 3941 1238 4005 timeant,
1254 3948 1283 3996 ut
1297 3941 1413 4013 prosint,
1429 3940 1536 3996 velnon
1545 3940 1647 3996 obsint.
1659 3942 1751 3998 Eccu-

105 4029 209 4086 laudari
224 4028 265 4085 vel
281 4028 413 4102 cognosci
427 4036 473 4083 aut
487 4027 660 4083 admirationi
674 4044 736 4084 esse
747 4028 901 4099 prodesset,
953 4039 995 4084 tra
1009 4029 1107 4085 metuis
1122 4029 1166 4084 ιιι
1180 4029 1299 4084 abhores
1313 4045 1396 4100 prava
1411 4028 1446 4083 de
1460 4037 1485 4084 te
1498 4029 1542 4084 vel
1556 4028 1629 4084 mala
1644 4028 1750 4101 opinari

107 4118 169 4191 quis
182 4133 237 4174 non
251 4117 370 4190 quotidie
380 4116 506 4172 mercede
517 4116 682 4172 conduceret
696 4125 825 4189 tunquam
841 4131 904 4188 ope
953 4117 1088 4186 homines,
1114 4133 1148 4172 ne
1171 4118 1278 4173 oderint
1297 4125 1343 4172 aut
1370 4123 1553 4183 contemnant,
1579 4125 1628 4171 aut
1650 4132 1686 4173 ne
1701 4131 1752 4172 no·

105 4207 202 4275 rarios,
216 4207 262 4280 qui
284 4206 343 4262 ιιι
357 4205 410 4261 sibi
429 4205 589 4261 exhiberent
604 4205 723 4271 assidue,
741 4212 771 4260 ιι
784 4205 842 4261 sine
858 4206 903 4261 iu·
953 4214 1042 4273 ceant,
1061 4213 1107 4262 aut
1122 4212 1197 4261 certe
1211 4214 1241 4261 ut
1261 4222 1316 4261 nou
1331 4205 1446 4276 prosint.
1463 4205 1522 4261 lloc
1534 4212 1625 4260 autem
1640 4212 1751 4277 propter

106 4294 276 4351 termissione
300 4292 434 4366 proficere
453 4293 567 4365 posset?
583 4291 651 4362 Quae
665 4301 753 4349 mater
768 4292 829 4348 filiis
845 4294 904 4348 suis
953 4295 1042 4368 ipsam
1074 4294 1269 4366 experientiam
1300 4293 1461 4348 infirmitatis
1491 4301 1573 4365 atque
1605 4292 1752 4349 debilitatis

105 4383 134 4439 id
151 4399 206 4438 uon
229 4382 288 4438 sine
311 4382 461 4439 cessatione
482 4382 677 4454 impenderet?
692 4381 760 4451 Quis
781 4398 837 4437 non
852 4364 939 4438 ιι-Ῐ)
953 4399 1034 4457 quam
1051 4382 1219 4451 contraxisti,
1237 4384 1325 4437 aDoo
1343 4381 1508 4448 recedendo,
1537 4388 1564 4435 et
1578 4380 1752 4436 instabilibus

106 4479 172 4537 stes,
191 4470 304 4542 pradia,
318 4470 502 4543 jumentaque,
520 4469 696 4541 seipsumque
710 4470 755 4525 die
765 4478 904 4542 noctuque
953 4480 1036 4544 atque
1050 4469 1165 4526 infirmis
1179 4470 1338 4526 inherendo
1353 4478 1380 4525 et
1395 4469 1546 4524 innitendo.
1562 4468 1591 4525 Si
1606 4469 1681 4524 enim
1695 4484 1749 4525 non

957 2511 993 2549 na
1007 2494 1111 2550 viuum.
1128 2495 1247 2550 Rursum
1262 2494 1369 2549 attende
1394 2493 1509 2565 qualiter
1522 2509 1599 2550 emas
1614 2495 1759 2566 opiniones

957 2590 1105 2638 clamores
1120 2598 1151 2638 ac
1165 2590 1277 2638 caeteros
1301 2580 1423 2651 affectus,
1443 2582 1501 2637 sive
1514 2590 1606 2638 motus
1620 2583 1758 2639 humano·

955 2688 1015 2727 rum
1030 2671 1191 2738 animorum,
1216 2671 1251 2726 ad
1273 2671 1396 2726 obolatas
1418 2678 1444 2726 et
1467 2678 1630 2739 nummatas,
1648 2672 1756 2728 sicutiu

955 2760 1068 2814 taberna
1083 2759 1185 2815 vinum.

106 4559 179 4616 bona
197 4559 308 4627 diceret,
330 4568 359 4614 ut
382 4561 422 4615 ιιι
451 4559 565 4614 meliora
593 4558 728 4614 laudando
752 4558 904 4614 redderet?
953 4560 1069 4615 sentires
1084 4575 1177 4615 eorum
1192 4558 1321 4615 vilitatem
1337 4566 1418 4631 atque
1432 4556 1629 4628 infirmitatem,
1645 4572 1702 4613 uon
1717 4557 1751 4612 ti-

105 4647 179 4704 Nihil
208 4663 276 4719 ergo
305 4647 355 4702 ista
385 4654 509 4719 prosunt,
534 4646 578 4703 cui
608 4645 810 4717 impenduntur.
835 4644 903 4713 Quis
953 4663 1044 4703 meres
1062 4662 1111 4719 pro
1136 4647 1186 4706 eis.
1207 4654 1287 4718 atque
1303 4646 1420 4701 doleres.
1437 4646 1492 4702 Sed
1506 4645 1585 4700 times
1600 4661 1650 4717 pro
1664 4646 1706 4701 ιιι
1720 4659 1752 4701 ac

105 4744 195 4792 autem
211 4736 330 4804 exhibet,
357 4735 510 4790 exhibendo
534 4734 656 4790 deterior
680 4742 724 4789 aut
746 4733 903 4790 melioret·
953 4735 1039 4801 doles,
1057 4751 1118 4792 curn
1133 4734 1259 4791 videlicet
1283 4742 1397 4807 pereunt
1421 4741 1466 4789 aut
1492 4731 1660 4788 auferuntur.
1676 4734 1752 4806 Ergo

104 4823 203 4880 licitur.
228 4825 257 4880 Si
283 4832 372 4880 autem
398 4829 481 4890 amat,
507 4829 553 4877 aut
571 4821 732 4886 admiratur,
758 4829 805 4876 aut
827 4822 903 4878 timet
952 4823 1098 4896 cognoscis
1113 4839 1207 4879 eorum
1231 4822 1361 4877 vilitatem
1375 4830 1401 4877 et
1415 4820 1608 4876 infirmitatem.
1626 4821 1752 4892 Quapro-

103 4911 131 4968 id
145 4914 218 4985 quod
233 4912 325 4982 debet,
340 4911 458 4979 melior;
474 4910 497 4965 ιι
513 4918 604 4966 ιιιιιι
614 4926 668 4966 non
680 4911 771 4977 debet,
780 4910 903 4966 deterior
952 4920 1013 4984 pter
1028 4912 1130 4967 nullam
1144 4920 1221 4982 potes
1231 4911 1342 4966 omnino
1352 4909 1556 4966 excusationem
1566 4909 1750 4979 praetendere,

104 4999 195 5072 utique
218 5000 258 5056 lit.
289 5000 418 5056 Similiter
439 4999 467 5053 in
495 4999 609 5054 caeteris.
643 4998 733 5068 Quam
755 5014 820 5070 ergo
841 4999 902 5070 pius
953 5001 1026 5073 quod
1046 5015 1080 5056 ea
1095 4999 1197 5071 diligis,
1214 5006 1258 5054 aut
1273 4998 1313 5055 eis
1327 4998 1464 5054 inniteris.
1483 4997 1682 5053 blirumtamen
1696 4995 1752 5052 val·

104 5096 147 5144 est
161 5087 303 5156 Dominus,
321 5088 367 5161 qui
381 5087 448 5143 nihil
462 5103 477 5142 a
491 5087 570 5142 nobis
583 5086 678 5161 exigit,
693 5096 723 5143 ut
736 5088 788 5143 sibi
802 5088 899 5159 prosit,
952 5088 986 5143 de
1011 5097 1050 5143 est
1075 5087 1188 5156 alicuius
1214 5086 1254 5142 rei
1280 5084 1466 5141 infirmitatem
1484 5084 1597 5151 sentire,
1621 5092 1648 5140 ct
1662 5093 1753 5140 tamen

103 5174 271 5249 multumque
284 5191 301 5231 a
314 5177 393 5231 nobis
407 5175 459 5231 sibi
474 5176 571 5231 sarriri
587 5184 704 5248 reputat,
722 5177 746 5232 si
761 5176 834 5248 quod
847 5192 900 5231 no·
952 5177 1030 5231 inniti
1044 5176 1078 5245 ei,
1094 5175 1224 5231 vilitatem
1239 5190 1331 5244 nosse,
1348 5183 1477 5230 clamare
1488 5173 1545 5230 sire
1559 5172 1663 5228 mirari.
1679 5173 1750 5229 Dum

103 5266 146 5322 bis
159 5273 201 5322 ιιι
215 5264 280 5320 utile
295 5279 402 5337 semper
416 5281 538 5337 agamus.
952 5280 1020 5338 ergo
1035 5272 1180 5336 propterea
1198 5264 1276 5319 doles
1291 5272 1337 5319 aut
1350 5262 1459 5330 metuis,
1472 5261 1527 5317 duo
1542 5261 1570 5316 in
1585 5268 1622 5328 te,
1638 5277 1701 5332 quae
1716 5259 1751 5315 si·

139 5355 214 5411 Sicut
232 5353 363 5419 radicum,
385 5353 539 5420 herbarum,
560 5353 604 5411 uel
623 5360 784 5409 caeterarum
808 5369 901 5409 rerum
951 5352 1007 5407 mul
1031 5369 1113 5425 posse
1132 5368 1194 5407 esse
1216 5368 1272 5407 non
1291 5352 1417 5407 ridentur
1438 5365 1500 5406 esse
1526 5348 1711 5415 demonstras,
1727 5348 1753 5402 id

102 5450 225 5512 naturas,
240 5441 279 5496 ita
293 5439 440 5513 opinionis,
456 5440 567 5512 favoris,
587 5440 685 5508 laudis,
702 5440 746 5497 vel
762 5441 899 5512 vitupera·
951 5448 994 5496 est
1008 5449 1036 5497 et
1051 5457 1133 5496 nosse
1147 5449 1174 5496 te
1188 5447 1214 5496 et
1229 5440 1331 5496 sentire
1347 5455 1444 5496 eorum
1457 5436 1645 5493 infirmitatem
1661 5451 1696 5493 ac
1710 5437 1752 5492 vi·

102 5529 194 5598 ιιοιιι,
211 5531 347 5602 expende.
952 5530 1065 5600 litatem,
1081 5535 1214 5585 ettamen
1234 5534 1370 5585 emarcet
1391 5525 1467 5583 inniti
1482 5525 1532 5583 eis.
1549 5525 1620 5582 Nara
1634 5524 1689 5580 nisi
1703 5526 1753 5580 bo·
