3742 5986
190 197 258 253 tttt
798 199 942 258 ottbtttts
967 201 1213 263 CARTHUSldNI.
1777 218 1845 273 itta

187 320 323 393 prioribus
337 319 379 374 bis
393 318 520 374 omnibus
535 335 596 391 quae
610 320 653 375 vel
668 321 702 375 ad
721 321 841 378 divinum
857 323 984 394 officium,
995 328 1023 388 A
1036 327 1171 397 diderunt,
1188 343 1214 386 et
1227 332 1309 401 bujus
1324 342 1426 390 sancta
1445 335 1606 392 obedientiae
1627 339 1729 410 jugum
1745 351 1844 404 suave,

187 409 231 465 vel
245 408 280 463 ad
293 416 406 463 caeteras
420 406 552 478 quaslibet
574 408 653 476 hujus
676 409 816 481 religionis
837 412 985 469 institutio·
1035 425 1062 472 et
1083 433 1153 473 onus
1175 419 1235 475 leve
1260 420 1462 495 infatigabiliter
1495 431 1576 495 atque
1598 424 1795 480 indeficienter
1815 441 1844 482 se

186 514 235 554 nes
249 497 394 568 pertinent,
411 497 470 550 sine
485 496 622 551 communi
632 496 746 552 consilio
760 500 895 571 generalis
910 502 984 573 capi·
1034 504 1104 560 ferre
1119 506 1235 576 professi
1245 510 1356 564 suntbis
1372 511 1463 566 verbis
1480 528 1487 564 :
1503 514 1558 581 Epo
1568 515 1662 583 frater
1675 512 1843 586 Stephanus

186 585 233 641 tuli
248 585 358 640 demere
373 583 485 655 aliquid,
502 583 546 638 vel
554 583 653 640 addere
662 583 764 641 licitum
776 587 819 641 sit.
835 588 984 646 Commune
1032 594 1111 665 prior
1127 596 1256 666 llojoruui
1263 599 1592 670 promittoobedientiom
1602 603 1753 658 communi
1763 604 1842 674 copi·

185 682 285 740 autem,
302 673 359 728 sive
373 671 524 727 universale
545 672 690 743 capitulum
711 689 842 731 vocamus
864 692 913 733 eos
937 677 985 749 qui
1034 683 1106 738 tulo.

183 761 322 819 convocati
337 767 529 816 convenemut.
554 761 588 816 Ut
602 760 685 834 igitur
709 762 767 817 baec
790 763 882 819 omnia
902 762 992 822 insti·'
1068 789 1169 845 Aderat
1194 797 1284 846 autem
1318 808 1450 862 praesens,
1475 793 1548 865 quod
1570 795 1840 866 praemittendum

183 859 249 950 tuta,
261 848 366 949 quaed
377 848 562 948 saflsslssllul'us
573 849 888 951 relidilfliSfil'ffliffilfflb
900 860 982 925 alque
1030 892 1085 932 non
1100 877 1274 944 arbitramur,
1291 881 1453 937 venerabilis
1473 882 1531 950 iam
1553 883 1701 953 pradictus
1724 884 1839 956 episco-

182 937 383 996 indeficientcm
407 936 577 994 stabilitatem
598 944 745 1009 pertinent,
760 954 777 994 a
792 948 892 996 sanctis
916 940 981 998 viris
1029 980 1091 1036 pus,
1107 966 1229 1034 ejusdem
1244 967 1447 1024 carthusiensis
1470 969 1567 1025 d0mus
1589 979 1669 1041 pater
1689 980 1717 1027 ος
1736 987 1837 1028 mom.

181 1026 280 1083 utiliter
293 1025 403 1081 inveuta
423 1032 450 1081 et
472 1023 653 1081 saluberrime
675 1026 853 1098 considerata,
877 1044 978 1099 perpe-
1029 1054 1107 1120 chus⁸
1124 1055 1202 1123 cujus
1216 1071 1337 1122 manum,
1355 1056 1383 1111 in
1397 1073 1450 1128 qua
1464 1072 1559 1114 omnes
1573 1060 1624 1114 has
1638 1059 1836 1132 praescrjptio,

179 1123 252 1215 tuam
265 1114 386 1213 habetati
398 1112 642 1185 perseverasslissmi
659 1113 748 1212 θῑξῡθῑῐ
772 1115 878 1213 Pll⁰lf³⁸
889 1114 979 1213 bumi-
1028 1156 1078 1196 nes
1089 1143 1206 1209 tenebat,
1218 1142 1296 1200 flexis
1303 1144 1420 1217 genibus
1427 1146 1667 1215 osculantes,banc
1677 1146 1836 1220 professio·

180 1203 261 1258 blatis
275 1209 391 1274 vestigia
405 1208 552 1268 sectantes,
568 1216 630 1258 sese
644 1203 707 1258 burc
718 1209 818 1259 sanotae
827 1201 979 1274 disciplina
1029 1244 1092 1284 nem
1106 1228 1240 1288 fecerum·

178 1299 204 1349 et
219 1289 406 1364 perseveranti
419 1289 582 1347 comestioni
591 1305 653 1348 cum
666 1290 741 1346 omni
755 1290 900 1349 devotione
911 1289 978 1346 sub-

983 1522 1017 1594 ΙΙ

634 1672 719 1728 lTlill
741 1669 913 1727 CthlTllLil
935 1669 1106 1726 ictuatus
1128 1670 1351 1731 CONVENTUS.

882 1768 934 1837 (Ex
948 1765 1046 1823 eodem
1061 1768 1128 1840 ms.)

208 1899 233 1954 l.
263 1893 416 1967 Capitulum
444 1892 562 1965 primum
584 1891 713 1959 continet,
737 1891 809 1964 quod
833 1889 974 1963 passiones
987 1889 1091 1964 Bquio
1104 1893 1217 1965 peccaui
1232 1893 1295 1961 tibi,
1314 1893 1464 1968 eademque
1484 1902 1622 1968 repetatur
1636 1905 1702 1968 post
1718 1897 1823 1956 Gloria.

171 1984 291 2053 Domini,
306 1983 376 2041 sicut
389 1990 416 2038 et
429 1988 529 2039 caetera
543 1979 697 2053 evangelia,
714 1986 867 2035 cantentur.
1060 1982 1085 2035 6.
1102 1979 1211 2036 Sextum
1235 1982 1382 2054 capitulum
1403 1991 1455 2051 est,
1471 1991 1498 2039 ut
1520 1983 1568 2039 illa
1590 2001 1654 2056 quae
1677 1986 1824 2041 emendata

205 2077 232 2132 2.
249 2070 404 2130 Secundum
416 2069 562 2141 capitulum
576 2068 658 2125 babet
673 2068 755 2141 quod,
781 2066 889 2140 quando
915 2068 971 2123 Na·
1021 2076 1083 2123 snut
1097 2068 1125 2123 in
1139 2070 1280 2140 psalterio,
1297 2072 1476 2128 emendentur
1494 2072 1521 2127 in
1536 2075 1729 2144 responsorio,
1746 2072 1822 2129 verbi

170 2162 261 2220 tivitas
276 2159 384 2216 Domini
398 2165 493 2230 quarta
516 2156 584 2213 teria
606 2156 737 2224 evenerit,
763 2155 887 2228 sequenti
911 2157 969 2211 bo·
1019 2157 1106 2228 gratia
1122 2172 1129 2213 :
1144 2159 1174 2214 Si
1188 2161 1246 2215 mei
1255 2175 1313 2216 uon
1323 2162 1436 2231 suerint
1448 2159 1598 2228 dominati,
1615 2162 1676 2234 lpse
1690 2163 1822 2218 liberauit

171 2249 270 2307 minica
285 2246 487 2320 responsorium
499 2245 569 2302 sicut
586 2244 615 2300 iu
628 2244 673 2301 dic
686 2244 838 2301 Natiuitatis
861 2244 970 2300 Domini
1007 2261 1072 2316 pue,
1089 2253 1114 2301 et
1128 2246 1265 2304 Euultubo
1276 2265 1361 2305 moue
1370 2249 1607 2319 misericordium,
1620 2257 1648 2305 et
1656 2251 1690 2305 in
1700 2266 1820 2322 pennu·

169 2344 301 2396 cantetur.
318 2336 349 2391 ln
362 2335 457 2406 missa,
482 2336 558 2392 Puer
575 2338 663 2390 notus
684 2337 726 2390 est
746 2335 835 2390 uobis.
861 2332 965 2400 Oratio,
1018 2335 1134 2392 tioueet
1147 2337 1370 2407 uenerationem.
1711 2397 1714 2403 ,

170 2427 302 2494 Concede,
318 2440 487 2500 quesumus,
504 2424 683 2494 omnipotens
699 2424 782 2488 Deru,
794 2426 886 2478 ulnus
900 2423 966 2480 Uni·
1051 2425 1077 2477 7.
1095 2423 1244 2494 Septimum
1258 2425 1404 2497 capitulum
1417 2434 1468 2495 est,
1492 2433 1521 2483 ut
1534 2434 1595 2498 post
1621 2427 1731 2496 Venite,
1751 2442 1818 2483 can·

85 2505 90 2520 ⁸
167 2513 407 2590 paulillipistols,
415 2513 552 2586 Apparuit
559 2510 965 2582 beuipuitus.Evangelium,lu
1014 2518 1085 2566 tetur
1100 2513 1214 2568 AEterue
1225 2528 1321 2569 rerum
1334 2515 1475 2571 Conditor.
1492 2515 1533 2571 Ad
1548 2514 1663 2580 Laudes,
1679 2516 1818 2587 Splendor

163 2606 313 2678 principio,
330 2610 394 2669 eto,
411 2601 480 2657 siout
494 2599 522 2654 in
537 2598 698 2656 Dominieali
712 2598 878 2655 Natiuitatis.
1012 2603 1142 2671 paternos
1155 2601 1260 2672 paona.
1278 2601 1475 2674 Adllesperas,
1490 2606 1564 2661 Deus
1573 2603 1699 2671 Creator,
1712 2611 1765 2660 eto.
1775 2603 1816 2660 td

199 2696 225 2750 3.
241 2691 361 2749 Tertium
376 2689 523 2760 capitulum
539 2695 591 2753 est,
612 2687 727 2760 quadiu
751 2702 784 2742 ea
808 2686 960 2753 Dominioa,
1012 2687 1235 2759 completorium,
1249 2688 1368 2759 Christe,
1379 2691 1427 2764 qui
1438 2693 1490 2748 lua
1505 2708 1544 2749 cs.

161 2783 190 2838 in
205 2787 314 2855 quaest
335 2776 506 2852 evangelium
525 2779 594 2833 ltrot
608 2776 723 2848 loseph,
740 2783 866 2833 cantetur
888 2775 962 2832 anti·
1048 2780 1073 2831 8.
1091 2776 1223 2833 Octavum
1238 2779 1386 2849 capitulum
1401 2788 1452 2847 est,
1476 2788 1505 2836 ut
1525 2780 1561 2835 ab
1583 2781 1690 2837 octavis
1716 2781 1812 2838 Pente-

161 2871 254 2944 pbons
267 2871 338 2925 Erat
350 2867 450 2939 loseph
459 2865 486 2921 in
502 2864 621 2922 Sabbato
637 2862 671 2919 ad
685 2863 831 2935 Vesperas,
847 2863 961 2920 eadem·
1010 2872 1110 2931 costes,
1126 2881 1214 2938 usque
1228 2866 1264 2922 ad
1278 2867 1430 2924 Adventum
1447 2869 1555 2924 bomini
1568 2869 1698 2925 omnibus
1713 2870 1812 2926 feriab-

161 2975 214 3033 que
228 2964 365 3030 repetatur
379 2955 415 3011 ad
439 2954 617 3011 Benedictus.
643 2952 773 3024 idemque
795 2951 909 3026 contigit
933 2952 961 3008 in
1010 2953 1061 3009 bus
1080 2953 1186 3023 diebus,
1212 2954 1332 3026 exceptis
1352 2954 1439 3024 lestis,
1464 2956 1649 3014 Dominioales
1674 2959 1811 3015 orationes

160 3047 302 3104 Dominica
317 3053 377 3117 post
391 3042 596 3107 ascensionem,
612 3049 642 3097 ut
665 3039 791 3098 videlicet
813 3041 960 3112 antiphona
1009 3041 1133 3098 dicantur
1143 3042 1177 3096 ad
1191 3043 1326 3114 vesperas
1338 3051 1365 3100 et
1379 3044 1414 3099 ad
1428 3045 1545 3101 Laudes.

159 3137 194 3193 de
208 3133 362 3206 evangelio,
378 3141 405 3189 et
418 3132 454 3188 ad
462 3132 599 3202 vesperas
609 3128 637 3185 in
647 3129 776 3200 Sabbata,
785 3137 812 3186 et
821 3129 856 3185 ad
868 3131 958 3187 Bene·
1044 3134 1070 3185 9.
1086 3131 1194 3187 Nonum
1209 3131 1356 3202 capitulum
1376 3140 1426 3201 est,
1441 3141 1471 3190 ut
1492 3133 1520 3189 in
1541 3135 1720 3207 responsorio
1732 3136 1811 3191 unius

159 3223 262 3293 dietus,
273 3230 406 3279 coutetur.
968 3241 992 3304 0
1007 3217 1134 3290 martyris
1147 3218 1175 3273 in
1190 3218 1270 3275 tertio
1284 3227 1416 3277 noctumo
1439 3221 1547 3279 dicatur
1572 3222 1736 3291 versiculos,
1754 3225 1810 3280 dn·

194 3313 220 3368 l.
237 3311 369 3381 Quartum
383 3309 530 3381 capitulum
545 3315 596 3373 est,
621 3307 695 3380 quod
716 3313 792 3363 sexta
815 3306 956 3364 Dominica
1008 3308 1115 3364 trabitur
1123 3307 1222 3378 justus
1235 3310 1267 3364 iu
1281 3310 1408 3368 Domino.

155 3407 219 3472 post
240 3396 439 3471 Epiphaniam,
472 3413 533 3469 quae
557 3395 687 3467 precedit
711 3395 955 3469 septuagesimam,
1043 3399 1086 3452 lb.
1111 3395 1251 3453 Decimum
1274 3397 1422 3468 capitulum
1446 3405 1497 3469 est,
1522 3405 1552 3454 ut
1575 3397 1698 3456 infesto
1720 3400 1808 3457 sancti

155 3496 279 3545 cantetur
292 3485 475 3560 evangelium,
493 3483 648 3554 confitebor
662 3483 722 3549 tibi,
743 3483 860 3540 Domine
871 3487 957 3556 poter·
1005 3484 1130 3552 Andreae,
1160 3485 1184 3539 sl
1210 3485 1237 3540 in
1266 3486 1390 3542 lldventu
1414 3487 1562 3558 contingat,
1594 3488 1681 3544 semel
1705 3495 1807 3544 tanturn

154 3578 360 3640 coelt'etterroe,
386 3583 412 3630 ot
433 3570 595 3644 Antiphone
622 3588 655 3626 ex
678 3571 775 3627 eodem
799 3571 953 3644 evangelio,
1005 3572 1174 3641 comedatur,
1208 3573 1258 3629 sed
1282 3573 1458 3630 nibilominus
1490 3575 1527 3631 ad
1556 3573 1734 3632 collationem
1757 3593 1807 3633 ve·

154 3666 254 3723 Tollite
257 3665 360 3737 jupam
369 3678 465 3720 meum
474 3677 559 3734 super
567 3660 653 3717 uosad
662 3661 840 3726 Bertedictus,
849 3661 952 3733 lupum
1004 3659 1100 3716 niatur.

152 3754 229 3811 enim
243 3751 385 3810 maamad
399 3750 573 3823 llopnificut.
1036 3751 1080 3803 tt.
1096 3748 1229 3805 statutum
1243 3757 1285 3806 ast
1299 3749 1381 3805 etiam
1396 3757 1424 3806 ut
1447 3766 1497 3822 pro
1520 3751 1610 3808 abaris
1623 3751 1653 3806 in
1670 3762 1807 3811 convento

186 3844 213 3897 5.
229 3839 359 3909 Quintum
374 3838 520 3910 capitulum
535 3844 585 3905 est,
603 3837 675 3910 quod
690 3835 815 3908 repetitio
831 3851 948 3907 respon·
999 3836 1102 3910 aliquid
1118 3835 1221 3908 lacere,
1236 3837 1265 3894 in
1287 3838 1457 3896 ordinatione
1476 3839 1576 3912 prioris
1594 3847 1621 3897 et
1635 3841 1681 3897 sui
1695 3843 1804 3914 capituli

150 3928 226 3995 sorii,
241 3930 297 4001 ¹390
311 3927 384 3994 diat,
400 3927 527 3993 Domine,
543 3925 588 3992 sit,
605 3926 682 3982 Sauo
700 3925 827 3981 unimam
843 3940 947 3993 mcum,
998 3923 1110 3981 arbitrio
1123 3924 1262 3983 consistat.
1738 3942 1741 3948 ·

946 4158 996 4229 III

797 4306 903 4362 atti
931 4302 1144 4362 statutt.

853 4418 1019 4491 (Exeodem
1031 4418 1099 4490 ms.)

182 4560 208 4613 t.
224 4553 356 4611 statutum
366 4549 395 4606 in
405 4542 590 4607 carthusiensi
600 4539 727 4617 capitulo,
742 4538 812 4599 utin
827 4539 984 4612 claustrol)
998 4540 1153 4614 contigerit,
1167 4539 1195 4597 in
1208 4537 1314 4598 cunctis
1322 4538 1409 4595 nostri
1419 4538 1668 4609 ordinisdomibus,
1684 4549 1802 4614 excepto

143 4652 206 4719 post
219 4658 319 4699 nonam
334 4637 484 4697 secuudum
498 4634 639 4693 arbitrium
648 4632 806 4705 priorispro
817 4645 944 4688 sermone
994 4629 1192 4696 snmvemario,
1209 4627 1318 4701 etquod
1334 4626 1363 4682 in
1379 4626 1575 4700 martyrologio
1585 4641 1642 4682 non
1652 4627 1801 4696 scribatur,

144 4732 223 4790 solito
238 4730 319 4789 leutio
333 4728 477 4785 habeatur.
994 4717 1067 4772 idem
1082 4733 1115 4774 aa
1128 4733 1177 4787 per
1190 4715 1305 4772 officium
1323 4714 1374 4770 liat
1389 4715 1462 4787 quod
1476 4731 1527 4785 pro
1549 4714 1642 4786 priore
1667 4716 1712 4772 vel
1737 4732 1802 4788 pro-

178 4825 205 4879 ς,
218 4817 528 4879 Deindedecretumest,
546 4820 575 4867 ut
585 4808 720 4883 quomodo
731 4809 765 4864 de
779 4807 945 4880 equitatione
995 4804 1068 4861 iesso
1083 4803 1143 4860 lieri
1156 4804 1306 4863 consuevit.
1323 4805 1382 4859 Prae
1397 4802 1505 4859 canteris
1515 4817 1579 4858 vero
1593 4802 1677 4857 totius
1693 4805 1801 4861 ordinis

142 4909 255 4966 fratrum
270 4914 430 4963 entaramm
444 4903 590 4957 domorum
605 4906 734 4954 statutum
748 4896 842 4967 iuerat,
864 4897 903 4954 sie
918 4904 945 4952 et
994 4891 1182 4949 cluniacensis
1204 4892 1346 4959 defunctis,
1379 4899 1480 4963 lllaelffl'
1500 4891 1622 4962 primas
1645 4894 1799 4966 ⁰fflfi⁰¹¹0⁵2

141 4998 170 5054 in
188 4993 373 5052 Cartbosiensi
391 4998 526 5056 servetur,
544 4989 581 5043 ita
603 4988 733 5042 duntaxat
756 4992 793 5050 ut,
819 5001 881 5040 eoin
904 4984 939 5039 ad
989 4981 1074 5036 semel
1087 4981 1115 5035 in
1130 4995 1201 5036 anno
1216 4980 1345 5052 generale
1353 4978 1482 5047 officium,
1494 4988 1550 5034 tam
1565 4978 1599 5033 de
1613 4978 1702 5035 missa
1719 4997 1800 5054 quarn

138 5085 286 5158 capitulum
307 5081 440 5149 venerint,
471 5077 516 5136 vel
535 5093 585 5149 per
617 5074 764 5147 capitulum
785 5072 868 5145 aliqui
890 5086 939 5143 pro
989 5067 1023 5123 de
1055 5069 1164 5142 agenda
1183 5067 1212 5122 in
1240 5075 1383 5134 conventu,
1419 5067 1609 5124 celebrabitur.
1635 5070 1658 5122 Λ
1681 5069 1801 5143 singulis

138 5175 229 5250 aliquo
244 5171 354 5245 negotio
368 5169 445 5226 missi
460 5166 568 5232 luerint,
586 5164 667 5221 liceat
681 5163 784 5219 eisdem
799 5160 937 5227 domibus,
989 5172 1098 5230 quoque
1114 5155 1300 5213 sacerdolibtss
1315 5171 1399 5210 Ullum
1423 5155 1591 5226 psalterium»
1609 5156 1725 5214 afficis
1748 5161 1799 5214 ³⁰⁰

136 5264 209 5320 unde
224 5262 324 5317 iratres
333 5260 482 5326 mittentur,
497 5262 579 5327 prout
593 5251 744 5309 necessitas
753 5247 937 5321 postulaverit,
990 5244 1138 5301 Dominicis
1164 5243 1301 5300 orationes
1323 5242 1525 5314 persolventur.
1549 5244 1608 5300 Hoc
1631 5259 1702 5301 vero
1719 5246 1801 5302 obse·

136 5353 215 5410 solito
229 5366 307 5407 more
322 5348 432 5404 fratrem
447 5344 593 5418 equitando
608 5343 680 5398 foras
697 5340 813 5395 mittere.
990 5335 1083 5407 quium
1099 5333 1215 5406 singulis
1230 5331 1308 5389 anuis
1323 5331 1358 5387 ab
1367 5330 1428 5404 ipso
1438 5330 1557 5404 capitulo
1567 5347 1656 5406 usqne
1669 5334 1711 5391 ad
1725 5335 1801 5393 Nati·

169 5444 196 5497 3.
212 5440 281 5496 Item
301 5433 440 5495 communi
462 5448 576 5490 assensu
597 5427 778 5497 decrevimus,
804 5433 938 5499 quatenus
988 5422 1098 5480 vitatem
1113 5418 1223 5478 Domini
1237 5419 1341 5492 expleri
1350 5418 1526 5490 iniunximus.
1542 5418 1596 5476 Pro
1611 5419 1722 5481 domno
1733 5440 1802 5483 vcro

134 5542 185 5599 pro
198 5524 300 5586 domno
314 5519 643 5590 murmurmurmur,
660 5515 769 5590 quando
784 5529 848 5573 eum
863 5510 939 5570 obire
989 5510 1104 5569 tibrim
1118 5508 1304 5568 wintoniensi
1331 5507 1474 5583 episcopo,
1490 5521 1600 5568 nmen
1621 5524 1677 5582 pm
1692 5512 1802 5585 prefati
