3750 5984
110 216 179 268 1037

802 219 892 274 VITA.
912 247 947 258 -

966 217 1030 272 cro.
1043 190 1084 272 ‘v.
1685 217 1754 270 roas

108 352 233 392 seorsum
249 351 329 392 secus
340 335 429 392 altare
438 336 549 403 resedit,
559 337 638 410 eique
648 338 771 409 proferre
782 359 843 412 quas
857 357 909 398 vo·
918 343 947 404 A
961 347 1034 396 esset
1048 339 1241 412 prosequendo
1256 336 1370 395 locutus.
1386 338 1512 395 Sciebam
1533 340 1606 395 enim
1620 343 1757 400 neminem

108 424 204 480 luisset
219 425 623 496 leniterimpe1·avit.lumille
640 442 646 480 :
664 448 675 477 a
694 428 724 482 ln
739 430 858 496 crastino
869 431 907 500 (id

108 521 149 569 est
160 513 310 583 postridie),
323 513 418 584 inquit,
432 513 584 569 festivitatis
594 514 723 571 Omnium
734 517 905 588 Sanctorum,

108 618 170 672 quta
184 602 236 657 hac
251 603 311 672 ipsa
324 601 474 672 septimana
488 602 627 658 celebrata
650 612 701 673 est,
725 620 786 661 cum
801 606 907 662 Psalle-

108 689 179 743 rium
194 689 221 744 in
236 690 354 760 quadam
374 689 491 746 ecclesia
506 690 680 747 decantarem
695 708 746 764 pro
766 694 908 749 animabus

108 776 228 832 fidelium
243 777 432 833 defunctorum
442 777 528 853 'fsicut
542 778 603 850 ipsa
616 779 662 835 die
687 781 816 836 solemnis
830 782 908 838 exhi-

106 865 168 920 beri
182 881 276 921 earum
286 867 419 921 memoria
435 866 514 938 solet)
528 883 580 923 vox
600 869 723 940 quaedam
747 870 835 926 subito
857 887 908 926 au-

105 953 182 1009 ribus
195 954 264 1009 meis
278 955 376 1025 illapsa
391 962 441 1024 est,
458 972 518 1027 quae
532 956 624 1011 verbis
639 957 849 1013 absolutissimis
863 959 908 1013 di-

107 1051 205 1098 ceret:
222 1043 320 1116 Surge,
337 1043 474 1115 inquiens,
489 1042 536 1110 fili,
554 1052 581 1100 et
591 1060 677 1119 perge
692 1045 746 1102 cito
757 1047 792 1101 ad
803 1046 909 1103 lincol·

106 1131 230 1188 nienscm
244 1132 412 1204 episcopum,
425 1131 554 1204 dicesque
564 1132 591 1187 ei
605 1142 725 1204 exparte
739 1135 799 1200 Dei,
815 1142 909 1209 quate·

106 1236 158 1276 nus
187 1228 297 1277 moueat
329 1219 488 1293 diligentius
516 1220 739 1278 Cantuariensem
770 1223 909 1295 archiepi-

107 1324 221 1380 scopum
238 1311 323 1379 (188),
344 1315 374 1364 ut
396 1309 499 1380 pariter
523 1324 618 1364 secum
642 1310 730 1366 subito
753 1311 910 1384 vigilantius

107 1398 230 1453 intendat
245 1398 279 1453 ad
289 1397 484 1470 corrigendum
495 1405 595 1454 statum
604 1397 670 1454 cleri
678 1406 705 1454 et
714 1398 908 1456 Ecclesiamm.

958 437 1057 498 praeter
1071 445 1115 483 me
1130 428 1254 484 cominus
1277 426 1350 483 circa
1370 427 1459 482 locum
1481 427 1570 497 ipsum
1591 431 1755 487 constitisse.

958 516 1043 589 Igitur
1056 532 1119 573 curn
1134 524 1194 587 post
1208 515 1292 588 longa
1307 514 1412 586 pavidae
1436 516 1606 588 cogitationis
1621 519 1757 576 volumina

958 603 1034 660 vocis
1048 612 1185 660 auctorem
1200 603 1383 674 nequivissem
1397 603 1533 658 ullatenus
1554 605 1758 677 deprehendere

958 691 1124 764 consignans
1146 692 1280 763 meipsum
1306 692 1419 747 salutari
1449 693 1538 749 crucis
1561 693 1651 767 signo,
1671 695 1758 752 inter-

958 780 1049 836 missae
1063 780 1195 836 orationis
1210 779 1328 836 studium
1351 780 1558 854 vehementiori,
1574 797 1656 854 quam
1670 783 1758 855 prius,

958 868 1096 925 desiderio
1111 877 1234 941 repetere
1248 868 1329 940 coepi.
1344 869 1403 926 Nec
1416 884 1513 936 mora;
1529 870 1664 928 etiterum
1679 873 1761 930 audio

958 972 1056 1013 vocem
1089 956 1186 1013 eodem
1209 970 1277 1012 sono
1308 955 1467 1028 eisdemque
1491 958 1602 1029 syllabis
1634 960 1759 1018 eamdem

959 1061 1040 1117 quam
1055 1045 1132 1117 prius
1144 1045 1299 1117 exprimere
1323 1045 1496 1101 sententiam.
1519 1047 1595 1104 'func
1618 1063 1681 1121 ego,
1696 1064 1760 1106 cum

960 1148 1011 1190 nec
1021 1133 1119 1189 stantis
1132 1148 1291 1206 personam,
1316 1148 1367 1189 nec
1391 1132 1473 1200 illius,
1499 1134 1542 1190 cui
1566 1152 1657 1193 sermo
1680 1135 1762 1193 fiebat

959 1221 1021 1288 iste,
1038 1221 1187 1293 potuissem
1198 1221 1350 1289 advertere,
1362 1221 1513 1278 cedendum
1530 1222 1590 1280 loco
1600 1224 1760 1292 existimavi,

961 1308 989 1365 id
1003 1316 1105 1364 tanturn
1121 1324 1229 1367 mecum
1243 1316 1383 1381 reputans,
1399 1309 1462 1381 quia
1485 1310 1587 1383 aliquid
1607 1314 1762 1370 sacratioris

961 1398 1085 1470 mysterii
1099 1397 1202 1455 ibidem
1216 1398 1366 1470 agitaretur
1381 1397 1416 1453 ab
1427 1398 1572 1471 aliquibus,
1584 1416 1699 1473 quorum
1709 1417 1763 1475 ego

107 1487 194 1563 Ninus
210 1487 281 1542 enim
297 1485 444 1543 offenditur
459 1485 551 1541 divim
574 1487 702 1556 maiestas
725 1504 776 1559 per
797 1504 830 1545 ea
851 1504 911 1562 quae
960 1486 1090 1560 indignus
1104 1487 1250 1543 existerem
1264 1486 1373 1544 arcanis
1384 1486 1530 1543 interesse.
1542 1488 1662 1545 adorato
1672 1489 1763 1562 itaque

108 1574 296 1630 indesinenter
310 1573 376 1630 fiunt
390 1590 406 1630 a
430 1574 584 1630 rectoribus
607 1573 793 1632 Ecclesiarum
819 1585 845 1632 et
860 1593 910 1633 ea·
961 1575 1089 1645 Domino,
1107 1575 1221 1647 signans
1235 1574 1302 1630 mihi
1316 1575 1434 1631 frontem
1448 1591 1463 1631 a
1477 1576 1539 1633 loco
1558 1576 1683 1634 discessi.

107 1679 170 1719 rum
185 1663 326 1718 ministris.
343 1662 505 1719 Sacerdotes
521 1663 591 1719 enim
607 1671 633 1718 et
643 1663 759 1720 aliorum
774 1665 948 1757 graduumB
998 1663 1120 1735 Cumque
1134 1663 1323 1736 pervenissem
1336 1664 1372 1719 ad
1386 1663 1480 1722 valvas
1495 1664 1629 1733 ecclesias,
1645 1666 1764 1723 occurrit

105 1767 241 1823 persona,
257 1751 415 1807 omnimodo
429 1750 558 1807 vitiorum
573 1768 684 1823 genere,
701 1754 816 1810 maxime
828 1754 910 1811 luxu·
963 1752 1030 1809 mibi
1044 1751 1121 1825 virgo
1136 1752 1272 1825 quadam,
1288 1751 1418 1826 religiosa
1427 1753 1518 1821 valde,
1535 1769 1596 1826 quae
1610 1755 1726 1811 Domino
1736 1754 1765 1810 in

107 1840 156 1895 riae
167 1840 304 1906 sordibus,
321 1838 424 1906 foedati,
442 1840 619 1895 sacramentis
638 1841 737 1897 divinis
752 1841 789 1898 ex'
800 1842 913 1916 indigno
960 1840 1071 1911 jeiuniis
1085 1848 1113 1898 et
1134 1841 1317 1908 orationibus,
1337 1841 1367 1896 iu
1389 1840 1492 1915 frigore
1515 1850 1543 1898 et
1564 1843 1696 1913 nuditate,
1720 1843 1766 1905 dte

108 1944 222 1986 accessu
236 1928 360 1997 injuriosi
371 1928 526 1998 existentes,
540 1945 571 1984 ea
582 1929 767 1986 irreverenter
780 1933 913 1989 sumendo
962 1936 1098 2003 noctuque
1108 1929 1276 1998 deserviens,
1297 1931 1332 1985 ab
1355 1929 1473 1987 ecclesia
1494 1931 1590 1988 eadem
1612 1932 1763 2003 rarissime,

107 2025 189 2089 atque
209 2016 361 2082 tractando,
387 2025 517 2089 quantum
539 2017 566 2072 in
582 2033 612 2073 se
640 2026 689 2088 est,
716 2018 838 2090 polluere
858 2036 913 2077 non
963 2018 998 2075 ab
1014 2018 1073 2088 eius
1087 2035 1152 2075 vero
1167 2019 1242 2075 atriis
1263 2034 1403 2092 nunquam
1417 2035 1489 2091 pene
1513 2020 1669 2079 recedebat.
1686 2021 1761 2089 llaec,

107 2113 247 2162 verentur.
264 2107 334 2176 lpsae
348 2104 479 2162 Ecclesia
493 2106 613 2178 indignis
627 2112 654 2162 et
668 2108 725 2163 Deo
739 2108 775 2163 ob
790 2108 913 2179 perditos
963 2122 1025 2165 cum
1040 2107 1199 2165 audirentur
1210 2107 1350 2180 predicta,
1361 2107 1390 2164 in
1404 2115 1511 2165 remoto
1524 2109 1648 2166 ecclesiae
1662 2109 1765 2182 angulo

108 2210 198 2250 mores
212 2194 309 2249 invisis
322 2193 426 2265 passim
440 2194 474 2249 ad
488 2195 639 2267 regendum
666 2195 808 2252 traduntur
819 2212 913 2268 perso·
963 2195 1049 2252 solitis
1064 2203 1209 2255 vacaverat
1222 2195 1399 2253 orationibus.
1415 2195 1483 2266 Quas
1497 2197 1614 2271 genibus
1628 2197 1697 2254 meis
1712 2197 1764 2254 ad·

107 2282 161 2349 nis,
177 2298 193 2337 a
210 2283 387 2354 quibussaepe
397 2298 476 2339 more
486 2283 659 2340 secularium
672 2284 837 2356 praediorum
852 2285 912 2342 aliis
962 2284 1055 2339 voluta
1069 2285 1185 2355 rogabat
1199 2284 1354 2354 instantius,
1381 2292 1522 2356 quatenus,
1548 2286 1572 2342 ai
1586 2285 1646 2342 fieri
1660 2293 1763 2359 posset,

109 2371 259 2443 atquealiis
270 2371 459 2443 relinquuntur
473 2372 509 2426 ad
521 2371 731 2445 firmam,quarn
747 2375 913 2445 emphitheo
962 2372 1054 2444 aliqua
1068 2372 1120 2427 sibi
1135 2389 1169 2429 ex
1180 2372 1222 2428 bis
1250 2389 1311 2446 quae
1333 2373 1455 2440 interius,
1480 2381 1509 2429 ut
1528 2373 1678 2444 asserebat,
1699 2374 1765 2432 mibi

109 2460 162 2515 sim
171 2460 216 2516 alii
226 2467 392 2531 nuncupant,
404 2468 486 2532 utque
494 2459 561 2516 viles
574 2461 707 2527 tabernae,
723 2462 762 2518 sio
777 2462 911 2531 ecclesiae,
962 2460 1034 2518 dicta
1068 2468 1242 2533 cognoverat,
1274 2462 1477 2518 communicare
1497 2463 1673 2520 studuissem.
1698 2463 1763 2532 Sed,

109 2550 197 2619 turpis
214 2548 283 2604 lucri
309 2548 398 2620 gratia
428 2548 478 2602 sub
498 2564 588 2604 annuo
621 2565 705 2606 censu
728 2549 854 2607 locantur
877 2552 912 2607 ad
962 2549 1149 2620 quianescius
1164 2550 1340 2605 eramadhuc
1354 2550 1648 2607 cuinamdictaessent
1662 2568 1765 2624 eaquae

108 2647 252 2709 quaestum.
267 2638 301 2691 Et
316 2637 358 2691 his
374 2637 408 2692 de
423 2653 489 2694 cura
503 2637 665 2705 animarum,
683 2638 753 2694 etde
767 2639 912 2711 indigenti·
962 2637 1113 2704 audieram,
1129 2638 1204 2693 illam
1222 2638 1282 2695 vice
1296 2654 1376 2694 versa
1397 2638 1488 2709 potius
1506 2639 1571 2694 duxi
1587 2640 1763 2706 exorandam,

108 2725 160 2781 bus
175 2727 358 2781 sustentandis
372 2742 405 2781 ex
420 2726 549 2782 fructibus
564 2726 656 2781 nullus
679 2735 721 2782 est
745 2744 846 2797 sermo,
863 2730 912 2785 sed
962 2732 1093 2796 quatenus
1107 2726 1175 2797 ipsa,
1192 2742 1253 2798 quaa
1266 2727 1377 2799 dignior
1387 2742 1432 2783 me
1447 2735 1520 2782 esset
1534 2728 1628 2783 audire
1643 2736 1670 2784 et
1683 2744 1765 2785 nosse

110 2814 260 2870 sarciendis
284 2815 432 2883 crumenis,
458 2830 526 2886 quas
550 2815 595 2871 vel
618 2814 697 2870 luxus
720 2823 842 2883 evacuet,
869 2816 913 2873 vel
960 2813 1091 2885 mysteria
1104 2815 1219 2880 interna,
1236 2814 1303 2869 mibi
1317 2815 1439 2871 revelare
1460 2814 1628 2888 dignaretur,
1645 2816 1717 2888 quod
1730 2815 1766 2872 de

109 2902 223 2958 avaritia
238 2902 410 2960 solummodo
428 2902 544 2975 aerugiui
568 2902 765 2975 contingendas
779 2904 910 2976 includat,
962 2902 1038 2958 vocis
1053 2902 1171 2969 coelitus,
1182 2911 1211 2958 ut
1225 2901 1360 2958 fatebatur
1373 2903 1443 2974 ipsa,
1456 2902 1555 2959 emissa
1569 2904 1703 2960 sententia
1713 2920 1767 2978 ego

108 2997 165 3046 tota
178 2991 365 3049 indesinenter
379 2991 507 3048 aviditate
521 2991 627 3047 inhiare
640 3007 695 3047 non
711 3000 830 3048 cessant.
846 2993 911 3050 llaec
961 2990 1073 3046 minime
1088 2990 1277 3047 advertissem.
1293 2991 1335 3047 ad
1359 2991 1418 3047 brec
1435 2991 1503 3046 illa:
1521 3015 1533 3040 c
1551 2992 1615 3050 Scio
1638 2993 1765 3065 equidem

109 3087 137 3135 et
158 3079 258 3135 similia
279 3088 415 3137 rectorum
439 3080 514 3145 vitia,
538 3079 566 3134 iu
587 3080 726 3152 regendos
750 3047 1003 3153 contagiosacbis
1017 3077 1118 3136 facturn
1140 3094 1326 3135 sermonema
1348 3079 1465 3135 Domino
1488 3080 1537 3136 tibi
1560 3079 1652 3153 aliqua
1665 3081 1767 3152 praeci-

109 3168 280 3224 aemulatione
301 3168 448 3236 transfusa,
474 3168 596 3224 omnium
619 3167 676 3223 fere
699 3176 753 3223 tam
776 3168 911 3225 minorurn
961 3166 1091 3237 pientem,
1108 3183 1169 3238 quae
1184 3182 1237 3239 ego
1253 3166 1364 3238 quidem
1384 3167 1475 3226 minus
1495 3169 1612 3237 adverti,
1628 3168 1687 3237 sed,
1705 3170 1767 3242 quia

110 3272 192 3329 qnam
206 3258 341 3326 majorum
355 3257 517 3329 praecordiis
540 3257 723 3312 dominantur.
740 3257 809 3313 llinc
825 3273 911 3330 gran·
960 3255 1009 3310 tibi
1019 3255 1222 3327 preciperetur,
1235 3265 1310 3311 certo
1321 3257 1422 3312 certius
1435 3256 1565 3313 intellexi.
1585 3257 1685 3315 ul'unc
1694 3273 1767 3331 ego:

109 3346 152 3401 dis
167 3345 244 3402 furor
260 3353 286 3402 et
298 3346 340 3401 ira
353 3346 404 3402 Dei
415 3346 538 3401 imminet
558 3353 615 3401 tam
636 3344 737 3417 populo
753 3360 835 3417 quani
848 3346 911 3402 uni·
963 3343 1056 3410 «Ora,
1078 3345 1205 3415 inquam,
1231 3358 1310 3400 soror
1330 3344 1438 3413 dilecta,
1464 3353 1597 3418 quatenus
1620 3345 1692 3404 circa
1716 3362 1767 3404 nos

109 3434 197 3491 versis
206 3435 309 3507 pariter
318 3443 398 3491 terrae
408 3435 488 3504 hujus
497 3434 706 3490 habitatoribus.
718 3434 767 3490 llis
782 3434 911 3491 festinum
960 3432 1162 3504 beneplacitum
1188 3449 1267 3488 suum
1292 3433 1425 3490 Dominus
1449 3434 1601 3507 adimplere
1625 3435 1764 3507 dignetur.

108 3523 240 3579 inferetur
254 3523 374 3590 exitium,
390 3530 417 3579 et
430 3522 506 3595 genti
524 3522 587 3578 huic
615 3522 734 3591 miscrae,
751 3523 774 3577 si
789 3539 844 3579 non
859 3539 911 3579 an·
962 3521 1050 3591 Super
1065 3520 1163 3576 talibus
1178 3537 1254 3588 vero,
1268 3537 1328 3594 quie
1343 3522 1425 3578 modo
1438 3523 1626 3595 prosequeris,
1642 3539 1695 3596 ego
1710 3541 1766 3581 cer·
1812 3549 1817 3554 ⁴

108 3613 202 3683 ticipet
224 3612 387 3668 acceleratio
409 3618 436 3668 et
460 3611 611 3669 accelerata
635 3611 779 3677 correctio,
800 3612 911 3683 jamjam
961 3609 1102 3665 titudinem
1117 3609 1219 3665 nullam
1242 3610 1363 3682 percepi.
1384 3611 1460 3667 allis
1474 3628 1489 3666 a
1503 3628 1547 3667 me
1570 3612 1649 3668 dictis
1673 3613 1765 3670 eccle-

110 3700 249 3772 impendet
264 3700 402 3772 flagellum
426 3700 546 3756 coelestis
568 3699 704 3756 vindictae.
723 3700 799 3755 »llis
820 3700 910 3768 dictis,
961 3698 1029 3753 siam
1044 3698 1103 3768 ipse
1119 3699 1266 3771 egredior;
1283 3699 1374 3755 illaad
1386 3708 1517 3756 consueta
1529 3701 1683 3758 orationum
1697 3717 1764 3759 sua-

109 3805 162 3846 vox
177 3806 237 3860 quas
252 3789 414 3845 audiebatur
438 3789 520 3845 siluit.
962 3802 1023 3841 rum
1038 3785 1152 3842 latibula
1167 3787 1316 3843 introrsum
1335 3789 1500 3862 regreditur.

146 3879 206 3950 Ego
221 3877 364 3949 siquidem,
380 3878 538 3949 priusquam
551 3877 611 3933 hacc
631 3877 765 3946 audirem,
781 3876 912 3949 psalterio
997 3876 1061 3931 Post
1073 3877 1135 3943 boc,
1150 3875 1305 3933 cubiculum
1318 3877 1427 3949 bospitii
1442 3878 1496 3934 mei
1506 3878 1649 3952 ingressus
1663 3879 1765 3938 ibidem

107 3965 165 4035 jam
176 3981 291 4022 excurso
301 3982 388 4038 usque
402 3965 437 4021 ad
453 3965 631 4022 centesimum
646 3965 762 4036 primum
776 3965 912 4036 psalmum
961 3980 1047 4036 usquc
1057 3964 1091 4020 ad
1101 3980 1244 4037 vesperam
1254 3966 1326 4022 diem
1336 3967 1364 4022 in
1374 3966 1542 4024 orationibus
1553 3969 1663 4046 jejunus
1673 3971 1762 4044 exegi.

112 4053 190 4110 flexis
204 4054 321 4125 genibus
337 4068 430 4110 coram
444 4054 520 4110 altari
544 4063 645 4111 sanctae
659 4055 709 4110 Dei
721 4054 867 4110 Genitricis
884 4053 912 4109 in
962 4051 1014 4121 Qui
1029 4059 1131 4109 tantum
1152 4053 1252 4110 lectulo
1277 4063 1417 4127 exceptus,
1442 4056 1508 4112 dum
1531 4057 1616 4112 variis
1638 4066 1765 4115 aestuaret

110 4142 233 4199 oratione
256 4143 375 4198 animum
407 4142 583 4199 vehementer
605 4143 785 4198 intenderam.
811 4143 912 4199 Oborta
961 4141 1068 4197 animus
1087 4142 1184 4197 homrn
1209 4142 1307 4215 gratia,
1332 4160 1391 4215 quae
1415 4144 1543 4216 praemisi,
1568 4145 1765 4219 cogitationum

111 4245 228 4302 namque
243 4229 332 4286 fuerat
346 4231 473 4287 fomente
488 4247 551 4287 mea
572 4238 682 4303 repente
705 4231 838 4287 memoria
858 4246 911 4303 pa·
961 4227 1097 4295 fluctibus,
1114 4245 1209 4286 rocem
1223 4238 1335 4302 repente
1356 4231 1448 4287 audivi
1470 4233 1588 4304 idipsum
1599 4233 1657 4302 jam
1672 4233 1762 4302 tertio,

110 4319 160 4374 tris
175 4319 306 4375 melanto
321 4335 376 4375 non
389 4320 491 4375 multos
506 4335 592 4376 annos
605 4319 633 4375 in
654 4326 726 4374 terra
740 4319 912 4391 lerosolymi-
963 4317 1035 4388 quod
1048 4316 1138 4389 primo
1153 4325 1180 4371 et
1193 4317 1315 4373 secundo
1339 4318 1477 4380 intulerat.
1502 4320 1688 4393 replicantem,
1713 4322 1765 4379 hac

109 4416 182 4476 tana,
193 4407 397 4480 quoreligiouis
409 4408 499 4464 studio
508 4415 677 4479 perrexerat,
689 4406 809 4463 defuncti
820 4408 911 4481 (181);
927 4401 1056 4464 Dtemen
1070 4405 1211 4478 praemissa
1224 4405 1417 4475 insinuatione,
1433 4409 1505 4466 unde
1531 4410 1596 4466 mibi
1616 4417 1763 4480 constaret,

109 4496 227 4568 indeque
241 4505 331 4553 tantus
346 4496 438 4553 subito
452 4494 668 4568 compunctionis
682 4494 775 4552 fervor
788 4495 913 4568 spiritum
962 4493 1027 4566 quia
1041 4493 1076 4549 ad
1091 4510 1136 4550 me
1151 4509 1304 4551 sermonem
1320 4494 1444 4552 haberet.
1460 4497 1505 4553 att
1519 4513 1638 4571 namque
1653 4519 1662 4555 .·
1681 4499 1765 4555 «Tibi

109 4601 202 4642 mcum
215 4585 366 4653 absorbuit,
382 4593 412 4641 ut
426 4584 528 4642 omissa
540 4584 647 4657 penitus
662 4584 814 4656 psalmodia
828 4583 912 4641 omni·
961 4581 1032 4649 dico,
1049 4580 1096 4650 fili,
1113 4582 1158 4655 qui
1172 4582 1339 4656 ibipraesens
1358 4585 1486 4658 quiescis,
1502 4602 1588 4661 perge
1609 4603 1692 4660 quam
1715 4603 1765 4646 ce-

110 4691 163 4747 que
177 4674 291 4747 strepitu
306 4674 440 4732 labiorum
455 4688 611 4746 suppresso,
637 4672 757 4729 undatim
771 4673 912 4729 ruentibus
960 4669 1073 4727 lerrime
1087 4672 1122 4727 ad
1136 4672 1226 4728 virum
1240 4673 1437 4742 venerabilem,
1463 4675 1683 4733 lincolniensem
1706 4677 1763 4750 epi·

109 4779 142 4820 ex
157 4763 440 4835 oculislacrymarum
463 4763 539 4830 rivis,
561 4762 785 4835 pracordialibus
809 4769 912 4818 tantum
961 4776 1085 4832 scopum,
1102 4760 1182 4834 eique
1198 4762 1288 4818 omnia
1302 4762 1361 4819 baec
1385 4780 1446 4836 quae
1469 4763 1517 4820 tibi
1539 4764 1567 4820 in
1587 4763 1704 4822 ecclesio
1725 4781 1765 4820 se-

108 4851 178 4908 votis
193 4851 309 4908 Domino
325 4851 493 4908 effunderem
511 4866 615 4923 preces.
632 4850 730 4906 Audita
754 4850 837 4924 igitur
860 4850 912 4905 hac
960 4848 1050 4905 cundo
1063 4849 1191 4921 praecepi,
1209 4866 1242 4905 ex
1258 4859 1335 4922 parte
1351 4850 1551 4924 Omnipotentis
1566 4852 1693 4909 nuntiare
1707 4868 1762 4909 noa

109 4956 186 5007 voce,
203 4957 292 5013 quasa
311 4941 434 5013 proximo
458 4940 537 4996 altari
560 4938 705 4996 videbatur
727 4938 838 5009 emissa,
855 4938 911 4994 vim
960 4936 1082 4994 differas.
1102 4960 1113 4987 a
1130 4938 1179 4993 Cui
1195 4938 1284 4994 statim
1293 4939 1330 4995 ita
1340 4941 1509 5012 respondizr
1525 4942 1560 4997 Et
1574 4941 1712 5013 quomodo
1719 4941 1763 4999 vir

107 5030 340 5101 compunctionis,
369 5047 430 5102 quae
462 5046 506 5084 me
531 5028 582 5083 sibi
604 5034 689 5083 totum
711 5027 909 5094 vindicaverat,
959 5034 1041 5081 tantae
1055 5025 1222 5082 auctoritatis
1245 5025 1327 5082 fidem
1351 5029 1460 5083 habebit
1482 5029 1574 5085 verbis
1596 5030 1674 5098 meis,
1699 5046 1761 5086 cum

106 5119 206 5174 horror
221 5119 331 5190 quidam
352 5127 460 5188 stupore
484 5117 579 5172 mistus
604 5115 746 5173 confestim
761 5116 909 5181 interdicit,
960 5130 1012 5186 ego
1027 5122 1053 5168 et
1075 5121 1153 5170 aetate
1176 5122 1203 5171 et
1226 5114 1329 5171 ratione
1352 5115 1485 5171 infirmior
1503 5117 1548 5172 vix
1575 5119 1724 5191 quidquam
1734 5119 1759 5174 ei

107 5207 233 5280 coepique
248 5206 376 5263 attonitus
390 5221 498 5262 mecum
518 5204 649 5261 admirari
672 5204 732 5277 quis
747 5212 772 5260 et
788 5205 831 5262 cui
845 5205 911 5261 talia
959 5201 1033 5274 loqui
1047 5202 1155 5258 sciam?
1173 5227 1183 5251 a
1199 5204 1273 5259 Tunc
1289 5202 1373 5274 isqui
1395 5202 1558 5276 loquebatur
1579 5207 1615 5262 ad
1636 5208 1689 5264 hoc
1712 5223 1760 5263 re·

994 5375 1065 5444 (189)
1087 5382 1158 5432 duno
1168 5380 1261 5433 scilicet
1274 5381 1339 5432 1180
1351 5396 1358 5444 ς
1370 5395 1416 5447 quo
1428 5395 1500 5435 cruce
1517 5384 1607 5452 signati
1623 5387 1649 5440 in
1662 5385 1761 5454 expedi·

109 5455 133 5503 ln
147 5455 368 5517 archiepiscopum,
382 5458 407 5503 et
418 5464 482 5504 anno
493 5451 580 5503 eodem
592 5465 626 5501 vu
639 5451 694 5501 ldus
707 5451 849 5502 Novembris
871 5450 910 5501 iu·
959 5444 1025 5496 lione
1037 5448 1121 5498 contra
1135 5448 1284 5499 Sarracenos
1295 5448 1392 5513 plurimi
1405 5449 1526 5504 obterunt.

108 5521 260 5572 tbronimtus
269 5519 325 5584 fuit,
339 5523 404 5583 part.
419 5531 427 5569 1
439 5518 511 5583 angl.
524 5520 593 5572 Sacr·
598 5554 606 5583 ,
620 5530 648 5583 p.
667 5517 725 5569 tlt.

142 5384 213 5452 (188)
227 5387 374 5450 llubertum,
388 5385 428 5450 qui
441 5398 505 5436 anno
520 5384 593 5450 1195,
607 5397 633 5434 ru
646 5384 699 5434 Kal.
713 5384 793 5447 funii,
817 5383 910 5434 electus
