3742 5986
131 249 183 308 stc
565 247 737 306 GUlGONlS
755 248 780 303 ll
799 242 1006 305 CARTHUSIAE
1023 245 1171 305 nntoats
1188 246 1339 305 selonts.
1731 248 1783 305 866

128 374 199 434 lacte
221 382 346 431 materno
378 374 519 441 nutritum,
544 372 743 430 circumcisioni
770 371 906 428 subditum
918 389 925 438 ;
936 373 965 433 A
977 372 1093 428 lacobus
1106 380 1271 444 prostratus,
1282 373 1402 429 loannes
1416 371 1444 428 in
1458 370 1587 429 sementis
1602 370 1658 429 olei
1667 370 1784 441 dolium,

131 471 311 536 apparentem
324 464 466 537 Magorum
487 460 550 517 fidei
564 463 651 517 benur
667 469 808 527 ueternum,
825 460 929 532 Regem
979 467 1006 514 et
1029 460 1139 516 demum
1163 460 1192 515 in
1219 459 1344 516 exsilium
1366 459 1487 527 missus3
1501 467 1529 516 et
1557 459 1652 518 caeteri
1686 475 1785 517 ornnes

130 553 354 625 omnipotentem,
369 552 507 607 bominem
521 550 682 615 mortalem
700 549 728 603 in
743 548 845 620 templo
858 564 929 619 proe-
978 549 1092 618 apostoli
1116 550 1308 616 consummati,
1335 547 1375 604 illi
1389 564 1456 606 vero
1471 548 1576 617 bimuli,
1592 547 1784 605 testimoniam

131 649 277 711 sentatum,
291 640 319 696 in
334 640 450 712 AEgypto
466 656 526 695 curn
538 646 623 694 matre
638 636 758 694 ductum.
774 644 801 692 et
813 635 842 690 in
854 644 929 691 terra
979 636 1088 694 Christo
1103 652 1159 693 non
1183 652 1263 705 voce,
1280 637 1330 694 sed
1349 645 1439 695 morte
1452 637 1583 694 ferentes.
1599 638 1747 709 appareat
1758 646 1785 695 et

130 731 201 787 luda
215 730 368 797 reductum,
390 727 577 800 proficientem
597 726 738 798 sapientia,
754 733 780 781 et
794 732 884 792 aetate,
902 731 929 780 et
977 732 1087 781 sanctus
1101 724 1253 797 Stephanus
1274 725 1418 798 lapidatus,
1433 725 1593 782 laurentius
1608 733 1743 793 assatus3
1758 734 1784 783 et

129 819 228 893 gratia
242 816 389 874 considam
403 832 465 872 eum
486 815 660 886 baptizatum,
672 813 848 884 jejunantem,
864 828 928 868 esu·
977 811 1144 885 (unianimis
1159 813 1282 888 longum,
1300 813 1355 870 imo
1368 813 1537 886 impossibile
1551 819 1605 885 est,
1621 812 1783 886 singulatim

127 908 253 974 rientem,
268 912 410 975 tentatum,
425 919 487 961 cum
504 902 663 987 hominibus
676 908 877 969 conversatum,
893 916 927 956 ea
977 900 1168 959 universorum
1192 902 1239 975 qui
1258 917 1310 974 pro
1324 902 1430 959 Christo
1452 902 1525 974 passi
1549 909 1614 958 sunt
1627 909 1782 974 martyram

126 995 223 1052 itinere
238 994 391 1068 fatigatum,
415 999 623 1050 conversantem
637 1007 688 1063 per
701 990 794 1046 omnia
808 997 902 1046 sancte
917 1007 927 1045 .·
975 987 1078 1046 referre
1093 990 1247 1062 passiones)
1271 998 1438 1063 representa
1460 990 1510 1047 tibi
1523 998 1607 1064 prout
1619 990 1741 1062 poteris,
1756 998 1783 1048 ct

127 1090 287 1156 operantem
308 1082 388 1151 mira,
405 1080 598 1153 predicantem
623 1078 755 1147 salubria,
781 1077 926 1134 docentem
975 1086 1107 1150 quantum
1121 1079 1232 1151 poteris,
1249 1094 1342 1135 corum
1356 1078 1386 1134 in
1398 1086 1516 1152 utroque
1528 1094 1607 1147 sexu,
1620 1078 1651 1135 in
1666 1078 1781 1137 dicare

125 1188 203 1243 vera,
214 1171 361 1243 patientem
372 1170 449 1236 dnm,
462 1169 640 1225 sustinentem
657 1167 779 1239 indigna,
791 1173 925 1222 tacentem
975 1172 1064 1236 atate,
1090 1166 1266 1223 admirabiles
1298 1182 1401 1240 agones
1425 1174 1453 1224 et
1474 1166 1638 1238 triumphos.
1667 1167 1727 1223 Sed
1753 1174 1781 1225 et

126 1261 160 1317 ad
175 1260 308 1328 conuicia,
332 1257 493 1315 tolerantem
515 1255 674 1329 opppohria,
705 1255 828 1311 lavandis
842 1255 925 1310 disci·
974 1261 1129 1310 sauctorum
1144 1254 1332 1312 confessorum
1354 1255 1525 1313 venerabiles
1539 1255 1777 1321 muneratiores,

124 1349 254 1421 palorum
267 1346 385 1419 pedibus
400 1363 430 1401 se
444 1345 583 1401 humiliter
597 1344 783 1411 inclinantem,
799 1342 924 1414 corporis
973 1341 1020 1413 qui
1035 1342 1084 1398 etsi
1098 1359 1150 1414 per
1172 1343 1314 1417 sauguinis
1337 1343 1379 1399 sui
1400 1342 1559 1400 effusionem
1583 1358 1634 1415 per
1649 1351 1777 1415 apertum

124 1437 168 1493 sui
181 1452 214 1493 ac
229 1435 370 1508 sanguinis
384 1441 556 1490 sacmmenta
570 1431 764 1505 porrigentem,
782 1430 809 1485 in
824 1430 924 1503 agonia
972 1431 1130 1502 martyrium
1153 1446 1207 1487 uon
1237 1431 1398 1505 migramnt,
1422 1431 1506 1488 vitam
1528 1438 1622 1487 tamen
1650 1439 1777 1489 sanctam

123 1523 369 1597 iactumprolixius
390 1529 521 1590 orantem,
545 1521 674 1576 sudorem
687 1519 827 1592 sanguinis
843 1518 922 1574 emit·
971 1518 1101 1590 martyrio
1116 1534 1171 1575 non
1190 1518 1350 1576 dissimilem
1372 1520 1518 1576 duxerunt.
1543 1519 1573 1576 Si
1591 1519 1637 1575 his
1659 1519 1709 1576 diu
1723 1520 1776 1577 im·

123 1621 236 1670 tentem.
252 1611 352 1684 Aspice
367 1628 429 1667 euru
443 1610 593 1676 venditum,
607 1616 738 1680 emptum,
754 1606 848 1663 osculo
864 1614 922 1662 tra-
971 1614 1094 1662 moratus
1108 1606 1203 1674 lucris,
1221 1615 1349 1680 putamus
1373 1607 1447 1680 quod
1461 1608 1496 1664 ab
1509 1609 1562 1665 huc
1577 1623 1633 1681 qno
1649 1608 1777 1682 gravaris

123 1704 221 1770 ditum,
246 1717 308 1759 cum
341 1699 441 1774 gladiis
465 1706 492 1755 et
514 1697 631 1753 fustibus
652 1705 772 1768 captum,
796 1694 956 1785 ligatum,B
972 1701 999 1750 et
1011 1694 1136 1751 oneraris
1157 1696 1248 1764 radio,
1265 1696 1394 1753 continno
1409 1696 1589 1764 liberaberis;
1605 1703 1692 1769 atque
1706 1696 1775 1753 alle·

121 1792 278 1858 adductum,
298 1789 367 1846 ialso
390 1794 556 1855 accusatum,
572 1784 840 1856 injustejudioatum,
856 1798 920 1840 cru·
971 1782 1075 1838 vietum
1099 1791 1126 1839 et
1144 1784 1333 1854 exhilaratum,
1351 1791 1378 1840 et
1392 1783 1511 1841 alacrem
1526 1782 1659 1841 effectum
1674 1784 1776 1842 sendra

120 1880 220 1936 deliter
241 1880 410 1945 damnatum,
435 1876 521 1948 sputis
540 1873 646 1939 illitum,
670 1872 791 1944 colaphis
806 1887 917 1938 cresum,
969 1878 995 1927 te
1009 1871 1122 1942 poteris.
1139 1872 1312 1928 consulimus
1327 1880 1419 1929 antem
1432 1880 1462 1929 nt
1475 1873 1534 1929 heo
1547 1872 1698 1929 sollicitius
1712 1881 1775 1931 tnnc

120 1969 250 2034 velatum,
276 1967 362 2040 alapis
388 1981 511 2038 passum.
536 1964 624 2020 Cerne
648 1978 710 2017 eum
739 1960 916 2034 flagellatum,
968 1960 1077 2032 quidem
1101 1959 1191 2017 iacere
1216 1961 1338 2028 studeas,
1362 1961 1473 2033 quando
1495 1960 1598 2033 aliquid
1628 1961 1683 2017 tihi
1706 1961 1774 2019 lorte

120 2056 222 2113 dedsui
233 2056 365 2126 habiturn,
381 2052 525 2125 chlamyde
539 2050 668 2108 coccinea
677 2049 811 2116 indutum,
823 2048 918 2120 spinea
967 2048 1009 2121 (ut
1023 2064 1218 2122 nonnunquam
1243 2049 1354 2107 evenire
1378 2049 1459 2122 solet)
1479 2057 1574 2107 eontra
1600 2049 1772 2109 voluntatem

120 2161 223 2202 corona
241 2152 321 2216 caput
341 2141 542 2199 sanctissimum
563 2140 708 2195 habentem
728 2137 916 2205 dilacemtnm,
967 2144 1041 2192 tuam
1056 2137 1160 2194 dictum
1185 2137 1322 2195 factumve
1334 2137 1433 2205 luerit;
1450 2154 1501 2209 per
1514 2137 1600 2210 quod,
1615 2146 1647 2195 et
1661 2146 1773 2212 propter

121 2241 260 2306 sceptrum
278 2231 456 2288 amndiueum
477 2235 625 2297 tenentem,
649 2241 769 2298 purpura
784 2225 819 2280 ad
833 2225 916 2298 igno-
968 2226 1042 2297 quod
1056 2225 1138 2281 nimis
1154 2225 1270 2282 efficeris
1296 2225 1477 2297 pusillanimis
1490 2234 1519 2283 et
1532 2225 1632 2296 tristis,
1647 2227 1771 2285 turbatas

55 2348 58 2355 ·
119 2321 231 2379 miniam
251 2329 361 2389 tectum,
378 2319 406 2375 iu
420 2318 514 2374 derisu
538 2316 689 2381 adoratum,
710 2314 744 2369 ah
768 2312 877 2370 Herode
891 2320 918 2369 et
967 2320 994 2370 ct
1008 2313 1112 2380 iratus;
1129 2313 1372 2386 disceptationibus
1395 2313 1503 2383 amaris,
1519 2313 1655 2383 susurris,
1671 2314 1770 2389 iniquis

118 2411 240 2469 exercitu
254 2425 304 2466 sno
329 2414 524 2479 contemptum,
546 2405 574 2460 in
598 2411 674 2460 reste
688 2402 749 2457 alba
763 2401 916 2468 illusum,a
966 2401 1243 2470 comminationibus,
1285 2402 1502 2471 objectionibus,
1528 2402 1769 2475 responsionibus,

117 2500 248 2556 militibus
261 2497 332 2553 male
350 2503 504 2562 tractatum,
520 2509 629 2550 cmcem
645 2506 722 2547 suam
737 2489 913 2559 bajulantem,
964 2488 1131 2547 intrinsecus
1152 2490 1346 2547 miserabiliter
1364 2498 1497 2547 vasatas.
1514 2490 1601 2548 Curre
1616 2499 1696 2561 tunc,
1710 2507 1768 2549 curn

117 2588 203 2645 clavis
217 2586 291 2645 cruci
305 2584 452 2643 crudeliter
465 2581 584 2651 affixum,
609 2579 701 2637 verbis
721 2578 798 2634 duris
817 2579 914 2635 convi-
965 2576 1024 2634 haec
1039 2577 1162 2634 fueritin
1182 2577 1252 2634 mari
1272 2578 1364 2636 cordis
1387 2578 1426 2634 tui
1449 2585 1597 2651 tempestas
1612 2595 1728 2654 magna,
1742 2587 1768 2636 et

116 2677 229 2743 clatum,
245 2674 307 2730 felle
323 2673 453 2737 cibatum,
473 2678 552 2727 aceto
574 2676 708 2740 potatum,
724 2673 806 2737 caput
833 2664 914 2722 incli-
964 2665 1120 2738 projectos
1136 2672 1163 2724 te
1184 2666 1282 2724 silente
1300 2666 1430 2734 clamore,
1455 2674 1482 2723 et
1502 2666 1628 2725 clamoso
1649 2668 1765 2735 silentio,

116 2771 238 2832 nantem,
254 2760 376 2834 spiritum
387 2760 564 2824 omittentem,
573 2754 785 2812 dilectamillam
794 2753 914 2808 animam
963 2761 1110 2825 strepente,
1125 2762 1153 2810 et
1176 2755 1344 2812 horribiliter
1358 2754 1532 2811 tumultuante
1547 2755 1576 2812 in
1590 2755 1657 2814 loro
1671 2755 1765 2815 mentis

114 2868 193 2909 snam
206 2852 235 2908 in
248 2866 343 2906 manus
357 2849 445 2904 Putris
462 2844 708 2903 commendantem.
719 2842 828 2898 Intuere
837 2840 912 2897 illum
962 2849 1034 2898 tnae:
1051 2843 1152 2898 suscita
1176 2843 1252 2915 pium
1266 2844 1365 2915 lason,
1382 2843 1428 2916 qui
1440 2843 1549 2914 adjutor
1562 2851 1605 2901 est
1619 2844 1651 2901 ia
1664 2860 1763 2918 oppor-

62 2941 65 2947 '
114 2939 210 2998 lancea
223 2939 317 2996 militis
331 2937 360 2993 in
373 2937 458 2992 lutere
468 2933 659 3000 uulneratum3
674 2939 743 2988 etex
753 2945 787 2986 eo
797 2928 912 3002 sangni-
962 2929 1135 2999 tunitatihns,
1159 2931 1186 2987 in
1210 2931 1403 3000 tribulatione;
1424 2939 1521 3005 patens
1543 2940 1574 2989 ut
1595 2933 1759 3005 periclitanti

113 3046 177 3087 nem
191 3028 225 3085 ad
240 3035 359 3084 nostrum
369 3022 593 3095 redemptionem,
605 3028 631 3076 et
639 3035 738 3092 aquam
747 3018 782 3074 ad
790 3025 911 3074 nostram
960 3018 1008 3074 tibi
1023 3027 1174 3077 succurrat.
1189 3019 1297 3078 Idcirco
1310 3020 1399 3078 veniat
1414 3028 1477 3077 ante
1490 3019 1587 3078 ocules
1595 3022 1701 3079 menda
1713 3030 1761 3078 tna

113 3116 283 3199 spiritualem
297 3112 473 3181 ablutionem,
485 3108 677 3173 effundentem,
689 3107 724 3164 de
735 3120 816 3164 cruce
826 3105 914 3177 depo·
929 3075 1074 3164 Gsanctus
1104 3107 1172 3165 Abel
1194 3122 1211 3164 a
1234 3108 1315 3165 fratre
1346 3109 1464 3176 occisus,
1487 3109 1573 3166 Jacob
1594 3126 1651 3182 per
1674 3110 1762 3185 ingan

114 3208 205 3273 situm,
221 3204 367 3276 sepultum,
382 3201 483 3258 inleros
494 3199 668 3272 spoliantem,
678 3196 767 3268 ipsum
777 3193 913 3250 infernum
964 3195 1095 3252 humilem
1117 3212 1255 3269 germanae
1269 3197 1418 3254 iracundias
1432 3196 1546 3264 cedens,
1561 3198 1669 3271 Joseph
1682 3197 1761 3255 aira·

114 3295 293 3364 mordentem,
325 3300 440 3347 mortem
465 3286 684 3351 mortificantem,
709 3282 910 3353 resuscitatum,
963 3283 1050 3339 tribus
1075 3284 1210 3354 venditus,
1231 3285 1296 3358 qnia
1317 3301 1433 3358 peccare
1455 3285 1551 3354 noluit,
1573 3287 1652 3359 quod
1666 3302 1761 3360 pecca⁸

112 3389 297 3456 apparentem,
320 3395 381 3437 cnm
401 3376 541 3448 discipulis
560 3379 779 3438 convescentem,
812 3387 912 3427 ascen·
962 3371 1032 3428 verit
1047 3380 1203 3441 accusatus,
1223 3373 1282 3429 sine
1305 3372 1386 3446 culpa
1407 3374 1513 3432 carceri
1535 3375 1761 3448 mancipares

112 3472 221 3530 dentem
245 3469 293 3526 uhi
316 3475 372 3525 erat
395 3467 488 3538 prius;
505 3463 551 3537 qui
573 3478 625 3519 uec
646 3461 709 3517 inde
724 3459 838 3516 recessit
851 3475 912 3515 cum
961 3459 1094 3517 innocens
1106 3460 1135 3516 in
1149 3460 1239 3518 lacum
1253 3461 1365 3518 missus.
1381 3461 1480 3518 Veniat
1497 3461 1533 3518 ad
1548 3472 1695 3534 cortuum,
1710 3464 1761 3521 imo

110 3561 164 3618 huc
186 3559 269 3627 venit,
301 3573 352 3614 nec
374 3556 438 3612 hinc
462 3553 528 3610 abiit
545 3568 608 3609 cum
631 3550 677 3607 illo
702 3547 828 3605 accessit.
854 3548 913 3604 Hoc
961 3547 1032 3604 intra
1047 3564 1094 3605 cor
1116 3556 1201 3618 tuum,
1226 3549 1387 3606 mitissimus
1411 3566 1493 3622 super
1514 3565 1616 3608 omnes
1639 3552 1761 3609 homines

111 3650 194 3707 modo
208 3647 280 3704 habe
303 3644 399 3702 oculos
422 3651 481 3698 tuos
497 3641 627 3713 incapite
643 3647 698 3694 tuo.
715 3635 832 3706 Quodsi
847 3635 912 3691 dili-
960 3636 1006 3710 qui
1021 3637 1196 3693 morabantur
1218 3653 1302 3710 supra
1319 3646 1431 3706 terram,
1451 3639 1562 3712 lloyses
1575 3647 1701 3709 unctus,
1715 3654 1761 3713 pro

112 3744 211 3812 genter
224 3737 284 3792 haeo
298 3733 397 3799 omnis,
413 3740 440 3787 ct
452 3730 505 3786 alia
520 3745 581 3801 qua
595 3729 648 3784 hoc
657 3726 740 3782 modo
750 3725 785 3781 dc
795 3740 828 3780 eo
838 3730 910 3791 sunt,
960 3724 1062 3798 populo
1075 3725 1168 3797 iniquo
1182 3725 1305 3798 lapidare
1319 3742 1350 3783 se
1364 3726 1471 3784 volente
1479 3727 1679 3798 intercedens3
1694 3744 1760 3787 eon·

112 3841 176 3884 cum
201 3823 345 3879 devotione
368 3819 468 3885 debita,
494 3825 519 3874 et
543 3814 750 3887 compunctione
764 3812 819 3884 pia,
839 3812 911 3883 apud
960 3813 1147 3871 tradictionem
1163 3822 1190 3870 et
1203 3813 1382 3872 rebellionem
1396 3815 1600 3872 contentiosam
1614 3831 1633 3874 a
1646 3818 1760 3883 Datlmn,

113 3920 151 3982 te,
165 3912 221 3968 imo
244 3911 316 3966 intra
330 3918 356 3964 tc
370 3904 559 3972 ruminaveris,
579 3910 706 3976 putamus
721 3901 795 3973 qnod
810 3899 845 3955 ab
860 3901 912 3956 hac
960 3909 987 3958 et
1012 3902 1117 3959 Abiron
1138 3909 1220 3976 atque
1240 3903 1330 3960 Chore
1350 3903 1473 3961 sentiens
1488 3921 1497 3960 ε
1512 3911 1540 3961 et
1553 3903 1651 3962 fratris
1668 3906 1722 3972 sni,
1736 3914 1761 3962 et

114 3999 212 4060 inertia
236 4007 282 4055 tna
297 4013 331 4054 ex
345 3994 476 4052 nonnulla
489 4000 566 4065 parte
589 3990 656 4062 eripi
669 3988 783 4061 poteris.
799 3989 868 4044 Nam
882 3987 912 4043 in
960 3991 1064 4047 sororis
1087 3991 1284 4049 detractionem
1307 3992 1467 4049 sustineus?
1482 3991 1578 4049 Veniat
1601 3995 1685 4051 etiarn
1705 3994 1758 4063 ille,

112 4097 214 4165 quanto
237 4089 343 4144 honore
365 4092 392 4142 et
415 4082 504 4158 gloria
523 4080 569 4136 illa
593 4079 627 4134 sit
642 4077 757 4135 exaltata
772 4084 868 4132 natura
882 4075 910 4131 in
959 4094 1041 4151 quem
1059 4095 1189 4136 accusare
1208 4094 1290 4136 nemo
1302 4080 1377 4150 juste
1390 4087 1491 4152 potest,
1505 4090 1691 4140 conversatus
1703 4084 1760 4141 sine

111 4180 224 4236 dextera
251 4175 348 4242 Patris,
376 4187 436 4245 quae
452 4180 478 4227 et
492 4170 552 4227 sine
567 4167 641 4225 omni
655 4165 783 4239 contagio
798 4164 910 4234 alienius
960 4166 1074 4238 querela
1087 4168 1122 4223 ab
1135 4167 1321 4226 adolescentia
1335 4184 1423 4242 usque
1437 4167 1473 4225 ad
1487 4184 1583 4238 canos,
1600 4169 1760 4246 qnigrande

110 4283 224 4341 prorsus
242 4262 358 4337 peccati,
382 4259 517 4334 processit
531 4274 565 4315 ex
578 4256 672 4312 matris
686 4254 805 4328 Virginis
820 4262 908 4321 utero,
959 4271 989 4312 se
1003 4256 1125 4328 peccavit
1141 4264 1282 4328 peccatum
1305 4256 1486 4326 committere,
1509 4256 1534 4313 si
1554 4272 1612 4314 non
1625 4274 1678 4332 pro
1690 4259 1759 4330 deii·

111 4364 139 4413 et
152 4370 282 4428 magnam
300 4352 420 4408 tolerans
435 4349 503 4404 dirce
516 4347 611 4402 mortis
625 4344 752 4419 agoniam
780 4342 909 4415 pependit
959 4343 1048 4401 ciente
1061 4360 1123 4400 enm
1137 4359 1152 4399 a
1167 4344 1321 4417 principatu
1335 4344 1437 4417 populo
1455 4344 1651 4404 intercederet.
1667 4346 1721 4418 Qui
1735 4355 1760 4404 et

109 4444 139 4500 in
159 4444 246 4517 ligno,
271 4450 299 4497 ut
311 4440 339 4496 id
354 4439 401 4495 tihi
414 4437 552 4510 possimus
566 4433 712 4506 explicare,
730 4431 840 4488 omnino
855 4429 946 4491 nonI)
959 4432 1056 4506 lugere
1074 4447 1131 4489 non
1149 4434 1267 4490 cessavit
1288 4449 1385 4507 regem
1407 4449 1424 4489 a
1449 4433 1508 4491 Deo
1534 4433 1683 4505 abjectum,
1710 4450 1759 4493 nec

110 4548 257 4607 possumus
271 4527 513 4600 comprehendere.
536 4525 595 4580 Hoc
609 4531 700 4577 tamen
713 4519 906 4587 indubitanter,
959 4527 1024 4577 tuuc
1048 4520 1158 4592 quidem
1177 4521 1286 4593 qnando
1309 4538 1339 4578 se
1364 4523 1399 4578 ab
1413 4537 1447 4579 eo
1460 4521 1551 4578 timuit
1563 4523 1756 4581 occidendum.

115 4622 244 4680 ueraciter
257 4617 430 4692 promittente
445 4616 505 4686 ipso
520 4612 633 4677 scimus,
649 4609 722 4682 quod
733 4607 781 4664 uhi
794 4617 836 4663 est
850 4607 905 4674 ille,
957 4608 1056 4664 Veniat
1076 4608 1252 4665 nihilominus
1271 4617 1299 4665 et
1321 4609 1368 4667 ille
1388 4609 1435 4682 qni
1447 4618 1658 4682 persecutorem
1681 4629 1756 4669 snum

109 4711 147 4768 ibi
175 4718 202 4767 ct
222 4708 346 4764 minister
373 4707 432 4776 ejus
455 4703 515 4760 erit.
544 4702 579 4756 Et
605 4707 647 4755 est
675 4700 733 4769 ejus
761 4696 847 4754 oratio
872 4696 906 4750 ad
957 4696 1094 4753 humiliter
1112 4696 1183 4770 lngit
1205 4696 1405 4766 utdominum3
1420 4706 1491 4756 etse
1508 4698 1662 4758 ulciscendi
1676 4717 1756 4760 occa-

109 4801 228 4866 Patrcm‚
245 4798 316 4853 hune
330 4795 434 4850 babens
448 4791 581 4847 modum:
601 4788 673 4855 l'olo,
690 4787 786 4852 Pater,
806 4788 839 4841 ut
858 4783 907 4840 ubi
956 4784 1062 4842 sionem
1084 4786 1231 4857 accipiens,
1255 4785 1396 4855 stlocum,
1420 4802 1476 4843 non
1488 4788 1652 4859 recognovit
1665 4789 1756 4846 inimi·

109 4905 156 4961 ego
171 4903 244 4952 som,
260 4889 288 4942 et
303 4885 349 4940 illi
364 4884 423 4939 siet
433 4896 561 4946 mecum,-
576 4881 609 4933 ut
619 4875 733 4932 videant
743 4875 905 4929 claritatem
956 4889 1018 4932 cnm
1035 4892 1042 4930 :
1059 4891 1140 4948 quem
1159 4874 1242 4931 etiam
1269 4875 1360 4932 llendo
1375 4875 1479 4948 planxit
1498 4876 1632 4948 occisum,
1648 4893 1715 4935 curn
1729 4894 1756 4934 se

108 4993 202 5033 mecm
216 4990 300 5048 quem
314 4970 417 5028 dedisti
431 4967 686 5039 mibi(.¹oors.xvn,
698 4962 755 5034 at).
768 4963 905 5032 appareat
955 4970 1046 5019 tamen
1075 4979 1130 5019 non
1155 4963 1293 5037 ignoraret
1320 4964 1378 5033 ejus
1406 4963 1434 5019 in
1461 4979 1549 5037 regno
1563 4980 1754 5024 successorem

107 5064 178 5120 inter
202 5064 260 5119 liae
282 5062 321 5131 (ut
345 5075 362 5114 a
381 5056 470 5128 capite
493 5051 694 5109 descendamus
707 5050 742 5105 ad
758 5048 901 5119 membra),
954 5050 1083 5107 laturum.
1100 5052 1162 5122 lpse
1173 5058 1215 5108 est
1228 5051 1275 5123 qui
1288 5051 1389 5123 pietate
1402 5058 1497 5122 pectus
1511 5051 1621 5110 habens
1633 5054 1754 5127 plenum,

107 5158 246 5225 appareat,
263 5151 383 5221 iuquam,
399 5146 513 5200 internae
524 5138 748 5198 considerationis
758 5136 904 5193 tuaeoculis
953 5139 1116 5210 parricidam
1131 5138 1215 5194 illium
1230 5138 1313 5196 dellet
1327 5139 1490 5197 exstinctum
1507 5154 1514 5195 :
1531 5148 1558 5196 et
1572 5141 1715 5200 interdicit
1723 5159 1755 5200 ne

106 5241 227 5312 baptiste
244 5239 363 5294 loannes
395 5233 482 5305 cupite
504 5237 655 5295 truncatus;
671 5228 766 5282 Petrus
787 5226 903 5297 pedibus
952 5226 1066 5283 feriatur
1093 5244 1190 5284 servus
1218 5228 1387 5285 maledicens
1407 5227 1443 5297 ei,
1472 5242 1536 5285 cum
1561 5229 1598 5286 ait
1619 5230 1704 5289 abeo
1718 5232 1756 5288 sir

104 5346 214 5386 sursum
233 5325 342 5392 erectis,
365 5330 392 5379 et
407 5321 495 5393 capite
510 5319 637 5374 deorsum
655 5315 790 5387 pendente
810 5313 902 5369 cruci·
952 5317 1128 5388 sanguinum,
1143 5314 1280 5372 vinbalial
1294 5324 1418 5373 vocatus.
1433 5317 1466 5372 llt
1473 5324 1502 5371 at
1511 5324 1624 5375 montes
1636 5326 1665 5377 et
1672 5320 1754 5377 eolles

105 5417 193 5485 lixns3
211 5416 307 5472 Pardus
329 5410 490 5469 decollatus.
515 5410 653 5478 appareat
667 5403 802 5469 Andreas,
817 5402 901 5457 biduo
951 5404 1133 5461 transilientes
1159 5403 1315 5460 omittamus
1335 5405 1382 5475 (ne
1406 5402 1543 5461 fastidium
1561 5405 1615 5462 tibi
1639 5406 1753 5482 ingera-

104 5505 133 5563 in
147 5520 230 5563 cruce
243 5505 349 5571 vivens,
372 5497 491 5557 lacobus
512 5494 620 5554 occisus
634 5491 736 5567 gladio,
751 5490 821 5549 alter
834 5504 901 5547 vero
951 5493 1034 5563 mus),
1050 5490 1119 5548 alios
1140 5491 1300 5550 innumeros
1315 5491 1390 5550 viros
1410 5489 1621 5565 misericordiae,
1636 5510 1753 5570 quornm
