3742 5986
173 221 223 272 883
385 221 558 278 GUIGONIS
577 222 601 276 11
619 221 823 277 cantuusta
842 215 989 275 attolus
1007 216 1147 275 rtuoms
1165 219 1228 275 LlB.
1250 220 1298 276 DE
1316 219 1445 277 EXERC.
1465 219 1594 277 CELLAE.
1775 223 1823 276 ibi

174 345 247 415 (cap.
264 348 309 415 tt)
325 346 363 400 sic
377 346 442 401 dicit
459 365 465 401 :
480 368 492 398 ι
510 346 638 402 Otiositas
654 346 763 401 inimica
788 353 829 400 est
857 342 1004 411 animae,A
1019 359 1094 397 suam
1109 359 1221 414 operam
1240 345 1317 412 dare,
1333 346 1370 400 ita
1385 345 1480 402 scribit
1495 363 1503 402 τ
1521 369 1533 394 e
1560 346 1689 419 Spatium
1712 353 1821 412 autem

174 440 201 486 et
215 432 277 487 ideo
291 434 374 488 certis
389 434 556 505 temporibus
571 434 697 504 occupari
713 432 814 486 debent
827 431 925 485 iratres
942 429 970 483 in
1018 430 1062 485 vel
1078 447 1094 486 a
1108 432 1199 487 Prima
1213 450 1300 505 usqua
1314 433 1349 488 ad
1363 433 1496 501 Tertiam,
1512 433 1612 490 hiemis
1627 442 1768 504 ternpore,
1782 435 1823 489 rel

173 519 268 574 labore
279 536 417 591 manuum,
434 523 516 577 certis
531 522 628 576 iterum
639 521 714 575 horis
727 520 756 573 in
770 518 887 575 lectione
901 516 970 571 divi·
1019 519 1184 574 allatutinis
1199 537 1286 592 usque
1300 521 1336 576 ad
1348 521 1466 576 Primam
1484 530 1588 590 aestate,
1606 521 1753 578 exercitiis
1767 522 1821 592 spi-

174 622 220 661 na.
240 628 250 656 r
268 609 339 663 liccc
368 609 485 680 qualiter
510 608 544 663 de
572 623 656 678 opere
679 623 808 662 manuum
836 605 928 676 magni
943 611 970 658 et
1019 605 1162 661 ritualibus
1185 608 1363 680 mancipatur.
1396 633 1407 658 a
1437 609 1505 664 item
1532 608 1655 680 capitulo
1681 609 1821 679 septimo:

175 695 274 748 summi
287 695 338 750 viri
368 697 484 751 sentiunt
500 711 506 749 τ
522 711 586 751 ecce
606 711 668 766 quae
687 695 720 749 de
736 710 770 749 eo
784 695 812 748 in
826 693 883 748 suis
897 691 969 747 scri·
1021 695 1187 750 «lirenates
1212 696 1247 750 de
1270 695 1424 765 refectorio,
1447 696 1545 767 inquit,
1575 696 1749 752 alialendis
1771 698 1822 751 No

173 782 227 852 ptis
255 782 432 854 reliquerunt,
452 783 524 853 quod
539 799 589 837 nos
614 799 665 853 per
692 790 818 853 quartum
832 780 907 834 illum
921 777 970 832 llu-
1019 781 1239 854 vembrisusque
1264 783 1298 837 ad
1313 781 1531 839 Purificationem
1547 784 1577 838 B.
1607 785 1719 850 hiariae‚
1737 785 1822 838 statim

174 869 258 939 vium,
275 869 322 940 qui
340 870 374 924 de
399 869 460 925 loco
485 870 629 941 voluptatis
653 870 802 941 egreditur,
819 866 969 922 secundum
1018 868 1125 923 Nonam
1152 878 1305 924 cantamus.
1332 871 1373 926 Ex
1393 887 1446 941 quo
1461 871 1506 926 die
1520 887 1609 942 usque
1638 872 1676 927 ad
1707 872 1820 940 Pascha,

174 973 285 1011 sensum
300 957 432 1012 moralem
441 957 599 1028 accipimus,
612 958 647 1012 de
664 973 717 1028 quo
728 955 793 1012 dicit
808 954 967 1025 Scriptura:
1020 956 1137 1027 spatium
1153 957 1224 1028 quod
1239 957 1278 1027 (id
1293 965 1344 1023 est,
1360 957 1430 1012 inter
1446 957 1589 1028 prandium
1606 966 1634 1014 et
1650 958 1775 1029 Nonam)
1788 959 1822 1013 la·

173 1046 289 1100 Flavius
304 1049 431 1116 quartas,
450 1046 509 1118 ipse
524 1049 566 1100 cst
583 1044 752 1118 Euphrates.
769 1045 804 1099 Et
818 1040 969 1098 certissime
1020 1044 1116 1114 cimuS,
1131 1044 1251 1112 lectioni,
1267 1045 1311 1101 vel
1321 1044 1456 1117 aliquibus
1464 1046 1562 1100 talibus
1576 1046 1723 1104 exercitiis
1739 1047 1822 1118 depu-

174 1131 275 1185 scimus
286 1147 345 1198 nos,
354 1132 427 1204 quod
436 1133 575 1188 nisivnlde
587 1131 766 1198 fructuosum,
775 1129 910 1201 valdeque
921 1143 969 1183 sa·
1020 1137 1103 1186 tatur.
1126 1156 1137 1181 »
1154 1134 1221 1188 ltem
1235 1133 1264 1186 iu
1278 1132 1374 1188 eodem
1388 1132 1475 1199 libro,
1491 1133 1627 1205 vigesimo
1655 1150 1735 1190 nono
1749 1136 1821 1207 capi-

173 1217 251 1272 lubre
259 1218 325 1273 illud
336 1235 397 1275 csse
406 1219 564 1275 exercitium
579 1219 691 1285 scirent,
708 1217 781 1273 nullo
794 1217 876 1272 modo
887 1216 921 1270 de
936 1229 969 1270 co
1019 1219 1074 1275 tulo
1091 1234 1097 1273 :
1117 1241 1128 1270 ι
1145 1221 1168 1274 Α
1184 1219 1314 1292 vesperis
1335 1221 1470 1292 usquead
1485 1220 1726 1294 Completorium,
1743 1224 1820 1293 spiri·

173 1306 320 1374 monendo,
340 1307 534 1378 precipiendo,
560 1307 717 1371 scribendo,
729 1314 784 1360 tam
799 1303 971 1361 concorditer
1021 1306 1139 1362 tualibus
1154 1323 1238 1378 opere
1253 1306 1341 1363 datur.
1356 1327 1367 1358 ι
1385 1309 1477 1380 ltaque
1492 1308 1578 1365 habes
1606 1308 1652 1364 cui
1668 1310 1822 1381 specialiter

173 1394 314 1449 sentirent.
327 1395 389 1451 llaec
399 1395 530 1450 meditare
540 1403 578 1461 tu,
591 1394 637 1466 qui
644 1394 781 1450 habitator
790 1392 867 1450 cellae
878 1408 925 1458 es;
941 1390 969 1444 iu
1020 1394 1097 1464 operi
1112 1395 1250 1467 atquibus
1265 1395 1289 1451 ei
1304 1395 1484 1467 temporibus,
1495 1395 1664 1467 prescireet
1679 1406 1821 1468 possetne

173 1482 217 1537 his
245 1490 314 1537 esto.
334 1483 450 1537 Attouda
473 1482 568 1550 tibi,et
599 1481 675 1553 operi
695 1496 824 1537 manuum
849 1487 967 1534 tuarum.
1020 1481 1163 1538 intendere
1171 1483 1284 1539 debeas.
1298 1485 1356 1539 Hoc
1369 1491 1458 1539 autem
1475 1484 1555 1550 scias,
1571 1484 1640 1556 quia
1653 1501 1722 1556 quae
1732 1486 1821 1541 hausi·

173 1571 248 1624 lnsta
263 1570 290 1624 in
304 1569 361 1625 illo.
381 1571 438 1626 lloc
453 1579 544 1626 autem
559 1587 620 1625 esse
636 1570 717 1624 debet
732 1567 886 1640 specialiter
900 1582 969 1638 opus
1019 1586 1080 1624 mus
1096 1571 1169 1641 apud
1180 1577 1216 1639 te,
1227 1570 1490 1642 propinavimustibi
1500 1571 1654 1626 :induimus
1665 1579 1706 1638 te,
1717 1573 1767 1628 sed
1781 1590 1822 1629 re·

174 1664 248 1712 tuum
263 1666 291 1712 ut
306 1658 387 1728 (sicut
401 1657 448 1712 tibi
464 1659 590 1730 superius
606 1657 801 1727 intimavimus)
809 1656 886 1710 libris
902 1654 1004 1746 scri-B
1020 1658 1145 1713 alimento
1159 1658 1285 1729 proprio,
1297 1658 1421 1730 pavimus
1431 1659 1523 1724 te,sed
1538 1658 1601 1715 cibo
1616 1667 1666 1716 tuo
1679 1677 1690 1728 3
1702 1660 1823 1716 dedimus

172 1744 270 1800 bandis
295 1762 406 1817 operatu
421 1746 565 1818 diligenter
579 1747 731 1818 impendas.
754 1747 813 1801 Hoc
833 1743 967 1817 siquidem
1018 1745 1077 1815 tibi,
1089 1747 1138 1802 sed
1145 1747 1217 1817 quod
1225 1746 1517 1813 hahebas3ditavimus
1525 1747 1621 1817 te,sed
1630 1763 1664 1803 eo
1676 1750 1822 1821 quoabun-

173 1833 292 1903 spcciale
307 1851 369 1889 esse
397 1834 478 1890 debet
501 1850 570 1907 opus
591 1833 824 1890 carthusiensium
845 1831 967 1888 incluso·
1018 1834 1076 1888 das.
1088 1834 1122 1889 Et
1132 1835 1190 1890 haec
1199 1833 1377 1905 tibideopere
1385 1833 1762 1906 manualiinpraesentidicta
1772 1836 1823 1891 sui·

173 1939 243 1978 rum.
259 1922 328 1978 llinc
342 1923 420 1978 bonae
448 1922 598 1993 memoriae,
613 1931 639 1978 et
663 1939 724 1978 cum
747 1921 821 1977 omni
835 1917 966 1976 honoriti-
1017 1921 1117 1991 liciam,
1129 1922 1203 1993 quod
1221 1920 1358 1993 perillum
1371 1922 1519 1993 accipimus
1542 1922 1658 1979 fluvium
1683 1933 1820 1997 quartum,

171 2009 261 2066 centia
274 2011 456 2066 nominandus
470 2010 635 2068 venerahilis
650 2010 751 2083 Guigo,
768 2009 878 2081 quintus
905 2007 968 2062 Car·
1018 2011 1064 2082 qui
1080 2010 1190 2066 deloco
1209 2010 1355 2080 voluptatis
1370 2010 1521 2083 egreditur,
1537 2009 1572 2066 de
1589 2027 1646 2083 quo
1656 2028 1748 2067 verax
1762 2013 1822 2069 dicit

171 2099 319 2154 thusiensis
330 2100 414 2154 eremi
429 2100 514 2170 prior,
532 2099 628 2154 litteris
639 2098 818 2169 tullegimus)
828 2094 962 2151 saeculari-
1017 2097 1520 2170 historia:Flaviusqacrtaaipsccrt
1528 2099 1696 2170 Euphrates
1704 2100 1820 2171 (Gema,

171 2187 223 2241 hus
234 2196 259 2241 et
272 2186 369 2241 divinis
388 2187 534 2242 admodum
546 2186 675 2252 emditus‚
692 2201 756 2242 acer
768 2184 889 2256 ingenio,
905 2199 967 2238 me·
1018 2186 1073 2255 li).
1098 2184 1181 2251 Ecce,
1204 2184 1291 2240 habes
1306 2185 1379 2256 quod
1407 2185 1496 2258 magis
1524 2201 1729 2259 recognoscas,
1745 2204 1821 2260 quam

172 2274 365 2340 mariamnes,
389 2273 522 2331 facundiae
537 2273 716 2339 admirabilis,
733 2273 889 2328 exhortator
904 2269 963 2326 effi-
1017 2288 1162 2344 agnoscas,
1180 2272 1298 2344 qualiter
1319 2271 1446 2329 videlicet
1460 2280 1498 2339 tu,
1515 2273 1561 2345 qui
1588 2273 1737 2330 habitator
1749 2276 1822 2331 celia

171 2362 347 2428 cacissimus;
386 2362 446 2428 hic,
472 2362 592 2434 inquam,
609 2369 698 2417 tantus
725 2376 758 2416 ac
779 2359 842 2415 talis
858 2358 908 2425 vir,
939 2358 967 2413 in
1017 2377 1088 2425 esse,
1104 2360 1158 2415 illis
1174 2367 1287 2431 quatuor
1300 2359 1400 2416 sanctis
1420 2375 1453 2416 ac
1467 2358 1705 2417 sanctificantibus
1716 2363 1820 2419 exerci-

171 2450 241 2505 libro
273 2450 475 2506 Institutionum
503 2450 702 2505 Canthusiensis
725 2447 868 2520 propositi,
886 2463 965 2518 quem
1018 2449 1062 2503 tiis
1087 2447 1214 2503 insistere
1238 2447 1360 2515 debeas;
1376 2463 1437 2520 quae
1458 2457 1531 2515 sunt,
1546 2448 1670 2505 studium
1686 2450 1818 2518 lectionis,

171 2539 230 2608 ipse
245 2538 362 2610 scripsit,
378 2538 416 2593 ita
431 2539 465 2593 de
481 2539 532 2594 hoc
547 2538 620 2604 dicit,
637 2537 755 2608 capitulo
769 2535 891 2606 ejusdem
905 2533 967 2589 libri
1017 2537 1120 2608 puritas
1135 2535 1329 2602 meditationis,
1346 2535 1456 2592 devotio
1467 2536 1607 2603 orationis,
1619 2536 1731 2593 utilitas
1740 2539 1820 2596 actio

170 2625 305 2698 vigesimo
319 2634 415 2682 octavo
431 2644 438 2681 t
455 2646 466 2677 ι
492 2625 595 2682 Omnes
609 2642 679 2697 pene
707 2641 776 2696 quos
791 2622 964 2694 suscipimus,
1016 2624 1069 2678 nis.
1086 2623 1160 2678 Nihil
1175 2624 1222 2678 tibi
1236 2624 1265 2679 in
1279 2622 1371 2679 libello
1386 2624 1528 2695 posuimus
1551 2640 1667 2694 novum,
1684 2626 1737 2683 sed
1750 2627 1819 2682 anti-

170 2712 193 2767 si
209 2712 268 2767 fieri
282 2721 380 2785 potest,
398 2714 518 2769 scribere
533 2714 673 2770 docemus.
693 2737 703 2760 n
724 2714 758 2766 Et
785 2718 846 2782 post
869 2725 963 2781 pauca.
1017 2728 1109 2784 quum,
1121 2712 1183 2784 quia
1192 2712 1411 2782 juxtacomicum
1428 2727 1435 2766 :
1453 2735 1465 2760 α
1480 2712 1603 2768 Nihilest
1614 2713 1736 2783 dictum,
1748 2716 1818 2788 quod

173 2800 297 2856 «Libros
312 2801 423 2873 quippe,
444 2810 573 2872 tanquam
601 2801 798 2872 sempiternum
812 2798 966 2853 animarum
1017 2808 1079 2855 ante
1094 2815 1149 2856 non
1164 2800 1199 2855 ait
1227 2801 1340 2856 dictum.
1360 2824 1370 2848 n
1387 2801 1420 2855 Et
1435 2800 1617 2857 Ecclesiastes
1641 2802 1817 2860 dicia2ntttt

173 2896 326 2943 nostrarum
345 2888 435 2944 cibum
454 2888 610 2944 cautissime
638 2887 775 2953 custodiri,
793 2895 820 2941 et
844 2885 965 2941 studiose
1016 2891 1066 2945 aab
1079 2889 1136 2944 sole
1155 2904 1259 2945 novum
1270 2903 1338 2943 :aec
1356 2889 1585 2960 valetquiaquam
1602 2889 1701 2947 dicere
1715 2909 1726 2948 .·
1740 2892 1816 2957 Ecce,

170 2976 297 3032 volumus
311 2975 379 3032 fieri.
397 2978 431 3034 Ut
448 2977 512 3049 quia
529 2992 577 3032 ore
592 2992 645 3032 non
675 2991 821 3047 possumus
836 2973 886 3029 Dei
900 2989 966 3029 ver·
977 3032 1000 3074 ρ
1017 2977 1067 3032 hoc
1082 2991 1180 3031 recena
1194 2979 1247 3030 eat.
1259 2975 1294 3030 Et
1303 2976 1436 3048 adjungit,
1448 2978 1511 3047 jam
1518 2980 1672 3049 praecessit
1687 2982 1818 3036 incocta·

172 3065 237 3120 hum
259 3065 385 3120 manibus
403 3065 594 3137 predicemus.
613 3089 625 3113 n
651 3063 717 3133 Quae
742 3071 833 3118 autern
862 3078 895 3117 ex
913 3062 966 3116 hoc
983 3064 1001 3092 ⁴
1018 3066 1253 3136 lisqaoesneruat
1268 3067 1396 3121 catenes
1407 3062 1510 3133 (hrcle.
1523 3079 1543 3129 r,
1556 3066 1612 3133 lo).
1624 3065 1716 3122 Nobis
1728 3075 1816 3123 autern

171 3153 272 3209 utilitas
299 3153 450 3224 proveniat,
472 3153 591 3208 ostendit
614 3152 735 3208 subdens
751 3167 757 3206 :
776 3174 787 3199 ι
805 3149 878 3219 Quot
892 3149 965 3205 euim
1016 3152 1120 3208 conscii
1133 3167 1188 3207 non
1212 3167 1307 3206 sumus
1332 3150 1435 3223 aliquid
1449 3151 1557 3208 veritati
1581 3154 1755 3210 contrarium
1768 3171 1817 3211 nos

169 3240 254 3297 libros
270 3240 424 3305 scribimus,
443 3248 479 3296 tot
494 3241 573 3295 nobis
588 3240 709 3296 veritatis
724 3254 865 3311 praecones
876 3236 965 3292 iacere
1017 3240 1172 3310 scripsisse.
1190 3239 1386 3296 Verumtamen
1401 3239 1476 3310 quod
1489 3238 1685 3298 nihilomnino
1699 3243 1818 3300 aliterac

169 3329 301 3393 videmur,
319 3335 462 3399 sperantes
477 3344 493 3382 a
508 3328 625 3384 Domino
651 3326 819 3391 mercedem,
841 3340 890 3396 pro
904 3339 961 3379 om·
1016 3326 1121 3382 habens
1149 3326 1351 3398 scripserimus,
1386 3326 1558 3397 pertinaciter
1584 3342 1641 3383 non
1671 3344 1815 3403 negamus,

170 3416 249 3471 nibus
264 3415 311 3487 qui
323 3433 373 3486 per
387 3432 435 3471 eos
450 3416 492 3472 vel
507 3415 542 3470 ab
557 3431 648 3471 errore
667 3413 784 3470 correcti
796 3412 906 3480 luerint,
922 3411 966 3466 vel
1017 3414 1134 3470 scientes
1154 3414 1287 3469 bonorum
1298 3429 1370 3480 esse,
1387 3413 1424 3467 ibi
1437 3414 1600 3487 plemmquc
1615 3415 1730 3487 culpam
1744 3418 1816 3473 msti-

169 3504 198 3559 in
216 3504 349 3560 catholica
363 3503 477 3560 veritate
498 3503 672 3575 profecerint.
688 3504 740 3557 l‘ro
755 3501 859 3558 cunctis
874 3499 964 3565 etiam,
1016 3517 1103 3568 marc,
1120 3501 1167 3556 ubi
1190 3501 1267 3556 nulla
1293 3508 1344 3557 est.
1372 3503 1515 3557 Portantes
1530 3501 1554 3557 si
1568 3501 1684 3573 quidem
1698 3504 1817 3561 animam

170 3593 216 3663 qui
233 3592 275 3647 vel
291 3607 307 3648 a
322 3592 378 3647 suis
392 3591 514 3663 peccatis
542 3600 569 3646 et
586 3591 660 3647 vitiis
687 3589 851 3661 compuncti,
872 3587 915 3643 vel
932 3586 967 3642 ad
1016 3599 1138 3645 nostram
1153 3589 1181 3644 in
1206 3588 1332 3645 manibus
1355 3588 1465 3656 nostris,
1482 3589 1524 3645 ori
1538 3598 1632 3646 nostro
1649 3591 1692 3648 sic
1704 3609 1818 3665 parcere

169 3679 336 3736 desiderium
371 3680 470 3735 luerint
497 3679 593 3750 patriae
621 3677 741 3736 coelestis
766 3675 885 3733 accensi.
904 3697 915 3724 ι
936 3675 967 3729 ln
1016 3677 1152 3745 nolumus,
1169 3685 1198 3732 ut
1212 3692 1267 3732 non
1281 3691 1379 3734 carnes
1393 3684 1502 3733 nostras
1517 3677 1761 3737 dentibusnostris
1775 3682 1816 3738 la-

168 3768 237 3823 libro
252 3784 360 3840 quoque
374 3768 443 3823 Vitae
458 3767 532 3822 beati
547 3768 658 3824 Martini
670 3766 797 3840 legimus,
809 3762 905 3836 quod«
921 3778 966 3818 ars
1017 3780 1151 3834 caremus,
1169 3764 1316 3821 dummodo
1331 3765 1403 3836 apud
1419 3780 1470 3821 nos
1485 3779 1533 3821 eas
1547 3766 1817 3839 essedeprehenda-

169 3857 216 3922 ibi,
232 3856 352 3926 exceptis
363 3855 550 3926 scriptoribus,
561 3855 635 3910 nulla
651 3855 812 3910 habebatur.
834 3876 845 3901 a
862 3852 895 3908 Et
905 3850 967 3906 sub·
1016 3870 1091 3909 mus.
1110 3854 1164 3910 Sed
1180 3862 1231 3909 tuae
1246 3862 1272 3909 et
1295 3853 1452 3926 sagacitatis
1473 3852 1605 3924 providae,
1621 3862 1651 3910 et
1665 3856 1812 3926 providen-

170 3944 258 3999 ditur:
271 3964 282 3994 ι
301 3943 349 3998 Cui
364 3951 455 3997 tamen
465 3942 542 4013 operi
555 3943 645 3998 minor
661 3949 727 3997 aetas
742 3942 896 4011 deputatur.
908 3939 965 3992 lla-
1017 3942 1061 3998 tiae
1076 3942 1125 3997 erit
1140 3941 1260 4014 sagacis,
1276 3941 1316 3998 sic
1330 3940 1460 4014 colligere
1469 3955 1570 4006 msam,
1586 3949 1616 3996 ut
1630 3942 1755 4002 inmanu
1765 3962 1819 4003 non

167 4032 242 4101 jones
260 4030 377 4086 orationi
398 4030 531 4087 vacabant
551 4030 643 4100 (Suae.
668 4029 710 4098 S.,
725 4029 753 4083 in
779 4030 831 4085 l'it.
847 4029 874 4084 S.
892 4027 966 4082 ilar-
1018 4037 1138 4085 assumat
1153 4029 1259 4101 spinam
1275 4044 1283 4084 τ
1298 4029 1394 4100 sicque
1408 4029 1449 4101 (ut
1464 4028 1585 4101 apertius
1592 4029 1732 4103 dinamus)
1746 4034 1818 4106 quod

170 4120 236 4189 tini,
252 4135 278 4175 c.
294 4120 332 4187 Ἰ).
362 4117 467 4188 Quibus
488 4126 578 4174 autem
601 4117 768 4191 temporibus
782 4116 845 4173 huic
872 4120 966 4170 sancto
1019 4118 1120 4173 honum
1134 4126 1176 4174 ast
1189 4125 1292 4184 tenere,
1309 4125 1337 4172 ut
1360 4116 1395 4171 ah
1413 4116 1488 4171 omni
1503 4116 1595 4188 specie
1618 4118 1696 4175 mala
1710 4121 1818 4178 studeat

170 4223 298 4262 manuum
308 4207 384 4278 operi
398 4206 577 4262 insistendum
593 4206 637 4274 sit,
652 4204 780 4278 praefatus
795 4201 967 4262 venerandus
1018 4205 1169 4261 abstinere.
1188 4205 1289 4261 Verum
1307 4205 1365 4274 jam
1380 4203 1462 4261 finem
1490 4205 1738 4277 imponamuahis3
1755 4210 1819 4282 quia

171 4294 272 4368 Guigo,
298 4295 326 4351 in
341 4294 472 4366 praedicto
499 4294 578 4361 libro,
592 4293 711 4367 capitulo
738 4293 868 4350 vicesimo
882 4303 965 4357 nono,
1018 4293 1104 4348 multa
1127 4293 1236 4365 quidem
1266 4292 1397 4359 diximus;
1426 4300 1453 4348 et
1475 4292 1579 4348 utinam
1597 4292 1658 4362 tibi,
1683 4297 1820 4369 quicellar

169 4383 210 4438 sic
219 4383 350 4439 ostendit.
372 4405 383 4431 ι
400 4382 523 4439 hTertia
533 4398 599 4439 vero
610 4383 740 4454 usquead
751 4379 965 4443 Sextamhieme,
981 4374 1156 4438 Dhahitator
1171 4398 1211 4448 es,
1236 4389 1291 4436 tam
1301 4381 1353 4437 sint
1367 4379 1507 4438 lmctuosa
1517 4397 1599 4453 quam
1614 4392 1680 4438 sunt
1693 4385 1818 4455 profusa.

170 4480 196 4527 et
219 4489 235 4525 a
249 4471 340 4526 Prima
363 4487 449 4543 usque
463 4472 497 4527 ad
511 4473 630 4528 Tertiam
645 4479 755 4537 aestate,
770 4484 901 4526 manuum
914 4467 966 4522 de·
1020 4472 1123 4526 Devota
1139 4485 1246 4542 quoque
1269 4476 1295 4525 te
1309 4468 1470 4535 humilitate,
1486 4478 1513 4526 et
1531 4470 1626 4525 humili
1641 4471 1820 4531 nihilominus

169 4567 275 4632 putatur
289 4559 426 4631 operibus.
442 4559 509 4629 Quae
523 4568 615 4616 tamen
633 4576 726 4630 opera,
743 4559 872 4617 brevibus
887 4558 966 4616 volu·
1018 4557 1172 4624 devotione,
1183 4565 1209 4614 ct
1224 4558 1246 4613 si
1257 4573 1371 4629 corpore
1385 4557 1524 4625 absentes,
1541 4566 1631 4614 tamen
1642 4560 1820 4636 spirituprae-

169 4665 230 4704 mus
245 4648 413 4704 orationihus
426 4647 596 4720 interrumpi.
610 4649 682 4704 litia
698 4657 791 4704 aestate
805 4648 878 4720 quod
894 4638 972 4706 iles-⁵
1017 4655 1118 4713 sentos,
1148 4662 1300 4714 exoramus,
1324 4653 1352 4701 ut
1368 4645 1391 4699 si
1405 4645 1469 4717 quid
1497 4645 1526 4701 in
1540 4646 1670 4704 omnibus
1698 4668 1764 4722 quae
1777 4652 1819 4709 hic

167 4753 261 4809 peram
275 4737 437 4808 Nonamque
465 4735 648 4802 disterminat,
666 4735 838 4791 manualibus
848 4752 965 4808 occupa·
1017 4743 1126 4790 exarata
1148 4741 1220 4801 sunt,
1237 4741 1282 4789 lua
1310 4733 1440 4790 sanctitas
1466 4733 1609 4803 invenerit,
1625 4751 1660 4791 en
1688 4754 1747 4810 quo
1762 4739 1820 4794 fra-

168 4833 213 4880 tur
241 4823 379 4896 operibus,
404 4840 567 4896 semperque
591 4825 618 4879 in
640 4824 794 4896 operando,
819 4824 854 4880 ad
868 4825 966 4882 breves
1017 4830 1090 4880 ctum
1116 4823 1235 4896 aliquem
1248 4821 1390 4894 percipere
1399 4823 1487 4894 possit
1497 4822 1678 4894 spiritualem,
1692 4841 1750 4897 pro
1763 4827 1820 4884 ani·

167 4922 194 4968 et
221 4913 300 4984 quasi
320 4912 457 4983 jaculatas
476 4913 539 4968 licet
556 4912 693 4968 orationes
716 4927 866 4968 recurrere.
886 4935 896 4963 a
925 4915 966 4970 De
1016 4926 1061 4967 ma
1077 4912 1150 4967 illius
1167 4911 1311 4966 miserrimi
1326 4911 1477 4981 peccatoris
1496 4910 1540 4983 pie
1563 4910 1742 4970 intercedere
1757 4914 1821 4972 velit

168 5000 352 5070 spiritualibus
361 5015 427 5055 vero
437 5000 582 5067 exercitiis,
599 5000 697 5072 quihus
712 5001 787 5056 horis
802 5009 856 5055 tam
875 5001 966 5058 hieme
1019 5000 1064 5071 qui
1080 5001 1139 5057 haec
1153 5008 1290 5070 utcunque
1305 5014 1359 5054 non
1371 4999 1479 5071 quidem
1494 5006 1522 5055 ut
1535 4998 1639 5066 debuit,
1657 4999 1708 5058 sed
1725 5010 1758 5059 ut
1770 5018 1820 5076 pc·

169 5103 251 5159 quam
277 5096 381 5154 astate,
403 5088 558 5159 specialiter
586 5088 626 5144 eis
649 5088 725 5145 cellae
755 5088 855 5144 dcbcat
877 5088 967 5147 incola
1008 5088 1074 5160 tuit,
1092 5087 1119 5142 in
1147 5105 1228 5144 unum
1244 5082 1364 5162 collegit.
