3742 5986
59 165 113 219 att

385 160 573 220 Expostulo
588 161 626 219 IN
643 159 833 218 EPISTOLAS
856 159 969 218 eruat.
986 190 1021 202 -—
1035 157 1072 216 lN
1088 158 1196 216 EPlS'l'.
1222 160 1269 216 ab
1292 160 1394 216 llliBll.

1657 165 1709 218 558

62 303 116 343 nos
131 286 329 343 consummabit
343 286 371 342 in
385 286 483 360 gloria,
499 287 523 342 si
536 286 604 344 fides
618 295 712 343 nostra
736 286 902 359 perduretA
917 285 970 341 nisi
982 293 1082 357 praesto
1097 283 1131 340 sit
1145 283 1232 356 gratia
1248 283 1307 340 Dei.
1325 283 1503 356 Disciplinam
1514 283 1575 341 dico
1583 301 1638 340 non
1648 301 1712 356 per·

64 375 184 448 integra.
199 376 250 444 Qui
259 377 340 430 iesus
354 378 492 432 sustinuit
503 392 626 443 crucem,
639 380 865 448 contemptanon

64 471 169 519 tantum
183 464 342 529 acerbitate,
356 465 404 520 sed
419 465 499 520 eiiam
513 467 689 536 confusione,
700 464 727 519 id
741 472 783 520 εει
800 480 865 520 eru-

64 552 208 609 bescentia
221 552 256 607 de
271 552 454 623 ignominioso
469 569 572 626 genere
596 553 699 608 mortis.
721 552 863 618 Sustinuit,

66 641 190 714 inquam,
206 641 308 713 gaudio
322 643 463 713 preposito
478 642 531 697 sibi
545 641 573 697 in
589 642 678 714 gloria
690 640 785 698 merito
799 656 866 712 pas-

67 728 164 784 sionis.
182 729 240 794 Vel,
251 729 393 799 proposito
408 729 459 785 sibi
473 737 582 785 terreno
592 730 702 802 gaudio,
714 729 742 784 id
758 737 798 785 est
813 737 868 785 ter·

66 817 144 873 renis
172 816 344 873 facultatibus
381 818 526 889 propositis
549 818 600 873 sibi
624 834 640 873 a
662 817 867 875 crucifixoribus

68 906 137 974 suis,
152 905 176 960 si
190 905 271 961 vellet
286 922 316 961 εε
329 905 437 961 diffiteri
451 906 547 961 Filium
562 906 622 962 Dei.
639 909 726 978 Atque
734 906 796 962 ideo
806 906 869 978 quia

68 1009 180 1049 crucem
195 993 331 1060 sustinuit,
347 993 536 1050 confusionem
560 995 731 1067 contempsit,
746 995 822 1050 sedet
837 995 869 1049 in

68 1082 191 1138 deutera
204 1082 288 1148 redu,
305 1081 333 1137 id
347 1082 431 1137 estin
445 1082 600 1154 aequalitate
615 1083 734 1138 sedentis
749 1082 799 1138 Dei
815 1083 869 1137 Pa·

68 1170 131 1226 tris.
147 1171 292 1226 curramus
317 1171 487 1242 propositum
509 1179 648 1227 certamen
672 1171 807 1227 imitantes
821 1170 869 1226 ie-

69 1275 143 1326 sum,
160 1259 206 1331 qui
230 1265 384 1330 contempta
406 1259 564 1316 confusione
589 1259 716 1315 sustinuit
739 1274 869 1325 crucem3

70 1362 145 1413 eum,
157 1345 277 1418 inquam,
290 1346 403 1417 aspicite
417 1362 527 1403 crucem
537 1347 566 1401 in
575 1355 663 1403 morte
674 1346 850 1402 sustinentem
862 1363 870 1412 ς

70 1436 226 1504 recogitate
241 1435 323 1491 etiam
337 1436 466 1491 cumdem
481 1436 573 1491 iesum
588 1438 637 1509 gui
651 1436 790 1491 sustinuit
805 1451 872 1490 con·

915 382 1082 440 secutorum,
1108 373 1157 429 sed
1180 374 1293 430 Domini
1307 393 1317 440 ;
1332 374 1384 444 ipsi
1408 374 1479 429 enim
1504 373 1571 428 nihil
1598 381 1713 445 possunt

915 463 1015 519 nisiex
1039 462 1222 534 permissione
1246 462 1307 529 Dei,
1327 463 1379 517 hoc
1402 462 1483 518 modo
1507 478 1627 534 purgare
1642 461 1712 518 lilios

916 568 979 608 suos
990 551 1116 607 volentis.
1133 551 1196 606 Noli
1211 550 1353 623 negligere
1368 549 1549 621 disciplinam,
1565 566 1653 623 negue
1669 552 1686 621 s
1702 580 1713 592 ·

918 641 1025 711 tigerus,
1040 640 1069 694 id
1084 647 1172 695 estne
1187 638 1275 694 lessus
1290 637 1411 710 refugias
1425 639 1479 709 pati
1494 639 1561 694 dnm
1574 640 1712 709 (argueris,

916 729 944 782 id
959 736 1000 784 est
1014 743 1079 784 reus
1093 743 1154 783 esse
1170 727 1341 783 convinceris
1356 745 1373 782 a
1395 730 1449 783 Deo
1473 743 1523 798 per
1543 729 1614 783 hanc
1627 727 1714 782 disci-

917 817 1020 888 plinam
1034 815 1193 888 indulgente
1208 815 1266 870 tibi.
1283 816 1335 870 Per
1349 816 1418 871 hanc
1432 814 1514 870 etiam
1531 815 1713 886 disciplinam,

918 905 999 959 homo
1013 911 1039 959 et
1053 903 1226 976 fragilitatem
1238 920 1314 959 suam
1329 904 1479 974 cognoscit,
1497 911 1523 959 et
1533 904 1568 975 (si
1583 904 1716 976 patienter

918 992 1062 1063 sustineat)
1090 992 1285 1064 indulgentiam
1316 1000 1488 1063 promeretur
1517 993 1551 1048 de
1579 993 1711 1063 peccatis.

919 1079 1042 1138 400
1054 1081 1116 1137 Non
1129 1081 1213 1136 debes
1223 1079 1329 1154 fatigari
1343 1082 1406 1135 dum
1416 1080 1552 1153 argueris,
1566 1082 1716 1138 tamenim

920 1186 1001 1244 quem
1016 1170 1110 1241 diligit
1122 1171 1259 1226 Dominus
1273 1169 1403 1241 castigat,
1420 1169 1447 1224 id
1467 1170 1541 1224 estin
1554 1170 1676 1225 castitate
1690 1177 1718 1224 et

920 1257 1083 1314 continentia
1113 1257 1240 1312 vitiorum
1268 1273 1318 1328 per
1351 1257 1521 1329 disciplinam
1546 1257 1604 1331 agit
1619 1276 1625 1325 ;
1642 1257 1717 1313 illurn

921 1362 1002 1419 quem
1012 1345 1109 1416 diligit,
1120 1345 1243 1416 castigat,
1256 1362 1367 1402 omnem
1378 1351 1474 1402 autem
1487 1347 1580 1415 fitium
1589 1362 1717 1419 gaemrc-

921 1437 1001 1507 cipit,
1017 1433 1174 1506 priusquam
1187 1431 1311 1504 recipiat,
1323 1435 1461 1506 flagellat.
1478 1434 1553 1489 Licet
1568 1434 1639 1489 enim
1653 1450 1718 1505 pec·

72 1522 284 1591 tradictianem,
296 1530 325 1578 ut
340 1523 410 1579 sicut
424 1524 451 1578 in
466 1531 564 1591 morte,
582 1524 622 1581 sic
636 1524 717 1579 etiam
730 1522 874 1580 imitemini
922 1530 980 1581 cata
995 1522 1119 1589 dimittat,
1137 1522 1203 1578 nulli
1222 1529 1312 1577 tamen
1328 1538 1408 1593 poena
1420 1522 1575 1592 remittitur,
1596 1522 1659 1594 quin
1675 1522 1718 1578 vel

70 1626 136 1666 eum
150 1611 178 1666 in
192 1611 320 1681 patienda
336 1611 559 1667 contradictione.
584 1612 721 1683 Quidquid
745 1611 908 1708 adversi·B
922 1610 950 1666 iu
963 1611 1014 1666 hac
1029 1610 1093 1677 vita,
1110 1610 1154 1666 vel
1168 1610 1196 1664 in
1219 1609 1310 1664 lutura
1334 1610 1462 1679 solvatur,
1479 1611 1522 1667 vel
1543 1611 1578 1665 ab
1592 1610 1652 1681 ipso
1666 1611 1720 1666 bo·

74 1699 140 1754 tatis
152 1699 214 1754 tulit
227 1700 306 1754 iesus
321 1715 407 1771 usque
422 1700 456 1754 ad
478 1701 574 1755 horam
588 1700 724 1771 passionis
738 1698 874 1773 significat
923 1699 996 1754 mine
1011 1705 1163 1769 spontanea
1182 1698 1330 1764 voluntate,
1347 1698 1417 1769 qnod
1433 1714 1502 1769 opus
1516 1698 1653 1770 acceptius
1668 1706 1719 1766 est,

72 1787 120 1842 hic
142 1802 193 1857 per
216 1787 467 1844 contradictionem.
484 1789 533 1844 Vel
556 1789 579 1842 si
596 1788 713 1844 habetur
734 1788 820 1854 enim,
836 1787 874 1843 ita
923 1787 967 1843 vel
982 1787 1034 1842 alio
1048 1786 1100 1841 sibi
1122 1786 1266 1842 inferente.
1284 1785 1357 1841 Sicut
1379 1802 1429 1856 per
1453 1786 1586 1859 originale
1601 1786 1720 1857 probare

70 1875 212 1946 jungatur.
229 1875 339 1930 Debetis
354 1875 478 1946 aspicere
501 1877 594 1932 iesum
610 1876 787 1932 sustinentem
810 1891 874 1931 cru-
924 1890 1079 1946 possumus,
1109 1874 1182 1947 quod
1210 1874 1320 1946 quidem
1348 1874 1376 1928 in
1402 1874 1539 1945 baptismo
1567 1874 1719 1942 dimittitur,

74 1978 148 2028 cem,
164 1978 225 2016 nam
240 1961 320 2017 etiam
335 1964 388 2018 hoc
403 1963 513 2034 quadiu
528 1963 637 2019 Christo
651 1963 740 2019 minus
754 1970 804 2031 est,
822 1963 875 2019 sci·
925 1979 1005 2034 poena
1019 1971 1109 2018 tamen
1124 1963 1182 2030 ejus
1199 1962 1305 2033 peccati
1324 1961 1484 2032 (mortalitas
1498 1962 1601 2018 scilicet
1616 1970 1643 2018 ει
1656 1979 1722 2033 pas-

75 2050 142 2106 licet
157 2050 401 2106 contradictionem
422 2066 504 2122 quam
520 2050 654 2119 sustinuit,
672 2051 831 2122 recogitate,
848 2049 876 2105 id
926 2051 1042 2106 sibilitas
1067 2050 1238 2123 relinquitur.
1269 2051 1303 2104 Et
1325 2050 1433 2121 quando
1455 2049 1564 2122 quidem
1579 2050 1724 2122 disciplina

76 2145 120 2194 est
133 2138 291 2210 frequenter
304 2138 411 2194 debetis
424 2139 553 2194 mandare
569 2140 719 2195 memoriae.
736 2139 816 2208 Quod
838 2139 876 2193 ita
927 2139 1035 2195 Domini
1050 2139 1119 2194 adeo
1134 2137 1359 2194 commendabilis
1378 2146 1428 2204 est,
1445 2137 1529 2209 igitur
1545 2142 1724 2211 perseverate

77 2226 117 2281 ait
135 2241 141 2280 :
158 2226 315 2299 Recogitate
329 2228 422 2282 iesum
435 2227 483 2299 qui
498 2228 625 2282 sustinuit
634 2227 878 2285 contradictionem
927 2228 1140 2299 indisciplina,
1156 2226 1183 2281 id
1201 2233 1242 2281 est
1264 2226 1294 2280 in
1317 2225 1446 2296 patientia
1466 2226 1680 2296 tribulationum,
1698 2226 1726 2280 iu

76 2314 169 2380 talem
197 2314 227 2367 id
254 2322 296 2369 est
323 2315 393 2370 adeo
421 2315 651 2385 contemptibilem
677 2322 704 2370 et
730 2314 877 2384 difficilem,
928 2315 1089 2388 quantique
1104 2330 1280 2385 perseverare
1295 2313 1420 2381 debetis;
1438 2315 1727 2386 Densenimoffertsc

78 2403 209 2474 quodque
224 2402 313 2474 magis
327 2402 415 2473 potuit
429 2419 546 2475 gravare
559 2420 630 2469 eum,
648 2404 707 2474 ipse
722 2404 768 2476 qui
782 2419 878 2474 pecca·
927 2405 1000 2460 vebis
1024 2404 1052 2457 in
1072 2402 1291 2458 tribulationibus
1321 2402 1472 2471 adjutorem
1490 2407 1626 2476 tanguam
1640 2404 1723 2473 tiliis.

78 2497 140 2545 tum
152 2504 207 2546 non
222 2490 306 2555 novit,
322 2490 424 2545 illatam
439 2491 490 2546 sibi
503 2508 519 2545 a
533 2491 723 2561 peccatoribus
742 2491 877 2560 sustinuit,
929 2493 1002 2548 Bene
1016 2491 1078 2547 dico
1094 2500 1221 2563 tanquam
1243 2489 1315 2557 filiis,
1333 2490 1394 2562 quia
1411 2492 1472 2562 guis
1497 2500 1539 2546 est
1553 2492 1630 2560 titas
1644 2507 1728 2562 gaiam

79 2593 137 2633 non
151 2577 285 2634 advorsus
300 2579 418 2647 Petrum,
437 2579 480 2634 vel
495 2579 644 2650 quemlibet
671 2579 878 2650 discipulorum,
930 2576 1132 2653 noncorripiat
1146 2579 1334 2652 pateriDeus
1348 2578 1443 2650 utique
1453 2577 1539 2633 lilium
1552 2595 1608 2636 uon
1618 2577 1728 2634 habebit

81 2666 133 2723 sed
146 2666 280 2722 aduersus
290 2669 483 2739 semetipsam.
496 2667 665 2740 Recogitate,
677 2668 798 2739 inquam,
811 2668 882 2723 hanc
931 2669 1125 2724 incorrectum.
1155 2666 1238 2721 Filius
1265 2681 1320 2721 uon
1344 2666 1395 2721 erit
1419 2666 1471 2721 nisi
1502 2667 1547 2739 qui
1561 2667 1720 2737 corripitur.

81 2753 334 2821 contradictionem,
345 2754 380 2809 ad
394 2756 457 2820 boc,
468 2758 502 2810 ut
517 2772 654 2812 memores
668 2757 725 2824 eius
739 2773 797 2813 non
811 2756 881 2827 sati·
933 2756 1009 2823 Quod
1028 2756 1062 2822 st,
1078 2755 1162 2811 idest
1177 2754 1199 2809 si
1214 2770 1279 2810 vero
1294 2770 1343 2810 vos
1358 2757 1427 2811 estis
1449 2759 1535 2811 extra
1549 2756 1728 2827 diciplinam,

82 2843 202 2913 gemini,
218 2841 246 2897 id
261 2850 301 2897 est
315 2858 351 2897 ne
365 2841 424 2896 sitis
438 2841 504 2898 lessi
518 2843 645 2914 patiendo
660 2844 783 2911 adversa,
799 2843 843 2900 vel
859 2842 882 2897 si
931 2844 1004 2917 quod
1018 2843 1180 2899 subtrahatis
1195 2858 1273 2898 rosa
1292 2842 1438 2913 disciplina
1453 2843 1571 2911 Domini,
1587 2844 1669 2915 eujus
1690 2843 1731 2899 di·

82 2930 237 3004 fatigamini
251 2946 376 3001 corpore,
389 2947 424 2986 ne
434 2930 585 3004 fatigemini
600 2933 632 2987 in
647 2934 752 2989 animis
768 2933 881 3000 vestris,
932 2932 1055 3004 sciplinae
1066 2934 1220 3004 participes
1234 2933 1308 3002 sacti
1322 2934 1389 2986 sunt
1405 2947 1501 2988 amnes
1511 2931 1559 2986 lilii
1569 2931 1629 2987 Dei.
1641 2931 1679 2997 si,
1691 2931 1732 2985 in·

83 3019 134 3075 sed
147 3034 230 3076 carne
249 3017 357 3073 infirma
380 3019 490 3090 spiritus
513 3027 604 3075 tamen
626 3021 742 3091 prompti
766 3020 828 3075 sint.
855 2998 918 3076 SiG
933 3037 1024 3092 quam,
1041 3028 1117 3076 extra
1139 3019 1312 3090 disciplinam
1338 3019 1413 3086 estis,
1429 3036 1494 3090 ergo
1517 3036 1572 3076 non
1594 3018 1660 3074 estis
1684 3017 1734 3074 suit

84 3108 159 3165 enirn
173 3114 248 3162 tanta
262 3106 295 3163 sit
309 3106 489 3163 contradictio
507 3115 536 3162 ut
548 3107 697 3178 fatigentur
709 3109 801 3174 animi,
814 3109 884 3164 sicut
932 3109 1057 3182 legitimi,
1069 3109 1118 3164 sed
1134 3110 1200 3165 estis
1214 3107 1261 3162 filii
1274 3107 1410 3177 adulteri,
1423 3108 1450 3164 id
1465 3116 1506 3164 est
1516 3107 1661 3164 adulterini
1672 3107 1732 3178 qui·

83 3197 160 3252 idem
175 3194 272 3251 Paulus
286 3196 321 3251 de
335 3211 366 3250 se
378 3195 415 3250 ait
430 3213 437 3249 :
458 3218 468 3243 a
485 3195 597 3251 Gratati
616 3212 709 3250 sumus
724 3211 807 3267 supra
821 3212 883 3252 mo·
933 3197 984 3252 bus
1000 3206 1076 3269 pater
1090 3213 1145 3252 non
1158 3196 1268 3250 adhibet
1282 3197 1458 3269 paedagogos,
1477 3197 1538 3270 quia
1554 3213 1601 3253 eos
1616 3211 1671 3252 non
1685 3212 1733 3251 cu-

85 3285 162 3350 dum,
177 3282 215 3339 ita
228 3291 257 3338 ut
270 3283 370 3340 taedeat
391 3299 442 3338 nos
457 3283 550 3339 vivere
563 3284 604 3353 (ll
621 3282 681 3340 Car.
699 3300 718 3350 ι,
735 3283 781 3353 8);
801 3304 812 3334 ι
829 3300 885 3340 non
933 3293 985 3341 rat.
1010 3284 1059 3340 Vel
1083 3284 1150 3341 estis
1173 3284 1221 3339 filii
1243 3282 1367 3354 adulteri,
1391 3284 1420 3341 id
1432 3293 1475 3341 est
1498 3284 1609 3354 diaboli,
1625 3285 1732 3342 adulte-

84 3381 179 3428 tamen
201 3369 370 3439 deficientes,
395 3371 465 3427 sicut
485 3387 536 3427 uec
558 3372 657 3426 Paulus
689 3371 796 3440 deiecit,
821 3371 884 3429 licet
934 3381 1025 3429 rantes
1040 3389 1098 3430 vos.

84 3461 216 3533 fatigatus
230 3468 303 3516 esset
325 3459 442 3516 animus.
458 3459 621 3528 Delicerent,
639 3460 662 3515 si
676 3461 774 3516 timore
797 3461 885 3517 tribu·
970 3461 1097 3518 Probavit
1123 3478 1172 3533 per
1198 3463 1350 3518 testimonia
1375 3461 1534 3533 Scripturae,
1560 3462 1663 3518 debere
1685 3477 1734 3518 eos

85 3550 220 3606 lationnm
234 3549 316 3604 iidem
330 3556 473 3622 negarent,
490 3549 595 3605 debetis
610 3549 701 3621 utique
716 3549 775 3605 sine
790 3548 886 3621 fatiga·
935 3566 1112 3622 perseverare
1127 3550 1155 3604 in
1169 3551 1330 3622 disciplina;
1348 3566 1420 3606 nunc
1444 3550 1593 3605 rationibus
1609 3551 1735 3607 humanas

86 3639 163 3695 done
180 3646 208 3694 et
228 3637 336 3693 delectu
351 3637 505 3707 sustinere,
532 3640 598 3710 guia
622 3645 649 3693 et
677 3637 701 3692 si
722 3638 884 3706 restitistis,
936 3638 1140 3694 consuetudinis
1160 3639 1234 3694 idem
1258 3639 1401 3710 approbat,
1419 3638 1496 3711 quasi
1520 3639 1624 3695 diceret
1642 3637 1735 3706 :Quia

87 3727 218 3784 nondum
232 3732 322 3781 tamen
333 3741 418 3799 usgue
432 3726 469 3782 ad
483 3727 661 3798 sanguinem,
677 3725 705 3780 id
715 3726 887 3782 estnondnm
936 3725 964 3780 in
978 3725 1122 3797 disciplina
1136 3728 1366 3797 perseverandum
1389 3727 1468 3783 nobis
1485 3727 1528 3794 sit,
1546 3743 1596 3798 per
1614 3724 1735 3782 auctori·

89 3814 194 3873 effusus
208 3822 250 3870 est
263 3813 375 3887 sanguis
388 3820 490 3882 vester,
507 3813 617 3886 quodsi
636 3821 752 3885 oportet,
769 3829 818 3885 pro
833 3812 887 3868 fide
936 3822 1004 3870 tates
1018 3815 1134 3881 ostendi,
1151 3815 1251 3871 deinde
1274 3824 1336 3887 post
1351 3815 1505 3872 testimonia
1520 3815 1734 3887 scripturarum,

88 3903 246 3976 patiendum
260 3909 311 3958 est.
937 3904 1063 3958 humana
1090 3904 1294 3959 consuetudinis
1320 3904 1440 3960 rationes
1469 3903 1578 3970 induco,
1604 3903 1640 3959 ad
1663 3903 1737 3958 idem

124 3991 253 4048 Nondum
265 4007 353 4063 nsque
367 3991 402 4046 ad
416 3988 610 4046 effundendum
629 3989 791 4063 sanguinem
806 3989 888 4046 resti·
937 3989 1117 4061 probandum.
1133 3992 1190 4048 Nos
1205 3993 1318 4065 guidem
1332 3992 1476 4047 babuimus
1494 3996 1594 4064 patres
1606 4008 1660 4047 uon
1674 3991 1736 4046 ani·

89 4080 171 4149 tistis,
178 4086 323 4137 vostamen
333 4083 527 4152 repugnantes
535 4079 668 4136 aduersus
676 4077 889 4150 peecatum;ita
937 4094 1054 4147 marum,
1072 4080 1122 4135 sed
1136 4082 1233 4136 earnis
1248 4085 1354 4138 nostrae
1369 4100 1378 4137 .·
1394 4080 1493 4135 lineam
1510 4079 1581 4134 euim
1596 4079 1687 4135 carnis
1702 4080 1737 4136 ab

90 4169 187 4226 dicens
200 4167 229 4223 in
242 4168 329 4223 altero
352 4168 444 4223 laudat
457 4183 505 4224 eos
520 4167 584 4238 quia
606 4173 835 4239 repugnaverunt.
858 4167 889 4222 ln
938 4167 1005 4237 ipsis
1029 4167 1169 4234 traximus,
1195 4175 1222 4223 et
1243 4168 1318 4223 carni
1341 4175 1442 4224 nostrae
1455 4183 1472 4223 a
1487 4183 1569 4223 carne
1593 4176 1738 4238 parentum

91 4258 179 4314 altaro
200 4256 317 4312 ostendit
337 4256 427 4312 adbuc
449 4271 531 4326 posse
554 4256 715 4322 ascendere,
736 4253 840 4311 scilicet
855 4253 890 4309 ad
938 4254 1068 4311 derivatae
1082 4255 1156 4310 Deus
1170 4255 1289 4310 animam
1309 4256 1431 4312 contulit.
1455 4256 1511 4311 llos
1534 4262 1623 4311 autem
1647 4263 1741 4327 patres

91 4343 254 4400 effusionem
264 4344 416 4418 sanguinis.
435 4345 639 4415 Depugnantas,
656 4343 779 4416 inquam,
789 4343 890 4399 adver·
903 4351 930 4414 1)
941 4341 1091 4399 trebuimus
1103 4343 1268 4413 eruditores,
1286 4347 1314 4400 et
1328 4344 1535 4413 reverebamur,
1552 4345 1685 4401 honorem
1699 4343 1740 4402 eis

92 4421 142 4488 sus
154 4441 297 4504 peccatum
312 4448 346 4489 ne
361 4433 452 4489 locum
464 4432 577 4487 haberet
587 4432 615 4487 in
628 4431 717 4488 vobis.
732 4432 804 4486 Dum
819 4429 892 4486 enim
942 4430 1095 4487 exhibendo
1111 4430 1271 4486 timebamus
1292 4447 1347 4488 ees.
1363 4432 1491 4488 Revereri
1515 4432 1589 4488 enim
1611 4441 1663 4501 est,
1678 4447 1743 4489 cum

91 4521 185 4593 impiis
207 4520 362 4578 consentire
383 4520 507 4591 renuitis,
523 4528 617 4576 contra
639 4527 781 4591 peecatum
806 4518 892 4586 statis,
942 4518 1039 4575 timore
1054 4519 1186 4575 honorem
1201 4519 1370 4591 impendere.
1386 4520 1420 4576 Et
1434 4520 1458 4575 si
1471 4527 1564 4591 patres
1587 4522 1680 4578 carnis
1694 4537 1742 4578 re·

93 4609 195 4682 quibus
209 4609 233 4665 si
246 4608 446 4676 consentiretis,
460 4616 603 4680 peccatum
626 4608 718 4663 statim
732 4609 823 4665 locum
841 4609 892 4662 ba·
943 4607 1115 4675 verebamur,
1126 4623 1222 4664 nonne
1229 4610 1321 4666 malta
1329 4610 1418 4682 magis
1427 4608 1682 4683 obtemperabimus
1689 4612 1744 4667 Pa·
1819 4622 1821 4627 '

94 4699 174 4754 beret
183 4697 211 4753 in
221 4697 309 4754 vobis.
324 4697 509 4768 Repugnastis
523 4697 590 4752 olim
599 4696 893 4767 adversuspeccatnm,
945 4699 985 4753 tri
998 4697 1164 4770 spirituum,
1177 4696 1204 4751 id
1219 4706 1260 4753 est
1274 4698 1332 4753 Deo
1343 4698 1390 4770 qui
1404 4698 1449 4752 dat
1474 4699 1580 4754 animas
1589 4697 1671 4772 longe
1682 4714 1745 4755 cor·

94 4791 126 4844 et
139 4801 302 4858 nuncquare
311 4786 392 4842 obiiti
406 4786 474 4842 estis
489 4786 701 4851 consolationis,
714 4784 742 4839 id
750 4792 791 4840 est
799 4782 899 4840 divini·
944 4801 1011 4858 pore
1026 4785 1188 4858 digniores?
1202 4785 1246 4842 cui
1261 4786 1479 4857 obtemperantes
1493 4784 1657 4842 vivemusin
1676 4795 1743 4843 ειε-

95 4875 161 4932 ιειίε
181 4890 231 4931 vos
254 4875 282 4930 in
303 4873 477 4930 tribulatione
509 4873 700 4929 consolantis?
721 4890 783 4946 guae
805 4871 898 4929 divina
946 4890 1011 4929 nurn
1026 4874 1098 4944 qnod
1113 4881 1206 4944 patres
1221 4875 1313 4931 carnis
1328 4890 1380 4931 nec
1395 4874 1447 4930 sibi
1461 4890 1512 4930 nec
1526 4873 1605 4929 nobis
1619 4874 1746 4934 conterre

95 4962 250 5021 consolatio
266 4965 390 5036 loquitur
404 4962 485 5019 nobis
498 4977 554 5017 non
574 4965 711 5034 tanguam
726 4961 832 5028 alienis,
848 4960 899 5016 sed
948 4961 1073 5034 queunt?
1087 4962 1160 5017 Patri
1174 4962 1266 5035 utique
1281 4963 1424 5034 spirituum
1448 4962 1537 5034 magis
1552 4963 1746 5035 obtemperatu—
1795 4975 1800 4985 ·

95 5061 227 5124 unquam
249 5052 328 5122 giliis,
345 5066 414 5123 quos
437 5050 531 5107 fovere
553 5049 668 5106 intendit
689 5049 784 5106 dicens
801 5050 830 5104 in
844 5048 895 5105 Sa·
948 5051 1014 5106 dum
1028 5057 1070 5106 εει
1083 5051 1147 5122 quia
1160 5051 1207 5107 iili
1228 5052 1341 5124 guidem
1356 5058 1449 5122 patres
1470 5050 1560 5107 carnis
1576 5052 1748 5126 intempore

57 5160 61 5166 ·
95 5140 208 5197 losnone
220 5140 312 5210 (Prou.
329 5155 368 5208 111,
380 5139 408 5210 l)
421 5156 428 5194 :
440 5137 464 5194 0
476 5146 503 5195 tu
514 5139 557 5209 fili
570 5140 621 5206 mi,
632 5139 693 5195 nott
702 5138 843 5210 negligere
857 5137 900 5193 di·
948 5154 1105 5212 paucarum
1120 5139 1230 5195 dierum
1245 5139 1413 5196 erudiebant
1424 5155 1476 5196 nas
1486 5142 1642 5198 secundum
1651 5142 1750 5198 uolun-

97 5228 263 5300 ssipiinam,
275 5228 303 5282 id
317 5234 358 5283 est
371 5226 578 5298 persecutiones
594 5233 620 5281 et
634 5227 748 5283 verbera
763 5241 824 5297 quae
839 5231 902 5280 sunt
951 5232 1040 5284 tatem
1050 5226 1190 5295 suam,l1ic
1200 5229 1235 5283 ad
1243 5228 1513 5302 grammaticam,ille
1524 5229 1560 5284 ad
1570 5228 1695 5286 fabrilem
1706 5244 1751 5283 ar·

98 5315 256 5386 disciplina.
285 5317 315 5370 ln
343 5315 384 5370 his
409 5315 482 5372 enim
501 5316 584 5371 homo
604 5313 720 5370 addiscit
744 5320 845 5385 quanta
867 5311 903 5368 ait
951 5321 1015 5381 tem,
1031 5315 1191 5387 plerumque
1206 5316 1242 5372 ad
1262 5315 1376 5372 inutilia.
1393 5319 1441 5375 Hic
1456 5322 1553 5373 autem
1575 5318 1655 5374 Pater
1669 5315 1751 5385 spiri·

99 5404 236 5477 Dagilitas
260 5420 317 5471 sua,
334 5411 361 5461 et
378 5419 460 5477 quam
481 5411 578 5476 parum
602 5402 705 5460 viribus
726 5402 782 5457 suis
805 5399 900 5471 possit,
951 5405 1128 5470 taumatia
1143 5402 1214 5475 guod
1228 5418 1280 5475 pro
1296 5410 1369 5461 certe
1384 5407 1458 5464 utile
1474 5405 1690 5471 cunemannus
1704 5417 1754 5473 per
