3742 5986
114 145 149 201 75
395 143 424 200 S.
441 141 617 201 BRUNONIS
636 142 960 201 CARTHUSIANORUM
979 143 1221 201 INSTITUTORIS
1239 140 1316 200 OPP.
1337 140 1425 201 PARS
1443 143 1478 199 11.
1729 141 1764 196 76

112 269 186 325 diam
209 267 383 337 humilitatis,
405 285 440 324 ne
464 269 527 341 quia
542 277 635 340 raptus
661 276 719 324 erat
742 269 776 324 ad
802 268 946 330 tertiumA
961 276 988 324 ot
1003 269 1076 341 quod
1090 269 1153 326 inde
1172 269 1275 326 habent
1299 268 1345 325 alii
1365 267 1413 324 alii
1438 268 1473 325 ab
1489 283 1521 324 eo
1545 268 1666 334 habent,
1682 267 1722 323 sic
1737 275 1764 324 et

113 358 222 424 coelum,
247 367 272 414 et
292 358 415 413 andierat
439 375 500 429 quae
523 374 577 413 non
593 357 690 413 licebat
705 357 807 413 bomini
826 357 910 430 loqui,
963 357 1087 413 Christus
1109 359 1243 415 Dominus
1257 366 1298 413 est
1312 358 1340 413 in
1353 359 1404 413 hac
1419 357 1587 419 haereditate,
1604 365 1630 413 et
1650 358 1764 429 quicun-

113 447 267 520 superbiret
283 464 290 500 ε
307 447 356 502 sed
371 463 420 518 per
430 447 613 518 impellentem
629 446 812 518 fragilitatem,
828 447 913 517 pusil·
963 463 1016 519 que
1040 447 1143 520 aliquid
1176 447 1239 502 inde
1260 447 1370 514 habent,
1397 446 1431 501 ab
1446 462 1479 502 eo
1493 455 1520 502 et
1532 462 1584 517 per
1599 462 1661 502 curn
1677 453 1762 501 totum

112 536 293 592 lanimitatem
308 536 399 592 carnis
415 536 649 592 reminisceretur.
671 535 789 606 Spiritus
804 543 914 592 sanctus
961 536 1072 591 habent.
1102 535 1207 591 Dicitur
1241 535 1322 592 etiam
1355 535 1554 607 primogenitus
1577 543 1760 601 mortuorum,

111 640 222 696 sperare
249 624 389 691 nostran,
412 639 495 680 crare
510 640 561 679 nos
576 623 667 691 docet,
685 631 712 679 et
726 623 848 680 exaudiri
862 638 913 679 nos
962 624 1026 696 quia
1049 625 1154 696 primus
1176 625 1328 680 resurrexit
1342 640 1358 678 a
1382 624 1506 690 mortuis,
1522 625 1601 679 eliam
1618 624 1688 679 sicut
1701 639 1762 679 eum

114 713 186 770 iacit.
203 713 283 783 Quod
297 713 337 769 sie
366 713 423 768 ait:
447 713 564 784 Spiritus
578 713 730 785 postulat:
753 712 797 768 ille
816 716 913 768 autem
963 728 996 769 eo
1020 712 1241 784 incorruptibiles
1269 712 1453 768 resurrexisse
1476 712 1624 768 credantur
1651 711 1761 783 quidam

113 804 318 876 puiscrutatar
331 803 426 868 corda,
452 801 480 857 id
494 809 538 856 est
552 803 636 868 Deus,
658 801 719 867 seit,
735 801 762 856 id
778 809 819 857 est
834 815 912 857 com·
961 801 1058 859 saneti.
1087 801 1114 856 Si
1141 801 1186 873 qui
1211 810 1302 857 autem
1325 817 1375 872 per
1401 800 1535 856 Christum
1550 800 1672 856 suscitati
1688 808 1761 868 sunt,

110 892 208 964 pletet
227 891 360 963 approbat
384 891 455 965 quad
478 891 630 958 desiderat,
655 889 683 946 id
697 897 738 946 ast
752 889 912 946 desiderare
961 907 1015 946 non
1044 899 1219 946 surrexerunt
1252 906 1269 945 a
1293 890 1429 958 mortuis,
1454 889 1518 962 quia
1541 890 1639 972 iterum
1672 890 1760 945 mori-

111 995 161 1036 nos
176 980 239 1036 iaeit
262 981 387 1053 Spiritus
410 987 531 1035 sanctus.
557 979 613 1036 Scit
626 979 689 1035 ideo
714 979 780 1050 auia
793 977 911 1049 Spiritus
962 978 1024 1034 turi.

107 1071 236 1142 postulat
255 1069 409 1126 secundum
423 1069 520 1135 Deum,
536 1067 564 1122 id
578 1075 620 1123 est
634 1068 715 1123 docet
729 1081 780 1122 nos
795 1066 911 1137 Spiritus
996 1067 1151 1124 Necsolum
1164 1067 1312 1138 prescivit,
1330 1068 1379 1123 sed
1392 1085 1458 1140 quos
1466 1067 1694 1140 predestinavit,
1711 1066 1760 1122 hos

110 1158 249 1230 postulare
264 1157 337 1229 quod
351 1157 438 1212 Deum
460 1157 561 1212 bonurn
577 1165 618 1211 est
632 1155 794 1212 concedere.
812 1157 912 1212 Pastu-
961 1157 1048 1213 ctiam
1064 1157 1171 1213 vocavit
1185 1177 1194 1212 :
1210 1157 1435 1228 quia,postquam
1449 1156 1588 1227 inspiravit
1602 1171 1661 1223 eos,
1678 1171 1760 1212 voca·

112 1249 154 1304 lat
169 1247 230 1303 dico
256 1263 307 1320 pra
327 1248 445 1312 sanetis,
462 1245 489 1300 id
504 1253 546 1299 est
560 1244 604 1302 vel
617 1245 676 1300 vioe
691 1243 735 1299 vel
750 1259 832 1300 causa
848 1258 912 1297 san·
961 1252 1034 1299 tores
1057 1245 1179 1299 adhibuit
1206 1245 1319 1300 interius
1334 1245 1503 1316 praeparatis,
1521 1260 1635 1316 querum
1650 1245 1758 1300 vocatio

111 1346 227 1394 ctorurn.
256 1337 410 1392 Scrutatur
424 1333 459 1388 ab
475 1349 508 1388 ea
533 1332 708 1389 similitudine
730 1332 831 1388 dictum
857 1339 908 1399 est,
959 1330 1061 1387 frustra
1083 1341 1165 1398 esset,
1192 1333 1244 1388 nisi
1268 1333 1378 1404 spiritus
1399 1342 1560 1404 operaretur
1581 1331 1706 1387 interius.
1724 1335 1759 1388 st

108 1426 171 1500 quia
186 1422 414 1498 quemadmodum
430 1421 485 1486 ille,
502 1421 548 1493 qui
557 1421 641 1476 multe
652 1420 782 1476 scrutinio
797 1436 855 1475 rem
872 1419 911 1473 in·
959 1438 1025 1493 quos
1036 1423 1152 1487 vocavit,
1166 1423 1214 1478 bas
1231 1422 1506 1493 etiamjustificauit,
1519 1421 1682 1476 remittendo
1697 1437 1760 1491 pec·

109 1514 237 1586 vestigat,
252 1509 351 1566 melius
366 1526 425 1565 rem
439 1508 527 1580 ipsam
551 1510 702 1583 cognoscin
719 1510 757 1564 sic
771 1510 910 1564 Deusnen
958 1517 1030 1577 eata,
1052 1508 1219 1565 intendendo
1234 1511 1356 1583 gratiam.
1382 1511 1452 1578 Quos
1474 1510 1755 1580 autemjusttfieavit,

110 1601 182 1675 quod
191 1598 338 1656 scrutando
347 1597 462 1664 laboret,
476 1598 526 1652 sed
543 1597 621 1669 quasi
636 1604 770 1652 scrutator
784 1605 811 1651 et
825 1595 943 1688 longeB
957 1599 1118 1654 itlcsetiam
1127 1600 1319 1670 mapaificahit
1330 1599 1357 1653 in
1372 1599 1469 1665 tuturo,
1486 1599 1595 1670 quando
1609 1614 1759 1668 conregna-

110 1690 209 1748 melius
234 1687 341 1744 occulta
360 1686 483 1742 cordium
510 1687 594 1742 novit.
610 1687 671 1741 Non
688 1686 776 1740 solum
791 1685 906 1756 Spiritus
959 1687 1024 1741 bunt
1050 1704 1152 1743 secum.
1173 1688 1222 1743 Vel
1243 1686 1426 1758 magnificavit
1450 1688 1600 1742 seeundum
1615 1687 1756 1743 certitudi-

109 1795 187 1852 spem
198 1777 254 1846 dat,
271 1791 348 1832 orare
363 1774 491 1841 insinuat,
508 1773 632 1830 exaudiri
641 1773 712 1840 lacit,
729 1774 778 1829 sed
793 1782 819 1829 et
830 1790 906 1846 qrrae-
955 1792 1017 1832 nem
1033 1775 1130 1832 iuturae
1147 1776 1184 1832 rei
1208 1776 1282 1842 dicit,
1299 1785 1325 1831 et
1347 1777 1496 1832 secundum
1519 1776 1651 1848 quosdan,
1675 1775 1754 1833 50

108 1882 216 1939 cunque
239 1880 369 1937 prospera
393 1864 437 1919 rel
467 1863 584 1918 adversa
606 1863 766 1936 contingant
791 1863 903 1928 sanctis,
955 1865 1001 1936 qui
1008 1865 1065 1934 jam
1075 1881 1136 1921 cum
1147 1867 1204 1920 Deo
1214 1872 1341 1938 regnant,
1360 1873 1489 1936 quantum
1499 1866 1534 1921 ad
1545 1865 1657 1920 animas.
1666 1863 1756 1934 Quan-

108 1956 200 2013 omnia
224 1954 286 2009 facit
301 1953 346 2008 ille
358 1967 420 2008 esse
430 1951 463 2006 ad
476 1952 588 2008 bouum.
600 1951 702 2006 Littera
717 1951 756 2006 sic
763 1951 903 2023 jungitur:
954 1953 1101 2024 doquidem
1129 1955 1203 2008 Deus
1226 1954 1327 2009 eleetos
1343 1969 1407 2008 suos
1421 1954 1567 2025 prescivit,
1584 1954 1753 2024 praeparavit,

110 2045 194 2101 Orare
209 2044 284 2100 sicut
293 2044 403 2113 oportet
414 2056 464 2110 per
474 2041 683 2106 nosaesciraus,
696 2040 749 2095 hoc
758 2047 847 2094 autern
857 2055 906 2109 per
951 2039 1115 2111 justificavit,
1137 2049 1163 2097 et
1184 2043 1219 2097 ad
1237 2043 1361 2097 ultimum
1386 2041 1577 2114 magnificabit,
1603 2059 1665 2112 erpa
1687 2043 1755 2114 quid

109 2133 238 2205 Spiritum
261 2138 385 2185 sanctum
407 2130 521 2197 scimus,
547 2130 680 2201 quoniam
700 2128 773 2182 idem
790 2128 905 2198 Spiritus
955 2129 1080 2186 dicemus
1095 2130 1131 2185 ad
1149 2132 1230 2187 beet
1251 2133 1334 2187 Estne
1342 2131 1443 2204 aliquid
1457 2131 1529 2204 quod
1545 2131 1679 2187 contraire
1689 2145 1754 2202 pos·

107 2224 275 2294 cooperatur
285 2218 391 2284 omnia,
411 2232 460 2272 seu
471 2231 668 2288 prosperasse
679 2216 805 2281 adversm
815 2216 846 2271 ia
856 2217 903 2273 ba·
954 2217 988 2272 sit
1003 2219 1065 2274 huic
1081 2219 1179 2275 divinae
1194 2219 1389 2290 dispositioni?
1403 2221 1504 2276 Contra
1518 2221 1570 2276 hoc
1583 2220 1675 2291 utique
1687 2219 1754 2274 nihil

105 2326 185 2375 aum,
202 2308 230 2363 id
244 2307 334 2363 estad
349 2305 490 2361 utilitatem
506 2312 671 2360 sanctorum.
683 2304 836 2360 Velonmia
846 2320 904 2360 cao·
952 2315 1043 2377 polest
1058 2307 1123 2375 dici,
1134 2308 1198 2380 quia
1212 2309 1286 2364 Deus
1301 2318 1342 2364 est
1355 2325 1406 2380 pro
1429 2309 1519 2378 nobis,
1531 2317 1558 2364 et
1571 2311 1597 2364 si
1612 2311 1685 2365 Deus
1702 2325 1753 2382 pro

104 2401 272 2473 peccatura
289 2393 391 2466 Spiritu
406 2401 500 2449 sancta
515 2395 547 2449 in
562 2394 675 2459 bouum,
691 2399 719 2447 ιιι
734 2392 844 2463 passive
858 2393 903 2446 di·
953 2396 1116 2470 dehtapeta
1132 2405 1291 2467 potestesse
1302 2402 1401 2453 cantra
1412 2414 1463 2454 reas
1480 2396 1567 2466 tQuis
1578 2404 1667 2469 potest
1677 2413 1753 2453 ever-

105 2501 215 2552 camus;
231 2482 274 2539 vel
287 2483 317 2538 iu
340 2482 428 2538 activo
454 2498 536 2536 sensu
551 2483 648 2537 oruata
671 2485 861 2552 cooperantur
872 2482 904 2536 ia
953 2491 1018 2550 tere,
1036 2501 1070 2539 ne
1085 2484 1242 2556 perficiatur
1253 2487 1324 2558 qued
1339 2487 1413 2541 Deus
1428 2487 1462 2541 de
1486 2486 1564 2542 nobis
1580 2486 1752 2556 preordina-

107 2575 220 2639 lroaura,
237 2580 264 2628 et
286 2571 384 2627 itemm
404 2587 455 2641 per
469 2569 600 2640 Spiritum
614 2578 748 2625 sanctum.
764 2569 904 2625 Sententia
952 2573 999 2627 vit.
1016 2573 1087 2628 Vere
1102 2575 1175 2629 Deus
1190 2583 1231 2630 est
1253 2574 1405 2646 pronubis.
1421 2575 1489 2629 Nam
1504 2574 1563 2646 ipse
1579 2584 1620 2631 cst
1635 2577 1684 2648 qui
1693 2592 1752 2631 aaa

102 2678 158 2719 non
173 2668 302 2726 mutatur,
327 2662 516 2731 cooperantur
530 2658 591 2713 dico
608 2657 788 2728 dilipcatibus
802 2659 900 2723 Deum,
950 2658 1077 2729 pepercit
1088 2659 1176 2713 eliam
1192 2660 1262 2714 Filia
1277 2676 1336 2726 suo,
1348 2659 1396 2716 sed
1414 2660 1543 2728 tradidit,
1554 2659 1581 2713 id
1597 2668 1638 2715 est
1653 2659 1743 2730 dispo·

105 2767 157 2808 nee
173 2749 315 2824 quintode
335 2749 460 2820 diligant,
484 2747 566 2802 modo
579 2746 719 2817 peccando
734 2746 837 2812 odiant,
854 2746 902 2800 sed
952 2746 1004 2800 suit
1017 2745 1094 2801 illum
1109 2747 1270 2802 tradendum
1285 2747 1320 2802 ad
1330 2756 1446 2803 mortem
1456 2765 1506 2821 pra
1521 2748 1750 2804 amaibuselectis

107 2841 160 2909 bis,
176 2839 203 2894 id
219 2848 260 2895 est
275 2835 429 2906 hujusmodi
443 2836 681 2907 diliperrtibusqai
708 2835 796 2890 alteo
811 2836 903 2891 uocati
952 2834 1018 2890 suis.
1044 2836 1078 2891 Et
1102 2851 1164 2892 aum
1190 2853 1248 2891 rem
1278 2843 1333 2891 tam
1348 2836 1486 2893 difficilem
1500 2836 1603 2904 lecerit,
1622 2837 1692 2893 sicut
1707 2847 1749 2893 est

105 2932 185 2994 ruah
205 2927 241 2983 ad
255 2927 307 2982 boc
317 2932 346 2980 ut
367 2925 420 2979 siut
430 2925 540 2980 sancti:
553 2931 580 2978 et
594 2923 727 2994 quianon
742 2938 839 2978 omnes
849 2938 900 2978 vo·
950 2923 1048 2978 Filium
1061 2940 1120 2994 prae
1134 2924 1260 2980 omnibus
1275 2923 1337 2979 filiis
1349 2927 1461 2981 charum
1477 2926 1587 2981 tradere
1601 2927 1682 2981 morti
1698 2942 1747 2997 pro

103 3017 156 3074 cati
170 3015 260 3080 electi,
277 3013 400 3085 adjungit
416 3028 422 3068 :
917 2983 1038 3080 Gnobis,
1055 3013 1198 3084 quomado,
1215 3012 1243 3067 id
1258 3021 1299 3069 est
1313 3029 1368 3085 qua
1382 3014 1487 3070 ratione
1496 3030 1553 3070 aaa
1563 3016 1651 3070 etiam
1662 3015 1750 3071 doua-

139 3099 830 3173 Vccatidicosccandumpraporiturupraescientiae
839 3099 898 3164 Dei,
950 3100 991 3154 bit
1010 3101 1088 3156 nabis
1112 3102 1286 3173 omniaque
1308 3110 1421 3169 restant,
1447 3118 1509 3157 eum
1521 3104 1567 3158 illo
1583 3104 1651 3159 Filio
1666 3120 1749 3174 quem

106 3211 167 3268 quae
181 3193 256 3249 nullo
270 3192 353 3247 modo
376 3197 465 3261 potest
482 3188 630 3244 immutari.
657 3190 725 3244 Vere
749 3188 899 3244 secundum
949 3186 1032 3261 longe
1053 3188 1207 3244 chariorem
1228 3189 1302 3245 omni
1326 3206 1356 3245 re
1381 3191 1484 3252 habuit.
1509 3208 1590 3263 quem
1616 3192 1697 3247 nobis
1721 3192 1749 3246 in

103 3281 271 3355 propositum
287 3279 375 3336 vocati
390 3286 461 3346 sunt,
478 3286 504 3332 et
514 3277 604 3334 omnia
619 3286 799 3349 cooperantur
810 3276 862 3331 illis
872 3276 900 3331 in
950 3276 1063 3333 articulo
1087 3278 1181 3333 mortis
1203 3278 1302 3334 dedit?
1324 3280 1386 3334 Non
1410 3287 1451 3335 est
1465 3281 1641 3347 credendum,
1658 3280 1748 3352 utqui

102 3373 215 3429 bonum.
232 3371 301 3427 Nam
316 3369 390 3426 Deus
403 3365 539 3437 prescivit
546 3382 594 3421 eos
610 3365 645 3420 ab
659 3373 761 3421 eterno
771 3365 823 3420 sibi
837 3364 899 3420 ide·
951 3363 1046 3418 Filium
1062 3364 1147 3432 dedit,
1164 3382 1224 3437 quse
1238 3365 1345 3422 minora
1358 3375 1420 3422 sunt
1434 3368 1501 3423 Filio
1512 3368 1590 3423 nobis
1598 3376 1748 3441 negaturus

103 3477 170 3518 neos
198 3467 225 3515 et
251 3457 383 3514 electione
413 3455 521 3525 dignos.
552 3455 585 3509 Et
613 3455 680 3526 puta
704 3454 847 3526 prescivit
865 3453 900 3508 ab
951 3452 995 3507 sit.
1011 3454 1045 3507 Et
1060 3454 1280 3527 quandoquidem
1295 3456 1370 3510 Deus
1385 3471 1435 3510 nos
1450 3456 1520 3512 adeo
1536 3456 1641 3522 dilexit,
1658 3464 1686 3510 ut
1701 3457 1748 3511 Fi-

101 3558 215 3615 aeterno,
231 3545 445 3621 pradestinavit
455 3544 542 3598 ctiam
562 3558 617 3610 cas,
639 3541 666 3596 id
682 3549 723 3596 est
737 3541 901 3612 preparavit
950 3539 1017 3595 lium
1027 3542 1146 3598 traderet
1152 3558 1204 3614 pra
1216 3544 1304 3612 nabis,
1315 3544 1376 3614 quis
1388 3544 1446 3612 jnm
1457 3544 1603 3599 accusabit
1614 3544 1750 3602 adversus

103 3640 276 3708 intempore
299 3647 433 3704 congruo.
458 3632 523 3686 Haec
545 3629 708 3701 preparatio
729 3629 778 3684 luit
798 3629 899 3685 oblatio
950 3644 1000 3684 nos
1025 3631 1128 3686 clectos
1153 3632 1228 3687 Dei?
1247 3632 1381 3686 Accusare
1405 3639 1446 3686 est
1469 3631 1602 3687 adversus
1617 3632 1747 3691 electum.

103 3726 209 3801 gratiae,
228 3733 255 3780 et
276 3723 380 3778 interna
404 3718 544 3790 aspiratio.
575 3719 731 3785 Praecinit,
752 3717 847 3789 inquit,
872 3722 900 3774 ct
950 3717 1088 3789 quomodo
1125 3717 1297 3773 subvertatur
1331 3718 1486 3791 disponere,
1516 3720 1748 3792 quemadmodum

102 3809 568 3889 pradestinavitfiericonsarmcs,
581 3806 661 3862 idest
676 3806 827 3862 imitatores
835 3807 901 3860 ima·
950 3805 1031 3860 Satan
1046 3805 1142 3861 videns
1155 3806 1207 3861 Job
1222 3807 1248 3861 in
1270 3807 1387 3863 terrenis
1403 3809 1553 3875 abundare,
1570 3809 1634 3882 quia
1662 3810 1689 3864 in
1705 3812 1749 3866 his

104 3902 186 3976 ginis,
201 3900 229 3955 id
244 3907 285 3955 est
305 3895 429 3970 puritatis
442 3895 498 3968 filii
512 3895 593 3966 ejus:
611 3894 674 3966 quia
688 3895 715 3949 in
730 3895 783 3950 hoc
797 3895 899 3950 mundo
949 3893 1053 3964 putavit
1067 3894 1118 3950 tob
1147 3902 1237 3950 mente
1257 3896 1384 3962 detineri,
1400 3899 1583 3969 pertractabat
1605 3898 1678 3970 quod
1701 3916 1747 3955 res

101 4008 152 4064 per
166 3989 311 4061 puritatem
327 3985 413 4041 solam
429 3983 528 4038 imitari
550 3983 613 4038 lieet
628 3983 724 4037 Filium
739 3983 801 4049 Dei,
817 3999 899 4055 quem
949 3983 1009 4051 ejus
1023 3982 1194 4038 demoliendo
1209 3983 1342 4053 justitiam
1358 3986 1417 4054 ejus
1431 4003 1480 4057 per
1505 3986 1700 4058 impatientiam
1714 3989 1748 4045 de

103 4081 131 4136 in
145 4078 237 4136 tuturo
251 4092 300 4148 per
314 4075 440 4143 maiorem
459 4072 602 4143 puritatem
624 4081 651 4127 et
664 4071 899 4127 invariabilitatem
949 4070 1146 4126 damnaremm
1156 4072 1487 4130 venientemdestrueret:
1504 4076 1553 4131 sed
1571 4076 1634 4148 quia
1645 4077 1747 4133 electus

104 4168 279 4225 imitabuntur
302 4162 398 4219 sancti.
422 4162 481 4217 Hoc
501 4169 589 4215 autem
615 4160 649 4216 de
673 4160 764 4215 divina
780 4160 899 4215 essentia
949 4166 1006 4214 erat
1019 4159 1080 4227 Job,
1097 4160 1179 4215 Satan
1193 4175 1247 4216 nou
1265 4161 1363 4233 potuit.
1379 4162 1544 4234 Aprincipio
1557 4165 1628 4219 enim
1644 4181 1676 4220 ex
1692 4182 1746 4237 quo

102 4258 163 4314 Filii
177 4256 303 4322 dicimus,
316 4252 378 4324 quia
388 4250 411 4306 si
426 4266 474 4320 per
488 4248 649 4305 hocFilium
659 4249 763 4304 aPatre
773 4248 899 4305 videmur
949 4246 1031 4302 dixit:
1048 4252 1146 4303 Ponam
1163 4250 1257 4305 sedern
1272 4267 1361 4306 meam
1376 4251 1409 4306 ad
1425 4252 1580 4323 aquilonem
1598 4253 1664 4322 (lea.
1685 4271 1745 4318 xiv,

103 4343 299 4408 diversificare,
316 4340 380 4413 quia
403 4338 520 4395 dicimus
535 4337 681 4409 imaginem
696 4336 764 4405 Filii,
782 4334 936 4407 respon-D
953 4336 1007 4405 13),
1024 4352 1132 4408 semper
1146 4337 1276 4393 laboravit
1297 4339 1436 4395 destruere
1460 4357 1577 4414 regnum
1592 4342 1701 4409 Christi,
1719 4343 1746 4397 in

103 4435 199 4491 demus
228 4431 301 4504 quod
316 4429 344 4483 iu
359 4427 508 4483 substantia
523 4425 631 4496 quidem
647 4440 697 4495 per
710 4424 803 4479 omnia
825 4424 900 4480 idern
949 4440 1002 4495 quo
1016 4425 1106 4482 adhuc
1119 4427 1190 4482 male
1203 4436 1376 4498 perseverat.
1389 4428 1518 4484 Diabolus
1534 4429 1591 4486 vult
1605 4446 1744 4500 accusare,

102 4530 176 4589 sunt,
200 4521 251 4576 sed
271 4519 298 4574 in
321 4515 444 4589 personis
465 4521 506 4570 est
529 4513 657 4569 varietas.
683 4512 758 4567 Elin
773 4528 806 4568 eo
826 4513 899 4584 quod
949 4512 1069 4568 sednon
1090 4521 1188 4584 potest,
1214 4517 1287 4571 Deus
1311 4524 1400 4572 nartem
1414 4525 1515 4589 potest,
1532 4519 1580 4574 sed
1596 4535 1649 4575 non
1664 4521 1745 4575 vult:

103 4613 181 4668 Pater
211 4608 270 4663 siue
291 4604 434 4678 principio,
462 4618 516 4658 non
539 4601 572 4655 ab
587 4601 641 4656 alio
658 4616 664 4654 ε
682 4599 765 4655 Filius
778 4608 899 4656 autema
948 4601 1162 4658 Deusenimest
1183 4605 1232 4675 qui
1248 4605 1405 4675 justificat.
1437 4607 1509 4675 Quis¹
1525 4612 1568 4663 est
1593 4608 1674 4663 eliam
1697 4626 1746 4682 qus

101 4702 181 4756 Patre
195 4695 359 4771 principium
373 4692 464 4757 habet,
481 4690 544 4746 licet
554 4705 663 4760 semper
677 4687 758 4743 luerit
772 4704 834 4744 eum
844 4688 898 4744 Pa·
949 4689 1229 4749 remunerabatur
1245 4692 1315 4749 Dei?
1338 4693 1420 4749 Satan
1436 4695 1546 4767 quidem
1561 4697 1744 4755 condemnare

102 4797 154 4853 tre,
171 4795 197 4843 et
211 4787 250 4841 sic
264 4784 298 4839 ab
313 4782 376 4837 alio.
393 4780 421 4835 Si
436 4787 524 4834 autem
541 4777 689 4833 seeundum
704 4776 899 4832 humanitatem
948 4776 1014 4845 vult,
1027 4778 1076 4833 sed
1086 4788 1252 4850 nonpotest;
1264 4781 1387 4837 Christus
1398 4783 1507 4855 quidem
1517 4793 1620 4855 posset,
1632 4787 1745 4842 sednon

102 4877 137 4932 de
152 4874 259 4931 Christo
272 4870 317 4926 hic
331 4868 449 4940 agimus,
475 4881 594 4936 ertngrue
616 4864 758 4936 sequentia
779 4880 898 4921 censen·
948 4866 1022 4922 vult:
1039 4867 1110 4939 quod
1125 4884 1197 4924 exeo
1210 4869 1301 4940 palam
1316 4880 1367 4937 est,
1385 4873 1456 4943 quod
1465 4873 1593 4931 Christus
1602 4877 1682 4932 tetus
1691 4885 1743 4943 est,

102 4963 180 5028 tiuot,
195 4958 414 5034 quaeseeundum
425 4970 533 5012 earnem
548 4953 582 5009 de
607 4953 898 5010 Christosolummode
948 4957 996 5027 aui
1014 4959 1200 5013 mortuuscst
1221 4974 1272 5030 pra
1294 4960 1385 5016 nobis.
1414 4961 1472 5018 Nec
1490 4963 1543 5018 hoc
1566 4962 1664 5030 solum,
1686 4967 1743 5022 ima

102 5058 197 5124 agunt,
214 5058 238 5104 el
253 5048 376 5104 dicemus
394 5060 400 5099 :
425 5045 515 5100 Simus
539 5040 694 5099 conformes
708 5041 836 5116 imaginis
852 5040 898 5097 lilii
948 5043 995 5116 qui
1005 5044 1093 5098 ctiam
1103 5049 1282 5114 resurrexit,
1299 5055 1363 5102 utet
1375 5064 1426 5104 nos
1436 5066 1580 5124 resurgere
1592 5052 1679 5119 faciae
1694 5056 1744 5125 qui

102 5142 171 5212 ejus,
187 5145 215 5194 ut
229 5135 366 5208 quomodo
385 5133 413 5187 in
427 5131 542 5187 novitate
562 5129 670 5201 spiritus
684 5130 841 5197 ambulavit,
859 5130 899 5187 sic
947 5129 1029 5187 etiam
1044 5134 1087 5186 ert
1102 5132 1138 5187 ad
1151 5134 1301 5191 dexteram
1316 5138 1376 5205 Dei,
1388 5137 1433 5193 ubi
1449 5147 1475 5194 et
1490 5156 1541 5195 nos
1557 5157 1647 5197 secum
1662 5143 1746 5199 collo·

103 5241 131 5290 et
144 5244 195 5286 nos
214 5223 394 5281 ambulemus.
410 5222 451 5275 lta
472 5228 563 5274 tamen
577 5217 733 5273 ertnlormes
748 5219 897 5274 secuudum
947 5218 1020 5274 cabit
1036 5237 1043 5275 :
1060 5221 1107 5293 qui
1123 5222 1210 5278 etiam
1234 5224 1402 5297 interpellat
1428 5243 1478 5299 pra
1493 5231 1582 5295 nolis,
1598 5230 1644 5284 ubi
1659 5240 1700 5286 est
1715 5232 1744 5288 in

101 5330 244 5388 utramque
259 5309 421 5368 sententiam
438 5322 443 5362 :
460 5311 493 5363 ut
507 5305 660 5378 ipreFilius
674 5307 711 5362 sit
724 5307 898 5378 primapeai·
947 5307 1058 5363 dextera
1080 5308 1178 5379 Patris,
1207 5311 1253 5383 qui
1275 5313 1334 5368 haec
1357 5315 1449 5370 omnia
1470 5332 1520 5387 pro
1547 5318 1626 5373 nobis
1639 5319 1702 5376 lecit
1717 5329 1744 5376 et

103 5415 149 5465 tus
172 5409 205 5463 ia
226 5402 327 5459 multis
351 5397 498 5470 frutribus,
511 5403 540 5449 ut
550 5394 778 5467 quemadmodum
792 5393 897 5465 primo·
946 5388 1011 5451 lacit
1027 5410 1033 5450 :
1050 5398 1217 5454 credendum
1233 5402 1361 5473 estquod
1381 5419 1432 5458 nos
1446 5405 1609 5462 condemnet
1623 5409 1637 5463 t
1652 5410 1743 5464 lnter-

103 5494 212 5585 genitus
226 5491 310 5548 Filius
338 5484 470 5544 Dominus
498 5490 540 5539 est
569 5491 691 5554 paternas
718 5481 895 5552 hereditatis,
945 5483 1046 5556 pellere
1059 5485 1159 5544 dicitur
1173 5487 1305 5557 Christus,
1321 5505 1377 5549 non
1399 5491 1472 5564 qued
1485 5509 1553 5552 voce
1567 5495 1675 5565 clamet,
1694 5499 1744 5555 sed
