3742 5986
151 158 201 214 aar
416 154 446 211 ε.
468 152 648 217 aauuorus
669 112 995 213 cmhuusrtuoauu
1015 154 1258 214 manumortis
1275 157 1355 215 ora.
1378 157 1468 216 raas
1490 158 1525 216 u.
1745 164 1800 221 aas

150 278 200 335 sed
217 292 279 336 cum
293 277 386 335 ltomae
401 284 474 334 esset
487 275 516 332 in
529 276 654 343 vinculis,
669 285 781 349 propter
795 276 947 333 absentiam
959 279 984 339 Δ
997 277 1081 334 modo
1096 285 1125 333 ut
1139 279 1273 349 approbet
1283 294 1330 336 eos
1339 279 1558 351 persecutionem
1568 280 1684 338 libenter
1693 281 1796 340 debera

152 374 179 422 et
197 365 400 422 tribulationem
424 364 551 437 pastoris,
575 364 798 420 existimaverunt
822 381 949 436 persecu·
999 365 1054 438 pati
1067 380 1117 437 pro
1132 364 1185 422 fide
1201 366 1311 433 Christi,
1328 367 1395 423 Cum
1411 369 1571 440 Apostolum
1582 387 1660 426 suum
1674 372 1796 444 gauden-

153 462 228 511 tores
238 454 349 523 iustitie
362 461 389 510 ει
403 452 509 524 pseudo
522 453 649 523 apostoli,
665 453 859 524 depravatores
873 452 949 509 veri·
999 462 1054 509 tem
1068 453 1177 508 audiant
1189 454 1217 509 in
1245 455 1369 521 sinordis,
1388 456 1435 527 qui
1449 456 1550 530 dignus
1574 458 1683 514 habitus
1696 459 1731 515 ait
1746 476 1797 530 pro

152 542 225 610 tatis,
240 541 293 596 sibi
318 541 409 597 datam
433 556 498 596 esse
520 540 747 611 opportunitatem
769 540 951 613 aggrediendi
998 540 1110 596 nomine
1124 543 1189 597 lesu
1217 543 1406 599 coutumeliam
1421 543 1475 615 pati
1490 563 1497 611 ;
1514 560 1575 600 cum
1605 547 1687 601 etiam
1711 546 1800 604 sciant

152 645 222 700 quos
237 628 336 685 Paulus
355 628 518 683 instruxerat
540 627 741 698 Philippenses,
757 635 786 682 ut
801 635 826 682 et
843 627 950 684 facilius
998 630 1093 684 Jesum
1108 643 1158 700 pro
1183 629 1269 685 salute
1285 646 1381 686 eorum
1395 646 1514 701 passum.
1531 632 1568 687 lis
1583 641 1609 688 et
1624 634 1685 689 aliis
1707 634 1798 690 causis

152 717 282 773 cederent
295 715 490 788 persecutioni,
515 722 628 786 propter
649 714 821 771 afflictionem
836 724 861 770 et
884 731 950 772 con-
999 716 1155 786 patientiam
1179 732 1241 774 cum
1264 718 1414 774 bumilitate
1439 721 1612 776 commendat
1630 721 1680 776 eis.
1697 723 1797 778 lterum

152 811 284 874 temptum
312 803 449 876 magistri,
477 809 546 858 etat
568 802 673 873 pseudo
692 803 870 875 opportunius
884 819 950 874 per·
999 803 1150 861 doctrinam
1165 820 1259 861 eorum
1273 807 1378 877 pseudo
1391 806 1446 862 illis
1464 807 1535 863 adeo
1558 808 1688 881 deprimit
1702 817 1731 865 ut
1750 826 1798 866 vo-

152 900 291 948 vertcrent
305 890 386 946 iidem
401 906 505 958 eorum,
530 889 643 945 absente
667 890 752 946 Paulo
782 891 828 963 qui
845 891 949 948 contir-
998 898 1260 959 ceteamstercora‚
1277 894 1416 949 etmultas
1431 895 1624 962 detrationes,
1644 912 1728 969 quare
1742 912 1798 953 non

152 986 239 1036 maret
254 994 313 1035 eos.
330 977 418 1047 Quam
433 985 577 1049 utramque
591 994 712 1051 pugnam
726 977 841 1050 (scilicet
855 996 948 1050 perse·
999 978 1053 1033 sint
1067 979 1206 1036 audiendi.
1221 981 1299 1037 Elin
1314 983 1385 1038 huuc
1399 982 1509 1038 modum
1518 999 1603 1053 agens
1613 984 1648 1039 de
1661 985 1713 1041 hac
1726 993 1798 1041 utra·
1861 1024 1862 1027 ,

153 1075 277 1124 catorum
303 1074 330 1122 et
358 1066 618 1136 pseudodoctorum)
651 1066 752 1121 Paulus
780 1066 946 1140 intelligens,
999 1082 1052 1138 que
1080 1082 1183 1138 pugna,
1210 1069 1326 1125 intendit
1341 1085 1389 1126 eos
1404 1086 1510 1128 armare
1537 1071 1565 1126 in
1578 1072 1631 1129 hoc
1656 1072 1728 1129 bello
1747 1089 1798 1144 per

154 1154 265 1226 scripsit
277 1153 317 1208 eis
331 1153 403 1209 hanc
418 1152 579 1224 Epistolam,
595 1153 623 1208 in
647 1167 703 1224 qua
715 1152 771 1225 agit
785 1153 820 1209 de
835 1154 881 1209 illa
895 1155 947 1210 du·
999 1154 1068 1209 hanc
1082 1155 1244 1225 Epistolam,
1260 1173 1295 1213 ne
1310 1158 1354 1214 vel
1368 1159 1467 1215 cedant
1476 1159 1669 1230 persecutioni,
1680 1159 1724 1217 vel
1733 1175 1800 1218 cou-

153 1238 218 1310 plici
233 1253 326 1310 pugna
354 1244 559 1308 persecutorum
588 1244 615 1292 et
636 1237 895 1307 pseudodoctorum,
914 1255 948 1296 eo
999 1241 1115 1297 sentiant
1131 1244 1227 1300 errori.

154 1417 1787 1446 —--———-—·———-———————n—

519 1586 821 1684 EPISTOLA
848 1587 930 1684 Ao
963 1590 1423 1698 PHILIPPENSES.

341 1837 461 1895 255
482 1837 595 1894 CAPUT
613 1834 760 1892 PRIMUM·
961 1814 988 1875 Β
1001 1833 1013 1863 ι
1026 1812 1083 1868 εἰιε
1097 1830 1148 1885 per
1162 1814 1245 1871 vitam
1259 1815 1317 1872 sive
1330 1833 1381 1889 per
1393 1826 1519 1875 mortem.
1540 1818 1605 1875 ldihi
1620 1818 1692 1876 auhn
1704 1819 1798 1877 vivere

613 1911 619 1919 ·
1003 1900 1158 1958 «Christus
1174 1911 1224 1971 est,
1241 1912 1267 1960 ει
1280 1905 1349 1960 mori
1364 1905 1480 1963 lucrum.
1511 1906 1592 1976 Quod
1615 1907 1638 1962 si
1661 1908 1756 1965 rivere
1770 1910 1798 1964 in

192 2021 204 2046 ιι
220 1998 322 2054 Ρειιιιιε
336 2004 363 2053 ει
378 1997 546 2063 Timotheus,
562 1994 633 2051 servi
647 1996 712 2050 lesu
726 1993 836 2059 Christi,
857 1992 948 2049 omni·
1002 2010 1014 2040 ιι
1032 2003 1123 2056 carne,
1139 1991 1184 2047 hic
1198 1993 1265 2046 mihi
1279 1991 1381 2050 imctus
1404 1994 1495 2066 operis
1510 2004 1561 2062 εει,
1577 2002 1602 2051 ει
1618 1995 1682 2068 quid
1698 1996 1797 2070 eligam

155 2086 235 2141 abus
250 2085 352 2143 sanctis
366 2086 394 2140 in
419 2084 526 2140 Christo
552 2085 628 2152 Jesu,
658 2081 704 2153 qui
728 2088 790 2136 sunt
817 2080 949 2153 Philippis
1002 2077 1141 2149 «ignoro.
1168 2080 1300 2136 Coarctor
1326 2089 1416 2137 autem
1444 2098 1459 2137 e
1483 2083 1590 2138 duobus
1605 2098 1612 2136 τ
1628 2083 1797 2139 desiderium

155 2195 167 2225 ι
183 2189 246 2231 cum
260 2172 399 2244 episcopis
413 2179 439 2227 et
453 2170 623 2226 diaconibus.
640 2168 735 2225 Gratia
753 2167 831 2224 vobis
847 2176 873 2223 ει
896 2184 949 2240 pax
1001 2189 1012 2212 ιι
1031 2166 1134 2222 habens
1149 2166 1272 2239 dissolvi,
1288 2177 1316 2225 ει
1330 2186 1391 2226 εεεε
1405 2186 1467 2227 cum
1477 2170 1595 2237 Christo,
1612 2171 1697 2228 multo
1709 2172 1797 2246 magis

156 2284 167 2309 ι
185 2263 275 2317 aDeo
290 2262 368 2315 Patre
379 2266 483 2327 nostro,
500 2265 527 2314 et
541 2256 658 2313 Domino
669 2254 736 2312 lesu
751 2256 869 2312 Christo.
882 2255 950 2312 Gra·
1002 2274 1014 2304 r
1030 2254 1128 2310 melius
1144 2274 1151 2322 ;
1169 2272 1328 2326 permanere
1346 2266 1437 2314 autem
1457 2259 1485 2313 in
1499 2274 1591 2327 carne,
1607 2260 1795 2316 necessarium

156 2369 168 2401 r
185 2348 238 2404 tias
253 2364 306 2421 ago
322 2349 380 2405 Deo
394 2362 456 2403 meo
470 2346 498 2400 in
512 2345 586 2402 omni
597 2345 727 2401 memoria
735 2345 830 2412 vestri,
842 2360 950 2416 semper
1003 2360 1014 2394 r
1031 2351 1075 2397 est
1089 2351 1198 2415 propter
1211 2360 1271 2401 vos.
1294 2347 1327 2401 Et
1351 2347 1404 2402 hoc
1431 2346 1572 2403 conlidens
1588 2347 1645 2404 scio
1659 2347 1721 2420 quia
1736 2364 1796 2403 ma-

156 2436 212 2492 ‹in
227 2436 332 2500 cunctis
346 2434 514 2492 orationibus
543 2433 611 2488 meis
632 2449 682 2505 pro
706 2433 831 2488 omnibus
860 2432 948 2499 vobis,
1003 2430 1102 2486 unebo
1117 2439 1144 2486 et
1158 2433 1326 2502 permanebo
1350 2435 1476 2490 omnibus
1500 2435 1578 2491 vobis
1592 2435 1625 2489 ad
1644 2434 1796 2506 perfectum

156 2548 167 2573 ιι
185 2540 247 2582 cum
260 2524 362 2597 gaudio
377 2523 598 2595 deprecationem
626 2521 739 2585 iaciens,
765 2536 848 2591 super
876 2535 947 2576 com·
1002 2526 1160 2589 «vestrum,
1185 2528 1211 2575 et
1226 2521 1355 2593 gaudium
1376 2521 1448 2584 fidei.
1478 2530 1507 2578 ut
1534 2522 1679 2597 gratulatio
1705 2531 1797 2579 vestra

157 2633 169 2663 ι
186 2612 369 2670 manicatione
383 2618 475 2667 vestra
489 2610 517 2664 in
532 2609 682 2680 Evangelio
706 2608 805 2663 Christi
820 2623 836 2663 a
863 2608 950 2678 prima
1002 2627 1014 2657 ι
1032 2606 1152 2662 abundet
1167 2607 1194 2662 in
1209 2608 1314 2664 Christo
1327 2611 1392 2665 Jesu
1412 2610 1439 2663 in
1454 2626 1506 2677 me,
1523 2626 1572 2682 per
1585 2625 1676 2666 meum
1691 2611 1796 2666 adven·

157 2723 168 2746 ιι
185 2699 230 2756 die
258 2715 346 2771 usque
369 2714 451 2765 nunc,
475 2696 617 2753 conlidens
636 2698 689 2752 boc
711 2696 809 2767 ipsum,
825 2696 890 2767 quia
904 2695 951 2767 qui
1004 2717 1015 2740 ιι
1032 2701 1088 2750 tum
1115 2695 1210 2751 iterum
1230 2697 1269 2752 ad>
1297 2712 1357 2753 vos.
1389 2698 1505 2753 Tantum
1531 2699 1614 2771 digne
1646 2698 1796 2771 Evangelio

157 2809 168 2834 ιι
185 2787 268 2858 coepit
294 2786 322 2840 in
350 2785 428 2842 vobis
451 2799 520 2856 opus
539 2784 650 2847 bonum,
671 2782 901 2857 perficietusque
922 2783 950 2836 in
1002 2783 1131 2838 «Christi
1159 2785 1369 2857 conversamini,
1392 2795 1430 2857 ut,
1460 2787 1517 2843 sive
1545 2802 1608 2843 cum
1636 2802 1740 2843 venero
1768 2795 1796 2843 et

156 2897 167 2922 ι
184 2875 257 2930 diem
272 2874 372 2930 Christi
385 2874 461 2929 Jesu.
478 2873 604 2929 Sicutest
619 2871 685 2925 mibi
700 2872 869 2941 iustum-hoc
884 2887 949 2925 sen·
1003 2871 1125 2927 «videro
1153 2888 1212 2938 vos,
1243 2873 1300 2928 sive
1327 2874 1426 2930 absens
1449 2874 1556 2930 audiam
1579 2875 1614 2930 de
1628 2875 1716 2943 vobis,
1733 2875 1795 2947 quia

42 2981 46 2988 ·
90 2996 94 3000 -
157 2985 168 3012 ιι
185 2964 235 3018 tire
248 2978 301 3035 pro
316 2960 442 3018 omnihus
466 2960 554 3026 vobis,
572 2975 605 3015 eo
628 2958 701 3031 quod
723 2958 838 3013 habeam
859 2972 908 3013 vos
922 2958 950 3012 in
1002 2959 1108 3014 «statis
1122 2959 1149 3014 in
1162 2976 1216 3016 uno
1232 2961 1325 3032 spiritu
1349 2961 1501 3029 unanimes,
1518 2961 1718 3019 collaborantes
1732 2960 1797 3018 fidei

155 3073 167 3103 ι
184 3051 278 3117 corde,
295 3057 322 3106 et
334 3049 361 3104 iu
376 3048 490 3105 vinculis
505 3047 574 3102 meis
589 3055 615 3102 et
629 3047 657 3102 in
671 3045 830 3102 defensione
846 3052 872 3101 ει
886 3061 950 3101 con·
1002 3069 1013 3095 ι
1030 3047 1182 3119 Evangelii,
1199 3057 1224 3104 et
1239 3049 1266 3104 in
1280 3050 1354 3106 nullo
1377 3051 1533 3106 terreamini
1556 3051 1591 3106 ab
1606 3050 1771 3107 adversariis
1787 3070 1794 3119 ;

155 3162 166 3186 ι
184 3137 334 3195 firmatione
349 3136 502 3209 Evangelii,
515 3135 605 3191 socios
620 3134 713 3207 gaudii
727 3133 781 3189 mei
796 3149 891 3190 omnes
901 3148 950 3189 vos
965 3161 988 3222 0
1003 3158 1014 3187 ι
1031 3153 1092 3209 quae
1107 3145 1148 3192 est
1166 3136 1220 3193 illis
1233 3153 1318 3194 causa
1329 3139 1500 3210 perditionis,
1517 3139 1595 3195 vobis
1610 3146 1700 3195 autem
1715 3139 1792 3195 salu-

156 3248 166 3275 ι
183 3241 245 3282 εεεε
260 3224 348 3281 Τεειίε
363 3225 435 3280 euim
450 3223 516 3278 mihi
531 3230 572 3279 est
594 3222 678 3290 Deus,
695 3221 832 3294 quomodo
843 3221 949 3292 cupiam
1002 3247 1013 3271 ι
1030 3225 1076 3291 tis,
1091 3232 1117 3279 et
1132 3225 1184 3281 hoc
1198 3242 1214 3282 a
1229 3228 1287 3282 Deo
1304 3242 1311 3280 :
1327 3227 1389 3300 quia
1415 3226 1492 3284 vobis
1520 3226 1649 3282 donatum
1674 3233 1717 3283 est
1743 3243 1794 3298 pm

156 3335 168 3365 ι
184 3329 234 3371 vos
249 3328 344 3369 omnes
360 3311 388 3366 iu
403 3311 555 3368 visceribus
567 3312 632 3366 Jesu
646 3310 757 3365 Christi.
774 3311 808 3365 Et
823 3310 875 3365 hoc
888 3324 948 3376 oro,
1002 3334 1013 3364 ι
1031 3313 1148 3379 Christo,
1163 3329 1218 3369 non
1233 3315 1321 3370 solum
1343 3323 1372 3370 ut
1400 3314 1429 3369 in
1449 3330 1511 3370 eum
1540 3315 1665 3380 credatis,
1691 3315 1741 3371 sed
1764 3322 1794 3370 ut

157 3410 215 3457 aut
242 3399 358 3458 charitas
386 3406 477 3455 vestra
505 3397 595 3472 magis
622 3413 654 3455 ac
677 3397 767 3471 magis
790 3396 909 3453 abundet
922 3397 951 3452 in
1002 3401 1112 3456 «etiam
1140 3418 1189 3473 pro
1215 3401 1262 3458 illo
1291 3402 1448 3474 patiamini:
1474 3402 1545 3457 idem
1574 3410 1713 3459 certamen
1741 3403 1794 3458 ha-

155 3513 166 3540 ι
184 3489 297 3547 scientia
316 3496 342 3544 et
357 3486 384 3542 in
410 3487 484 3545 omni
500 3503 591 3553 sensu,
608 3495 638 3542 ut
653 3485 773 3557 probetis
790 3485 905 3556 potiora,
920 3493 951 3540 ut
1002 3510 1013 3536 ιι
1032 3488 1137 3557 bentes,
1154 3490 1235 3562 quale
1249 3498 1275 3546 ει
1303 3491 1410 3548 vidistis
1431 3490 1458 3546 in
1473 3506 1527 3557 me,
1544 3498 1571 3546 ει
1593 3505 1667 3547 nunc
1681 3490 1795 3546 audistis

157 3600 168 3626 ιι
183 3577 243 3634 sitis
258 3576 369 3644 sinceri,
386 3583 413 3632 et
429 3577 488 3631 sine
502 3573 608 3631 offensa
634 3573 749 3628 indiam
770 3572 880 3639 Christi,
902 3588 949 3628 re·
1001 3597 1012 3627 ι
1029 3576 1064 3632 de
1080 3593 1133 3632 me.
1154 3601 1164 3626 a

155 3688 166 3713 ιι
183 3665 250 3738 pleti
264 3664 354 3721 iructu
379 3662 490 3733 justitiae
502 3678 553 3734 per
565 3663 658 3716 lesum
677 3659 821 3726 Christum,
847 3659 874 3713 in
888 3659 950 3713 lau·

155 3774 167 3806 ι
184 3753 248 3809 dem
259 3760 286 3808 ει
300 3750 413 3824 gloriam
422 3750 483 3805 Dei.
500 3749 575 3805 Scire
590 3755 680 3803 autem
695 3763 744 3802 vos
763 3745 836 3813 volo,
853 3745 950 3801 iratres

156 3864 167 3888 a
184 3840 249 3913 quia
263 3854 324 3910 quae
338 3838 409 3894 circa
424 3853 467 3892 me
478 3844 550 3902 sunt,
562 3835 650 3905 magis
660 3833 853 3906 adproiactum
864 3849 949 3889 vene·
1036 3834 1156 3900 Paulus,
1172 3841 1224 3890 etc.
1239 3833 1355 3890 Nomina
1370 3833 1511 3907 dignitatis
1526 3832 1571 3890 hic
1588 3848 1643 3889 non
1657 3831 1793 3905 apposnit,

155 3951 166 3975 ι
182 3935 246 3983 runt
259 3924 408 3997 Evangelii,
426 3923 461 3978 ita
470 3930 498 3978 nt
508 3922 617 3978 vincula
629 3937 691 3978 mea
701 3921 842 3978 manifesta
853 3921 950 3977 herent
999 3920 1089 3978 sciens
1105 3921 1293 3992 Philippenses
1303 3937 1358 3978 uon
1367 3921 1493 3979 dubitare
1503 3919 1696 3992 deapostolatu
1708 3918 1792 3987 Pauli,

155 4037 167 4067 ι
184 4015 212 4071 in
227 4013 335 4070 Christo
349 4011 378 4067 in
402 4011 475 4067 omni
504 4009 641 4081 praetorio,
659 4017 685 4065 et
702 4010 730 4065 in
745 4010 850 4066 caeteris
864 4009 952 4065 omni·
1000 4026 1081 4080 quem
1095 4009 1254 4082 magistrum
1268 4017 1295 4065 ει
1317 4011 1477 4082 Apostolum
1491 4027 1570 4066 suum
1584 4008 1792 4075 confitebantur,

155 4126 166 4151 ιι
183 4103 244 4171 bus,
260 4109 287 4158 et
308 4100 402 4172 plures
427 4115 442 4154 e
465 4098 592 4153 fratribus
606 4097 634 4152 in
649 4098 765 4154 Domino
780 4096 949 4153 confidentes
999 4099 1073 4166 dum,
1089 4098 1159 4155 sicut
1173 4097 1226 4153 illis
1236 4097 1384 4153 tradiderat
1398 4098 1508 4170 Paulus,
1527 4099 1554 4153 in
1568 4096 1621 4152 fide
1636 4096 1794 4168 operaban-

155 4215 165 4239 ιι
182 4192 208 4247 in
223 4190 338 4248 vinculis
353 4188 431 4255 meis,
448 4186 630 4242 abundantius
644 4187 778 4242 auderent
786 4186 947 4241 sinetimore
999 4195 1042 4243 tur
1057 4205 1064 4252 ;
1081 4187 1130 4242 sed
1158 4185 1302 4241 intendens
1330 4187 1524 4243 commendare
1549 4185 1589 4242 eis
1603 4184 1794 4252 humilitatem,

155 4302 167 4327 ιι
183 4280 296 4337 verbum
323 4277 373 4333 Dei
400 4275 485 4349 loqui.
514 4274 630 4344 Quidam
662 4275 781 4348 quidem,
798 4281 824 4329 et
837 4281 950 4345 propter
999 4274 1200 4346 cumpatientia
1219 4273 1376 4329 humilitatis
1391 4291 1491 4330 nomen
1507 4274 1547 4344 (se
1563 4289 1672 4329 servum
1688 4271 1795 4342 dicens)

154 4367 313 4422 «invidiam
339 4373 365 4421 ει
403 4363 615 4430 contentionem,
651 4363 759 4435 quidam
796 4369 885 4418 autem
923 4369 949 4417 et
997 4363 1120 4418 inseruit.
1147 4362 1225 4418 Unde
1241 4362 1280 4418 sic
1302 4363 1339 4416 ait
1354 4378 1360 4416 :
1377 4365 1485 4419 Paulus
1500 4366 1528 4420 ει
1545 4362 1716 4418 Timotheus.
1730 4359 1794 4415 Non

154 4477 166 4503 a
182 4462 294 4527 propter
309 4454 409 4508 bonam
424 4453 591 4507 voluntatem
614 4451 749 4506 Christum
772 4450 924 4521 praedicant
939 4468 947 4516 ;
999 4451 1061 4507 ideo
1076 4450 1245 4507 Timotheum
1262 4450 1390 4521 apposuit
1408 4450 1483 4523 quod
1507 4465 1566 4506 cum
1582 4447 1667 4504 Paulo
1682 4447 1794 4518 Episto-

155 4566 166 4590 ι
183 4542 304 4616 quidam,
321 4557 354 4595 ex
369 4539 508 4604 charitate,
524 4539 642 4594 scientes
662 4538 792 4610 quoniam
806 4538 834 4592 in
850 4511 984 4592 defen-D
1001 4539 1056 4594 lam
1071 4539 1220 4610 scripserit,
1238 4539 1287 4594 sed
1314 4538 1377 4611 quia
1391 4538 1419 4593 in
1435 4539 1531 4594 cadem
1547 4537 1684 4593 voluntate
1710 4535 1794 4591 Paulo

153 4631 260 4687 «aione
274 4627 418 4701 Evangelii
438 4629 543 4699 positus
558 4642 627 4681 sum.
657 4625 772 4693 Quidam
796 4633 887 4681 autem
915 4640 948 4679 ex
998 4627 1133 4685 concessit
1149 4628 1230 4695 ;ideo
1257 4627 1347 4694 etiam,
1371 4627 1443 4699 quia,
1474 4626 1543 4683 sicut
1571 4623 1793 4697 insequentibus

154 4718 356 4776 «contentione
383 4715 519 4770 Christum
547 4713 706 4770 annuntiant
733 4729 787 4768 non
816 4713 947 4781 sincere;
998 4715 1094 4783 innuit,
1110 4714 1241 4770 missurus
1269 4722 1325 4770 erat
1352 4714 1393 4770 cis
1415 4714 1443 4769 in
1466 4713 1590 4786 proximo
1605 4711 1788 4768 Timotheum.

155 4807 371 4864 «existimantes
383 4818 544 4874 pressuram
559 4818 588 4857 se
604 4801 857 4857 suscitarevinculis
868 4801 946 4856 meis.
998 4802 1047 4858 Cui
1076 4803 1103 4856 iu
1126 4803 1252 4858 omnibus
1275 4802 1427 4867 obedirent,
1453 4802 1566 4874 dignum
1589 4799 1639 4855 fuit
1662 4797 1792 4871 praescri·

156 4915 167 4942 ι
185 4894 255 4964 Quid
266 4892 442 4950 enimillum
451 4890 526 4947 omni
538 4888 696 4957 modo,sive
706 4889 946 4961 peroccasionem,
998 4890 1064 4946 bere
1085 4890 1321 4946 commendatione
1344 4890 1429 4946 Pauli.
1450 4889 1549 4944 Paulus
1572 4895 1599 4942 et
1621 4886 1790 4953 Timotheus,

156 5005 167 5029 ι
184 4983 241 5037 sive
256 4997 304 5052 per
318 4980 461 5038 veritatem
477 4978 600 5034 Christus
614 4978 796 5047 annuntietur,
813 4986 839 5033 et
853 4978 880 5033 in
895 4979 948 5045 hoc
997 4980 1071 5036 serui
1084 4981 1150 5035 lesa
1165 4979 1279 5047 Christi,
1297 4978 1336 5034 sic
1357 4986 1384 5034 et
1406 4993 1455 5035 vos
1471 4976 1628 5033 servitutem
1650 4974 1750 5030 Christi
1763 4973 1792 5029 in

156 5069 303 5142 «gaudeo,
319 5068 368 5123 sed
383 5075 409 5123 et
421 5067 557 5142 gaudebo.
574 5067 636 5122 Scio
651 5067 722 5122 enim
737 5067 799 5138 quia
813 5067 866 5123 boc
880 5066 946 5122 mibi
997 5067 1071 5122 omni
1098 5066 1247 5122 humilitate
1274 5066 1409 5139 patientes
1433 5064 1576 5122 custodite.
1605 5062 1714 5130 Paulus,
1746 5062 1791 5117 in·

155 5156 324 5230 «proveniet
343 5155 377 5210 ad
406 5155 520 5211 salutem
548 5171 598 5226 per
613 5162 731 5211 vestram
755 5154 904 5211 orationem
920 5163 948 5210 et
997 5171 1089 5228 quam,
1106 5163 1131 5212 ει
1154 5155 1311 5211 Timotheus
1340 5154 1462 5211 scribunt
1475 5153 1604 5211 omnibus
1618 5151 1729 5208 sanctis
1743 5151 1792 5223 qai

156 5269 167 5294 ι
185 5243 460 5302 subministrationem
477 5243 591 5315 Spiritus
618 5243 683 5298 lesu
709 5243 817 5310 Christi,
844 5258 945 5299 secun·
995 5248 1065 5300 auat
1080 5244 1229 5317 Philippis.
1246 5243 1351 5300 Sanctis
1366 5242 1427 5299 dico
1441 5243 1473 5298 ln
1493 5242 1603 5297 Christo
1616 5241 1692 5310 lesu,
1708 5237 1736 5293 id
1750 5244 1793 5293 est

153 5357 165 5382 ιι
181 5335 247 5391 dum
262 5331 494 5406 exspectationem
508 5339 535 5387 et
548 5347 624 5404 spem
635 5348 732 5400 meam,
750 5333 813 5404 quia
827 5331 856 5387 in
869 5331 945 5388 nullo
995 5332 1023 5387 in
1038 5331 1091 5388 fide
1107 5332 1208 5388 Christi
1222 5334 1286 5387 lesu
1300 5331 1412 5388 sancitis
1441 5339 1467 5385 et
1481 5327 1658 5386 confirmatis.
1689 5325 1741 5383 Ubi
1754 5325 1794 5381 ait

152 5445 163 5471 ι
180 5421 341 5490 confundar,
356 5420 405 5476 sed
420 5419 448 5475 in
470 5420 545 5477 omni
565 5418 674 5491 fiducia,
691 5421 759 5478 sicut
782 5436 902 5492 semper,
918 5427 946 5476 et
995 5420 1126 5477 omnttm
1137 5421 1257 5487 sanctis,
1272 5419 1493 5476 communitatem
1507 5415 1638 5472 Ecclesia
1653 5413 1790 5486 intelligit,

147 5533 158 5560 ι
177 5518 253 5567 nunc
273 5507 494 5584 magnificabitur
523 5508 647 5566 Christus
669 5508 697 5564 iu
719 5524 836 5583 corpore
863 5523 939 5567 meo.
994 5507 1024 5564 id
1037 5507 1235 5577 est,subditos,
1251 5508 1350 5584 quibus
1363 5506 1499 5565 ineadent
1513 5503 1675 5561 salutatione
1688 5501 1792 5575 praela·

1322 3715 1480 3758 associato.
