3750 5984
111 195 176 251 1οΗ

793 195 883 250 vtro.
903 220 938 235 -
956 191 1019 248 tls.
1042 193 1076 248 V.

1691 194 1760 251 tcta

82 330 88 341 ¹
114 316 304 375 enormitatem
319 316 346 371 in
361 315 422 388 ipsa
434 317 531 373 hostiae
555 317 682 375 salutaris
705 319 948 380 consecrationeA
962 317 1027 385 cuit,
1044 324 1070 374 et
1083 306 1117 373 a'd
1128 315 1300 374 excitandum
1314 316 1466 372 devotionis
1489 321 1629 387 aspectum
1653 315 1757 389 pariter

114 415 203 463 mente
215 406 382 462 revolverem
394 404 484 472 tacita,
500 405 572 460 inter
582 406 648 462 alias
664 407 800 463 tenebrosi
814 416 910 480 pecto-

111 498 150 551 ris
165 495 355 568 eogitaticncs,
372 494 415 549 lrae
428 509 536 550 mecum
551 495 731 550 versabantur
758 496 787 551 in
801 497 884 552 corde
902 511 908 550 :

112 586 239 652 Putasne,
252 583 323 637 illius
338 598 438 653 corpus
453 589 479 637 et
494 582 606 655 sanguis
621 583 665 639 hic
680 599 696 638 a
715 601 758 640 me
774 585 909 640 sordidis-

113 674 183 728 simo
192 679 337 743 peccatore
351 670 487 726 veraciter
497 669 647 737 conficitur,
664 679 691 727 et
715 681 853 738 tractatur,
879 690 910 729 uc

111 762 235 827 sumitur,
249 759 295 831 qui
310 759 413 815 candor
427 757 495 814 lucis
506 767 615 814 aeternae
632 776 693 816 esse
709 761 874 817 describitur
884 771 910 818 et

110 849 251 920 speculum
265 849 323 902 sine
338 847 444 903 macula
457 847 472 902 ⁴?
487 848 554 902 llum
570 849 627 904 hac
641 857 667 904 et
683 849 734 905 alia
748 850 791 905 his
820 851 910 906 minius

111 937 211 994 stolida
224 951 362 992 versarem
377 935 405 989 in
419 935 521 1000 animo,
544 944 705 1007 perventum
724 946 765 993 est
792 938 828 993 ad
845 939 908 1005 boc,

112 1033 140 1081 ut
169 1025 323 1098 frangenda
350 1030 423 1079 esset
447 1023 580 1079 trifariam
602 1040 676 1081 more
705 1025 797 1082 debito
821 1027 910 1083 hostia

115 1121 300 1170 sacrosancta.
318 1110 405 1181 Quam
416 1119 445 1166 ut
460 1128 511 1183 pen
523 1111 643 1168 medium
663 1111 741 1185 fregi,
756 1130 819 1171 mox
829 1130 910 1170 cruor

112 1199 311 1272 liquidissimus
324 1216 374 1271 per
386 1198 535 1255 fracturam
550 1199 661 1256 effluere
675 1201 766 1272 coepit,
786 1202 832 1274 qui
849 1218 909 1259 me-

113 1288 187 1344 diam
202 1289 299 1344 hostiae
312 1295 427 1360 partem,
443 1304 523 1360 quarn
538 1303 621 1344 manu
636 1289 805 1356 tenebam,in
820 1290 911 1346 carnis

111 1377 203 1448 specie
219 1377 308 1432 subito
322 1391 493 1444 conversam,
510 1377 610 1433 rubore
631 1377 782 1451 sanguineo
805 1377 907 1434 infecit.

111 1464 216 1535 Quibus
228 1481 280 1537 ego
299 1465 365 1520 visis
380 1481 436 1536 prae
452 1464 549 1520 timore
573 1471 644 1520 totus
661 1466 771 1538 dirigui,
797 1472 824 1522 ct
839 1483 909 1538 pene

110 1553 234 1609 exsensis
250 1552 478 1624 effectuspcrdito
494 1552 606 1608 rationis
630 1552 753 1618 consilio,
779 1553 909 1628 quidquid

961 412 988 460 et
1006 405 1171 477 amplexum,
1194 404 1229 461 ad
1258 409 1316 461 baeo
1341 404 1427 460 verba
1450 411 1477 459 et
1499 402 1605 459 vivifica
1632 404 1757 461 cordium

959 494 1096 561 alimenta,
1111 501 1217 549 mentes
1231 493 1396 548 audientium
1410 492 1535 548 crudivit.
1553 494 1593 548 Ex
1608 492 1755 563 premissis

960 597 1035 647 vero,
1060 597 1168 638 necnon
1183 589 1252 637 etex
1274 582 1334 636 aliis
1358 582 1418 651 ejus
1437 581 1527 636 verbis
1555 580 1656 636 certius
1675 580 1756 635 nobis

959 686 1118 741 persuasum
1140 678 1266 725 tenemus
1295 670 1358 742 quia
1394 685 1447 725 nou
1475 668 1561 724 semel
1589 675 1703 736 tantum,
1728 675 1757 724 ut

960 773 1040 829 supra
1055 766 1196 813 ostensum
1211 766 1261 824 est,
1278 758 1332 812 imo
1343 758 1425 812 etiam
1450 757 1617 829 frequenter,
1634 755 1673 811 illi
1686 772 1755 812 con-

959 861 1067 901 cessum
1084 846 1127 910 sit,
1161 845 1279 901 revelata
1303 845 1420 901 bominis
1443 844 1580 900 interioris
1603 843 1682 911 facie,
1712 843 1757 899 illa

960 933 1135 1005 singulariter
1149 932 1183 989 de
1198 935 1250 989 boe
1265 941 1438 989 sacramento
1459 933 1520 988 visu
1535 933 1651 1004 quodam
1662 932 1757 988 intimo

959 1022 1125 1092 perspicere,
1138 1037 1199 1094 quae
1213 1021 1292 1077 nobis
1302 1020 1448 1078 invisibilia
1462 1020 1755 1092 docemurcmuespa·

959 1109 1023 1165 riter
1031 1107 1084 1166 fide
1098 1109 1245 1182 purissima
1259 1109 1398 1166 credendo
1415 1108 1546 1166 retinere.

1252 1299 1365 1355 caput
1395 1300 1442 1355 vt.

960 1440 1090 1508 Qualiter
1100 1441 1175 1512 flcgc
1194 1444 1291 1495 noster
1305 1456 1390 1496 satum
1404 1442 1478 1497 ccrri
1499 1443 1542 1497 cil
1558 1443 1755 1514 metropolite-

993 1528 1074 1578 aum,
1091 1515 1120 1587 et
1134 1527 1219 1584 qaam
1234 1511 1374 1568 sollicitus
1392 1515 1454 1567 crat
1482 1528 1497 1567 c
1525 1513 1649 1569 moribus
1664 1513 1758 1570 subdi-

995 1586 1099 1638 torum.
1115 1612 1150 1622 -
1162 1582 1197 1637 at
1211 1586 1253 1638 cst
1268 1583 1317 1639 boc
1328 1582 1627 1655 capituluchintam
1643 1585 1674 1640 ia
1684 1585 1756 1640 serie

111 1641 146 1696 de
166 1641 251 1713 ipsius
267 1641 442 1697 sacramentis
460 1642 487 1695 in
515 1640 641 1696 manibus
670 1641 806 1712 tenebam,
824 1643 852 1698 in
866 1659 949 1732 sax-B
994 1669 1105 1725 maqnoe
1126 1653 1203 1709 Vita,

110 1746 185 1785 erum
197 1730 310 1786 calicem
327 1729 453 1785 decidere
468 1729 590 1800 permisi.

149 1841 159 1865 v
177 1819 241 1873 Emt
255 1827 320 1874 tunc
332 1816 369 1872 ibi
384 1817 489 1885 odere,
518 1819 589 1891 quod
617 1835 703 1891 usque
728 1820 755 1875 in
784 1836 905 1892 praesens

111 1906 241 1975 cernitur,
263 1905 370 1962 saeculis
389 1906 514 1962 omnibus
542 1907 704 1978 stupendum
733 1907 903 1975 miraculum,

109 1995 202 2049 trinum
217 1994 382 2050 videlicctin
397 1994 558 2068 sanguinem
577 2002 603 2050 ct
627 2012 723 2066 panem
738 1995 764 2051 in
784 2013 903 2064 carnem,

109 2082 199 2137 media
214 2083 255 2136 sui
271 2090 345 2154 parte
369 2098 510 2146 conversa,
531 2099 589 2137 rem
610 2084 710 2154 pariter
731 2085 903 2149 sacramenti,

109 2178 136 2226 et
152 2170 274 2240 formam,
292 2169 448 2242 significans
462 2169 586 2227 videlieet
601 2179 627 2227 ct
642 2171 834 2243 significatum,
854 2174 905 2228 sub

108 2259 219 2332 gemina
229 2259 320 2330 specie
330 2259 550 2315 manifestissime
565 2259 702 2331 praeferre.
715 2259 781 2330 Qua
796 2269 825 2315 ut
839 2262 903 2329 ridi,

108 2349 159 2402 lias
179 2348 285 2419 species
310 2347 554 2404 inconversibiliter
581 2349 708 2415 retinere,
739 2365 769 2404 ea
798 2350 906 2421 penitus

108 2434 267 2508 contingere
277 2451 331 2491 non
341 2452 519 2507 praesumens,
540 2437 652 2494 calicem
674 2445 783 2508 patena,
800 2446 827 2493 et
853 2454 905 2509 pa-

106 2531 197 2579 tenam
212 2539 289 2579 saera
304 2524 378 2595 palla
394 2525 531 2597 coopemi,
548 2532 574 2581 et
588 2525 680 2581 missso
708 2525 825 2582 odicium
840 2544 904 2598 per-

108 2612 225 2667 cantavi.
242 2613 320 2677 llinc,
337 2614 438 2685 popolo
453 2613 576 2680 dimisso,
594 2614 706 2671 calicem
722 2630 783 2671 cum
806 2617 903 2682 sacris,

109 2716 171 2772 qoae
186 2701 211 2754 in
228 2717 261 2756 eo
275 2701 363 2757 adbuc
387 2702 468 2758 bodie
493 2703 673 2768 continentur,
700 2704 760 2760 loco
784 2720 905 2778 congruo

109 2803 190 2843 secus
201 2787 286 2844 altare
296 2790 407 2860 reposui
421 2791 510 2846 debita
522 2791 675 2847 reverentia
686 2793 903 2849 custodiendum.

111 2876 174 2931 l‘ost
192 2877 244 2933 boc
273 2878 371 2932 summi
395 2877 529 2950 pontificis
558 2879 629 2935 adivi
653 2881 836 2951 presentiam,
865 2881 906 2937 rei

107 2964 188 3033 bxrjus
203 2965 303 3021 seriem
318 2966 357 3021 illi
378 2967 520 3038 praemissa
547 2967 719 3024 confessione
734 2977 825 3025 reatus
852 2971 905 3026 mei

991 1790 1055 1857 Sed,
1071 1789 1137 1846 dum
1160 1789 1239 1846 solito
1253 1790 1376 1847 crebrius
1399 1789 1637 1861 metropolitanum
1661 1807 1750 1862 suum,

953 1878 1086 1950 solitoque
1100 1879 1244 1934 instantius
1258 1879 1300 1935 vir
1315 1879 1374 1948 Dei,
1391 1886 1453 1950 post
1475 1878 1575 1935 factam
1590 1879 1642 1934 sibi
1657 1879 1754 1936 divini·

952 1976 995 2022 tus
1011 1966 1233 2034 admonitionem,
1251 1969 1384 2034 bortatur,
1405 1976 1538 2039 quatenus
1561 1967 1671 2023 omissis
1698 1983 1749 2040 pa·

954 2071 1066 2126 rumper
1079 2055 1179 2127 quibus
1194 2055 1347 2113 indefessus
1361 2056 1516 2112 adherebat
1530 2056 1601 2112 curis
1612 2056 1752 2113 saeculari-

954 2142 1016 2208 bus,
1027 2144 1116 2200 studio
1129 2145 1220 2215 potius
1233 2144 1387 2218 indulgeret
1401 2144 1564 2215 pontificalis
1572 2144 1652 2202 officii
1667 2160 1749 2217 quarn

953 2232 1108 2304 reipublice
1119 2232 1357 2298 administrationi,
1372 2232 1491 2288 animum
1505 2232 1565 2303 ejus
1578 2232 1613 2288 ad
1642 2247 1755 2306 gravem

955 2327 1050 2377 contra
1061 2336 1091 2376 se
1100 2321 1226 2377 excitavit
1233 2319 1408 2377 simultatem.
1418 2321 1480 2376 Sum
1488 2336 1555 2378 vero
1570 2320 1753 2390 jurisdictioni

956 2408 1089 2473 subditos,
1105 2416 1161 2463 tarn
1175 2408 1288 2465 clericos
1298 2424 1379 2482 quana
1399 2409 1586 2480 presbyteros,
1602 2409 1662 2480 ipse
1689 2409 1753 2465 totis

955 2496 1059 2550 viribus
1073 2512 1121 2567 per
1135 2496 1265 2568 seipsum,
1282 2504 1309 2552 et
1323 2513 1373 2569 per
1392 2496 1523 2553 officiales
1540 2512 1614 2565 suos,
1630 2497 1666 2553 ad
1690 2496 1752 2553 vite

955 2583 1080 2639 rectioris
1095 2584 1230 2640 tramitem
1241 2590 1268 2640 et
1276 2583 1427 2656 discipliuae
1437 2585 1572 2656 regularis
1582 2585 1752 2641 honestatem

955 2672 1103 2728 revocavit.
1115 2672 1188 2727 Nibil
1205 2672 1321 2729 enimde
1342 2680 1453 2744 paterna
1476 2672 1656 2729 sollicitudine
1671 2672 1754 2728 omit·

955 2767 1026 2827 tens,
1043 2759 1180 2834 languidis
1191 2760 1402 2816 commissorum
1420 2760 1473 2816 sibi
1485 2761 1607 2816 moribus
1621 2760 1752 2816 infunde·

956 2846 1003 2902 bat
1017 2847 1106 2904 oleum
1117 2856 1144 2904 et
1159 2847 1267 2916 vinum,
1285 2855 1315 2903 ut
1336 2848 1467 2905 secentas
1495 2856 1636 2905 coerceret
1663 2848 1755 2905 diatri-

955 2936 1063 3003 ctionis,
1080 2951 1149 3009 quos
1163 2950 1261 2993 curare
1282 2951 1336 2992 ncn
1352 2936 1439 3009 potuit
1453 2935 1551 2992 lenitas
1565 2935 1685 3007 pietatis.

109 3054 232 3124 exposui,
248 3062 274 3110 et
295 3053 472 3111 absolutionis
500 3055 672 3122 beneficium,
700 3057 819 3126 injuncta
840 3020 945 3113 mihiG
992 3041 1129 3111 Qlfflssfflffl
1152 3057 1218 3098 ΜΟ
1241 3042 1394 3108 SUdflfefsts
1425 3050 1590 3114 quantumve
1614 3042 1757 3114 Ρωῖθθθῑῑῑ

108 3141 293 3198 satisfactione
308 3143 472 3214 competenti
486 3144 519 3197 ab
534 3144 593 3215 ipso
615 3145 761 3216 reportavi.
778 3145 819 3200 dd
846 3146 906 3203 hec

108 3245 173 3285 vcro
188 3230 325 3301 magnalia
341 3232 390 3287 Dei
404 3232 612 3302 presentialiter
620 3234 773 3289 contuenda
788 3234 906 3290 amultis

107 3318 160 3373 buc
174 3334 225 3389 per
239 3319 381 3374 circuitum
396 3320 463 3375 locis
487 3320 620 3391 passima
635 3320 759 3377 fidelibus
787 3338 905 3379 concur·

108 3405 185 3471 ritur,
201 3422 216 3460 a
232 3406 405 3478 quibuscum
421 3423 528 3463 summa
542 3409 694 3465 reverentia
709 3410 906 3483 magnificatur-

108 3494 192 3563 Deus,
211 3494 255 3566 qui
270 3495 334 3551 facit
349 3496 480 3552 mirabilia
491 3497 657 3567 solusllaec,
670 3500 905 3571 saneteepiscope‚

108 3582 186 3638 vobis
201 3583 291 3654 cupio,
303 3583 361 3640 istis
375 3585 568 3654 mediantibus,
585 3587 713 3654 intimari,
731 3604 785 3659 quo
800 3589 907 3644 etillius

108 3686 216 3726 merear
226 3687 279 3745 ego
293 3674 462 3729 orationibus
477 3675 548 3745 apud
564 3676 651 3731 Deum
666 3676 833 3746 adjuvari,et
848 3677 906 3749 ipse

108 3774 171 3815 cum
186 3759 241 3814 suis
255 3761 337 3816 sociis
349 3761 376 3816 in
388 3762 504 3819 Domino
515 3763 612 3830 valeat,
630 3780 692 3820 cum
705 3764 907 3837 istaperspexe·

109 3847 151 3914 rit,
168 3849 285 3920 amplius
297 3850 449 3920 jucundari.
470 3871 481 3901 ι

144 3936 207 3992 llaec
220 3937 303 4010 igitur
317 3938 468 3995 referentes
479 3940 622 4011 episcopo,
639 3941 737 4014 quibus
752 3942 907 3999 innotuerat

106 4039 122 4079 a
136 4026 307 4097 presbytero,
323 4028 470 4099 sperabant
484 4029 570 4095 illum,
585 4045 639 4086 non
654 4031 712 4086 sine
727 4029 906 4087 avidacordis

107 4112 260 4183 devotione,
277 4115 312 4170 ad
328 4132 359 4171 ea
371 4130 434 4172 mcx
450 4117 569 4174 videndo
584 4133 788 4190 processurum.
805 4120 906 4174 Verum

107 4199 202 4257 illaad
217 4203 309 4258 audita
328 4205 472 4260 confestim
500 4205 538 4261 ita
552 4207 693 4278 respondit
709 4225 715 4262 :
735 4231 746 4255 v
757 4209 840 4272 Bene,
861 4208 905 4263 in-

107 4289 174 4360 quit,
190 4288 217 4344 in
232 4291 342 4348 nomine
357 4293 466 4349 Domini
479 4293 598 4349 babeant
612 4295 663 4349 sibi
685 4295 765 4366 signa
786 4293 905 4350 infideli-

956 3131 991 3186 ad
1006 3130 1201 3186 correctionem
1223 3129 1391 3186 subditorum
1410 3129 1438 3184 in
1451 3131 1501 3185 bac
1528 3128 1639 3201 gemina
1662 3130 1753 3187 cocle-

956 3219 1072 3276 siasticae
1082 3218 1292 3290 dispensationis
1307 3218 1483 3287 exhibitione,
1497 3233 1552 3274 non
1566 3225 1606 3274 est
1633 3216 1751 3275 faculta-

956 3307 991 3362 tis
1006 3314 1115 3374 nostrae,
1132 3314 1213 3378 prout
1227 3307 1340 3378 dignum
1348 3313 1430 3376 esset,
1447 3321 1594 3379 exponere,
1611 3322 1673 3364 cum
1692 3306 1752 3365 bac

956 3395 1181 3467 peritissimorum
1193 3394 1275 3451 etiam
1289 3395 1400 3467 ingenia
1414 3395 1459 3450 vix
1478 3395 1571 3451 multis
1593 3394 1752 3452 sufficereut

956 3483 1125 3540 voluminum
1138 3482 1340 3556 prolixitatibus
1353 3483 1480 3540 enodare.
1493 3483 1632 3540 Ecclesias
1642 3497 1752 3556 quoquc

956 3571 1084 3628 dioecesis
1095 3588 1151 3628 suae
1164 3571 1191 3627 io
1206 3572 1331 3627 omnibus
1345 3586 1396 3644 pro
1416 3587 1498 3643 posse
1518 3587 1568 3627 suo
1595 3571 1630 3627 ad
1653 3579 1752 3628 statum

957 3660 1063 3716 curavit
1076 3660 1198 3717 debitum
1213 3660 1330 3731 erigere.
1339 3660 1505 3716 admittebat
1520 3659 1592 3715 enim
1607 3659 1703 3716 sedulo
1717 3660 1752 3717 ad

957 3765 1052 3805 earum
1067 3749 1192 3823 regimen
1199 3749 1273 3806 viros
1283 3749 1396 3806 scientia
1405 3756 1432 3804 et
1440 3749 1496 3805 vita
1506 3748 1751 3817 commendabiles,

956 3838 999 3893 his
1013 3853 1079 3894 vero
1098 3838 1241 3894 destitutos
1264 3837 1299 3894 ab
1315 3853 1410 3893 earum
1430 3837 1555 3912 ingressu
1576 3852 1628 3910 pro
1650 3836 1754 3894 viribus

958 3925 1116 3998 repellebat.
1133 3926 1163 3982 ln
1173 3941 1227 4000 qua
1242 3926 1368 3982 nimirum
1383 3926 1542 3995 intentione,
1557 3932 1659 3999 quanto
1669 3926 1752 3983 duce·

957 4021 1033 4070 retur
1048 4014 1116 4082 zelo,
1132 4015 1262 4086 exipsius
1276 4015 1366 4070 verbis
1380 4014 1478 4071 melius
1493 4014 1680 4087 perpenditur,
1697 4014 1754 4088 qui-
1777 4057 1782 4066 .

957 4102 1051 4158 busde
1062 4101 1201 4175 seipscita
1220 4103 1371 4175 saepissime
1385 4102 1536 4159 fatebatur:
1563 4126 1574 4150 ·
1600 4103 1693 4169 lliror,
1709 4103 1754 4158 in-

957 4191 1023 4263 quit,
1057 4190 1202 4262 quosdam,
1226 4198 1255 4245 ut
1276 4190 1384 4257 dicitur,
1409 4192 1539 4263 gaudere,
1568 4206 1630 4246 cum
1657 4199 1756 4248 vacant

957 4277 1112 4349 praebenda
1122 4284 1168 4334 aut
1181 4277 1313 4345 ecclesie,
1325 4293 1395 4351 quas
1408 4294 1459 4350 pro
1467 4278 1543 4334 libitu
1558 4277 1663 4350 possint
1673 4279 1752 4336 novis

107 4377 168 4432 tatis
183 4394 249 4434 suae.
266 4380 338 4448 Quid
353 4381 387 4436 ad
402 4398 452 4438 uos
463 4381 497 4438 de
510 4382 553 4437 his
567 4383 664 4438 lNum
679 4383 810 4438 miramur
823 4382 905 4454 parti·
919 4366 1162 4438 DP⁰⁵⁵0³⁸⁰fibuS
1176 4365 1312 4422 0⁰¹¹s0¹f⁰·
1325 4366 1473 4422 vemenim
1483 4367 1627 4438 defflelp⁸0
1642 4367 1753 4442 ¹0<l¹¹⁰f2

106 4464 214 4520 culares
228 4466 364 4540 imagines
387 4470 466 4538 hujus
481 4470 564 4527 divini
588 4471 718 4538 moneris,
747 4471 792 4542 qui
821 4477 904 4525 totum

106 4560 131 4606 et
147 4552 283 4624 integrum
297 4557 349 4612 hcc
363 4557 474 4612 coeleste
490 4558 651 4614 sacrificium
669 4559 789 4630 quotidie
818 4559 904 4615 intue-

106 4655 169 4694 mur
187 4639 346 4699 frdelissimo
385 4654 495 4716 aspectu
523 4647 645 4702 mentis?
674 4648 809 4702 intueatur
832 4648 905 4703 illius

108 4727 219 4799 exiguas
242 4732 430 4802 portiunculas
464 4735 523 4789 visu
556 4750 705 4806 corporeo,
744 4736 789 4807 qoi
819 4743 904 4791 totum

107 4831 162 4870 non
177 4817 296 4873 intuetur
310 4820 373 4876 tidei
388 4830 534 4893 conspectu
558 4823 675 4879 interno.
696 4847 707 4871 a
724 4824 788 4880 Haec
798 4823 903 4891 dicens,

107 4908 344 4964 commendantem
366 4926 398 4965 se
427 4910 595 4967 orationibus
618 4912 676 4982 ejus
704 4913 903 4984 presbyterum,

106 4991 171 5048 data
185 4993 210 5049 ei
227 4996 424 5067 benedictione,
449 4999 524 5054 abire
542 4999 673 5070 permisit.
691 4999 810 5056 Suorum
838 5016 905 5057 vero

107 5081 292 5140 curiositatem
315 5086 493 5159 redarguens,
518 5087 546 5141 in
575 5087 637 5143 fidet
666 5088 802 5145 soliditate
829 5089 905 5159 ipsos

107 5183 161 5223 nou
190 5171 277 5227 solum
308 5175 454 5241 roboravit,
478 5175 533 5230 imo
567 5177 669 5231 certius
689 5192 722 5231 ea
750 5194 810 5248 quae
836 5176 905 5232 fides

108 5259 270 5326 praescribit,
287 5279 369 5334 quam
384 5279 415 5318 ea
426 5279 485 5335 quae
499 5263 545 5319 lux
563 5264 614 5319 ista
637 5264 751 5320 visibilis
774 5265 902 5331 ostendit,

108 5347 192 5401 teneri
207 5363 224 5403 a
239 5348 364 5405 fidelibus
388 5351 525 5408 debereet
548 5351 663 5424 intelligi
691 5352 904 5408 luculentissime

107 5430 265 5493 declaravit.

145 5527 190 5582 Sic
204 5525 322 5598 itaquae
337 5527 476 5599 proposito
490 5529 605 5586 curiose
622 5528 734 5586 visionis
748 5529 808 5586 illos
823 5544 904 5585 coer-

953 4454 1019 4520 quia
1032 4453 1099 4510 nibil
1114 4470 1234 4527 unquam
1247 4455 1276 4510 iu
1289 4456 1340 4511 bac
1355 4454 1409 4511 vita
1430 4455 1550 4511 animum
1564 4455 1600 4512 ita
1618 4455 1712 4513 afflixit
1721 4465 1751 4514 ut

954 4543 1034 4598 anxia
1049 4542 1201 4599 sollicitudo
1221 4558 1352 4613 personas
1368 4542 1480 4600 idoneas
1495 4544 1614 4616 eligendi
1643 4560 1676 4602 ac
1691 4545 1750 4599 dis-

954 4631 1094 4696 cernendi,
1111 4632 1210 4703 quibus
1225 4647 1344 4703 congrue
1359 4633 1444 4703 possit
1455 4633 1578 4705 regimen
1593 4633 1747 4689 vacantium

955 4719 1160 4790 praebendarum
1171 4727 1217 4774 aut
1230 4719 1393 4791 dignitatum
1407 4721 1539 4777 Ecclesiae
1553 4729 1652 4776 nostrae
1670 4737 1750 4777 ccm-

954 4807 1032 4862 mitti.
1049 4808 1107 4864 Nec
1122 4808 1269 4880 quidquam
1293 4809 1460 4863 mundanum
1477 4809 1546 4864 adeo
1560 4825 1604 4864 me
1629 4824 1748 4882 uuquam
1823 4810 1827 4819 ’

955 4895 1124 4952 contristavit
1150 4905 1180 4951 ut
1200 4913 1278 4952 error
1306 4897 1360 4964 ille,
1381 4897 1486 4970 quoad
1516 4896 1660 4952 multonim
1679 4913 1753 4969 saepe

955 4984 1219 5040 commendationem
1230 4985 1329 5040 talibus
1350 4985 1537 5042 ecclesiastica
1552 4984 1675 5041 concessi
1700 4986 1748 5042 be·

955 5072 1061 5135 noticia,
1079 5088 1148 5144 quos
1164 5071 1264 5128 frustra
1279 5073 1379 5130 credidi
1394 5073 1421 5127 in
1439 5072 1579 5129 canonicis
1597 5073 1748 5146 disciplinis

956 5177 1017 5214 esse
1031 5168 1166 5226 strenuos,
1179 5161 1243 5216 dom
1257 5177 1304 5217 eos
1320 5161 1501 5232 postmodum,
1526 5161 1656 5218 Ecclesia
1670 5163 1750 5219 bonis

956 5247 1053 5303 ditatos
1061 5264 1166 5304 momm
1174 5249 1341 5319 perversitas
1351 5249 1499 5304 ostenderit
1511 5248 1725 5320 fuisseignavcs.
1736 5271 1747 5302 s

955 5336 989 5389 Et
1003 5335 1113 5393 inbono
1128 5337 1237 5408 quidem
1252 5337 1362 5392 modum
1377 5336 1428 5390 sibi
1447 5352 1463 5392 a
1481 5337 1644 5408 quibusdam
1666 5337 1751 5394 fuisse

956 5423 1113 5495 subreptum
1129 5440 1182 5479 nou
1199 5426 1256 5479 sine
1271 5426 1374 5496 gemitu
1388 5427 1560 5496 querebatur.

991 5530 1121 5586 Novimus
1137 5546 1276 5587 varocum
1291 5547 1341 5602 pro
1356 5531 1436 5602 hujus
1445 5531 1583 5588 reierrore
1593 5530 1750 5605 diligentius
