3750 5984
63 184 117 240 dll'l
231 223 233 226 >
371 183 562 244 Exeosmo
582 186 619 244 IN
637 186 825 245 ttrsstotas
843 186 956 246 PAULI.
978 217 1013 232 -
1032 188 1070 245 IN
1087 189 1196 247 ttetsr.
1218 190 1243 246 11
1262 191 1310 247 AD
1328 191 1400 250 TIN.
1656 196 1708 252 lbd

65 315 175 380 tempus
189 306 317 364 idoneum
333 309 439 378 viderit,
460 311 587 368 adveniet
601 311 659 368 tibi.
676 314 793 369 Causam
808 328 861 384 po·
875 313 994 375 Abomo
1009 313 1121 381 dormit,
1138 314 1264 387 corporei
1288 331 1386 371 sensus
1406 315 1474 371 nihil
1488 324 1551 372 tunc
1566 316 1684 406 sentiunt
1700 333 1708 375 τ

65 395 106 450 nit
121 412 204 468 quare
227 397 362 453 sustinere
386 398 484 455 debeat
506 400 601 457 dicens
619 401 759 456 :Servare
777 401 861 457 debes
913 401 1001 456 anima
1016 410 1155 459 verotunc
1169 404 1228 459 sola
1242 403 1348 475 vigilat.

65 484 128 550 hoc,
145 486 232 541 donec
247 487 320 541 Deus
338 486 475 554 adveniat,
493 489 555 561 quia
568 488 614 544 ille
629 488 728 546 beatus
742 489 860 544 beatitu-
948 490 1019 558 Quia
1033 491 1159 563 superius
1169 492 1275 547 dixerat
1286 492 1387 547 Paulus
1399 509 1405 546 :
1418 492 1571 548 Habeamus
1581 492 1710 550 alimenta

66 572 158 628 dinem
172 574 246 629 dabit
259 575 307 629 tibi
321 575 343 630 si
359 575 492 631 sustineas
509 594 515 631 :
532 577 611 633 etille
622 578 805 649 soluspotcns
816 594 862 649 po
912 585 938 633 et
954 578 1112 635 indumenta
1127 580 1226 651 quibus
1250 588 1377 652 tegamur
1391 600 1398 648 3
1415 596 1449 636 ne
1469 581 1530 637 ideo
1552 582 1709 639 Timotheus

65 668 168 717 tentem
195 670 223 718 te
251 662 333 720 faciet
361 681 444 734 super
472 681 568 721 omnes
587 673 787 736 persecutores.
802 669 862 722 lies
912 666 1089 723 arbitraretur
1111 684 1244 739 pauperes
1269 677 1370 724 tantum
1404 669 1585 741 recipiendos,
1613 670 1710 727 divites

64 751 146 805 ctiam
160 767 257 823 regum
280 769 375 825 regem
389 760 415 809 te
437 752 517 809 saciet
534 771 540 809 :
558 754 621 826 quia
636 769 688 810 nec
702 762 861 825 persecuto·
912 771 978 810 vero
996 755 1030 809 ab
1044 755 1169 811 Ecclesia
1187 755 1370 827 repellendos,
1384 765 1480 813 contra
1500 757 1552 814 hoc
1571 757 1728 834 aitzbicet¹

63 854 134 905 rem,
164 856 215 897 nec
229 845 405 896 tentationem
419 858 481 897 cum
496 857 529 897 eo
550 842 654 913 positus
666 842 774 897 timebis
791 857 798 896 τ
815 841 861 913 qui
914 842 1050 897 alimentis
1065 850 1092 899 et
1107 844 1271 916 tegumentis
1293 851 1436 900 contentos
1459 860 1510 900 nos
1534 861 1595 901 esse
1610 846 1711 903 debere

64 925 147 981 etiarn
162 929 296 985 Domt'raus
310 937 352 984 est
366 929 634 986 dominantiumset
644 929 725 986 faciet
735 937 760 985 te
770 929 861 986 domi·
911 929 1037 1000 dixerim,
1068 947 1103 987 ne
1126 938 1216 987 tamen
1241 932 1353 1001 abjicias
1376 932 1483 1000 divites,
1506 933 1556 988 sed
1578 934 1716 991 divititas·

64 1016 127 1070 nari
140 1015 311 1072 inimioomm
325 1026 446 1072 tuorum.
906 1018 996 1090 hujus
1012 1020 1109 1075 seculi
1124 1021 1243 1092 precipe
1259 1037 1316 1077 non
1325 1037 1423 1094 supere
1433 1022 1561 1088 sublime,
1572 1014 1598 1077 id
1607 1030 1647 1077 est
1656 1037 1710 1078 non

100 1103 172 1160 Nota
186 1105 258 1177 quod
272 1105 383 1177 qnidam
397 1113 522 1176 potentes
544 1113 616 1172 sunt,
632 1121 683 1162 nec
702 1113 793 1161 tainen
808 1107 860 1161 do·
911 1114 1025 1177 propter
1040 1106 1147 1162 divitias
1158 1107 1299 1179 superbire
1311 1127 1318 1174 ;
1328 1110 1710 1181 nequesepcruret'ninccrto

63 1191 205 1247 minantur
219 1192 344 1249 aliorum.
363 1194 415 1262 Qui
425 1195 499 1249 Deus
510 1195 586 1250 solos
596 1193 679 1249 babet
689 1195 861 1250 tmmortutt-
912 1195 1091 1261 divitiorum,
1108 1195 1191 1250 idest
1207 1196 1235 1249 in
1244 1195 1356 1252 incertis
1366 1196 1477 1265 divitiis,
1487 1197 1565 1269 quasi
1575 1198 1620 1269 qui
1628 1197 1710 1253 hodie

65 1283 166 1346 tutem,
195 1280 222 1336 id
252 1288 294 1337 est
316 1281 586 1336 immutabilitatem:
604 1281 665 1354 quia
698 1297 806 1348 semper
833 1281 861 1336 in
910 1283 1002 1348 hahet,
1018 1298 1081 1338 cras
1097 1282 1214 1339 fortasse
1224 1298 1279 1340 non
1290 1284 1432 1340 habiturus
1443 1293 1492 1352 est,
1501 1284 1548 1341 scd
1555 1301 1668 1357 sperare
1678 1287 1710 1341 tn

61 1368 161 1424 eodem
171 1376 241 1424 statu
251 1377 394 1440 permanet
406 1369 467 1441 :qui
477 1370 560 1425 etiam
571 1370 681 1426 habitat
693 1371 794 1426 lucem.
806 1369 861 1425 Lo·
910 1374 965 1428 Deo
975 1379 1136 1440 ;etcausam
1147 1373 1236 1427 subdit
1243 1387 1342 1445 quare:
1355 1376 1402 1446 qut
1414 1374 1486 1429 Deus
1493 1377 1615 1446 prestet
1630 1374 1710 1431 nobis

63 1457 157 1528 quitur
170 1456 205 1513 de
219 1459 278 1513 Deo
299 1473 315 1513 a
336 1457 512 1513 similitudine
533 1458 604 1512 illius
625 1457 671 1529 qui
685 1457 818 1513 habitaret
833 1457 862 1511 in
911 1462 1007 1516 omniu
1022 1461 1213 1517 abuudemon
1224 1461 1311 1516 solum
1327 1461 1361 1516 ad
1371 1461 1510 1528 utendum,
1522 1461 1571 1517 sed
1581 1461 1662 1517 etiam
1673 1461 1710 1518 ed

63 1543 206 1616 splendida
229 1546 352 1617 regione.
380 1545 497 1612 Habitat,
524 1545 646 1617 iuquam,
668 1545 756 1600 lucem
773 1561 780 1600 t
797 1545 861 1617 quia
910 1548 1075 1619 fruendum,
1092 1548 1184 1615 idest,
1201 1564 1262 1605 cuin
1267 1549 1436 1618 jucunditate
1451 1558 1558 1604 utamur
1572 1549 1635 1604 illis.
1646 1549 1711 1605 Frui

62 1633 153 1688 omnis
167 1649 232 1690 vera
246 1634 291 1689 lux
305 1634 407 1689 habitat
416 1633 444 1688 in
453 1649 496 1689 eo.
513 1633 614 1689 Lucem
629 1633 689 1690 dico
704 1635 898 1729 inaccessi-B
912 1636 1026 1692 dicimus
1040 1637 1075 1693 de
1091 1653 1118 1693 re
1134 1652 1194 1708 quae
1210 1637 1303 1693 suavis
1313 1645 1354 1693 est
1364 1645 1391 1693 et
1401 1636 1473 1692 utilis
1485 1653 1491 1692 :
1504 1637 1541 1692 uti
1550 1653 1613 1694 vero
1622 1637 1658 1693 de
1668 1654 1710 1708 re,

64 1721 160 1790 bilem,
177 1721 204 1777 id
219 1722 308 1778 estad
324 1738 404 1795 quam
424 1722 515 1777 lucem
540 1721 746 1793 intelligendam
768 1720 860 1777 nullus
914 1740 984 1796 quae,
1000 1724 1064 1781 lieet
1079 1724 1152 1779 utilis
1167 1725 1210 1792 sit,
1227 1740 1350 1780 amarum
1365 1733 1456 1781 tamen
1471 1742 1551 1781 usum
1565 1725 1644 1781 habet
1662 1733 1711 1795 ;ut

63 1810 197 1866 accedere
211 1818 301 1882 potest
318 1828 325 1864 :
341 1811 414 1882 quod
424 1809 483 1880 ipse
493 1810 655 1866 determinat
665 1809 769 1879 ,dicens
778 1810 861 1865 tnnc·
911 1812 1003 1883 plures
1016 1813 1169 1883 potationes
1184 1830 1245 1885 quae
1267 1828 1390 1868 amarum
1415 1822 1524 1887 gustum
1548 1813 1658 1881 habent,
1683 1820 1711 1868 et

63 1898 229 1965 cessibilem,
246 1899 317 1965 ideo,
333 1899 394 1970 quia
409 1914 491 1971 quam
505 1899 594 1954 lucem
609 1898 715 1964 iubeo,
727 1897 862 1969 velquem
912 1899 992 1955 utiles
1017 1908 1088 1956 sunt.
1113 1901 1234 1972 Praeeipe
1261 1901 1341 1957 etiam
1363 1900 1492 1957 divitibus
1515 1901 1583 1958 liene
1607 1917 1709 1974 opere:

64 1987 155 2041 Deum
169 1986 197 2041 in
210 1986 279 2054 luce,
295 1988 394 2043 nullus
405 1987 552 2044 hominum
563 1987 713 2042 secundum
723 1987 862 2042 hominem
913 2004 1015 2061 eosque
1028 1989 1093 2058 fieri
1106 1989 1207 2045 diuites
1223 1990 1255 2044 in
1271 1989 1350 2045 boola
1360 1991 1489 2062 operibus
1504 2009 1512 2045 :
1527 2006 1588 2062 quae
1603 1993 1673 2045 auro'
1683 1996 1711 2044 ει

63 2074 148 2141 vidit,
164 2075 211 2131 sed
230 2075 329 2132 meede
354 2074 444 2130 futuro
467 2075 615 2130 secundum
639 2075 711 2146 quod
726 2075 808 2130 homo
822 2081 863 2130 est
912 2085 1027 2148 argento
1041 2077 1145 2148 potiora
1162 2076 1283 2134 334
1308 2084 1379 2132 sunt.
1396 2077 1516 2148 Praecipe
1530 2077 1611 2132 etiarn
1625 2077 1712 2148 focile

64 2163 159 2219 videre
167 2167 259 2235 potest
276 2183 285 2221 :
301 2164 348 2220 cui
360 2164 419 2219 Deo
435 2171 475 2218 εει
498 2163 586 2236 gloria
610 2162 759 2218 secundum
774 2162 861 2218 deita-
914 2165 1037 2221 tribuere
1051 2181 1100 2221 sua
1113 2165 1279 2236 pauperibus
1295 2180 1367 2232 ;nec
1381 2165 1433 2221 hoe
1451 2164 1548 2232 solum,
1561 2164 1610 2220 sed
1630 2165 1711 2220 etiam

64 2258 147 2317 tem;
190 2251 288 2317 honor,
324 2251 473 2308 secundum
506 2251 663 2316 bominem;
697 2252 860 2322 imperium,
912 2253 940 2308 in
949 2253 1028 2309 bonis
1037 2253 1093 2308 suis
1103 2252 1529 2325 cornmucmarepauperibusut
1539 2252 1647 2309 divitias
1657 2268 1713 2309 non

63 2339 215 2395 secundum
228 2339 362 2410 judicium
378 2354 432 2411 quo
452 2339 565 2409 judicat,
592 2346 618 2394 et
638 2338 863 2409 judicatumsest
912 2341 1002 2414 magis
1017 2340 1116 2396 iaciant
1145 2338 1271 2413 proprias
1299 2341 1360 2408 sibi,
1387 2356 1467 2412 quam
1497 2340 1593 2413 egenis
1608 2360 1614 2408 ;
1631 2349 1658 2396 ει
1673 2340 1713 2398 sic

63 2428 322 2500 omnes.lmperium
330 2428 391 2485 dico
402 2428 559 2483 duraturum
569 2427 597 2482 in
607 2429 862 2499 sempitexxsum:et
913 2428 1100 2485 distribuendo
1109 2445 1167 2495 sua,
1179 2428 1367 2500 praecipeillos
1378 2427 1571 2484 thesaurizure
1582 2427 1635 2485 sibi
1644 2431 1713 2500 sun·

64 2517 138 2590 quod
153 2524 217 2588 opto
229 2525 259 2572 ut
274 2517 308 2571 sit
318 2517 342 2572 ei
351 2516 437 2588 gloria
448 2525 474 2571 et
486 2517 583 2585 honor,
597 2517 695 2581 Amce,
705 2514 733 2570 id
743 2522 784 2570 est
790 2521 863 2570 certe
913 2517 1091 2583 dementum,
1107 2516 1136 2571 id
1152 2524 1194 2572 est
1208 2516 1322 2571 virtutes
1337 2515 1365 2570 in
1376 2516 1475 2588 quibus
1486 2515 1598 2571 firmiter
1607 2516 1713 2572 fundati

63 2605 104 2660 ita
113 2605 165 2660 erit
175 2613 202 2660 et
212 2604 309 2661 deesse
319 2604 422 2677 nequit.
434 2603 585 2677 Notaquod
593 2603 658 2660 dicit
666 2603 764 2660 Nullus
774 2602 863 2658 homi·
914 2604 976 2660 sint.
994 2604 1046 2673 Qui
1064 2604 1137 2660 enim
1151 2604 1233 2660 hodie
1252 2611 1343 2661 castus
1368 2612 1418 2670 est,
1433 2619 1497 2660 cras
1520 2604 1652 2672 incestus,
1668 2605 1713 2662 hie

63 2709 130 2748 num
146 2695 233 2749 Deum
249 2693 333 2750 vidit:
349 2693 377 2748 in
392 2708 425 2748 eo
441 2693 603 2764 quodhomo
615 2699 656 2747 est
666 2691 754 2764 accipi
764 2691 859 2745 debet:
913 2692 990 2765 quasi
1005 2693 1151 2749 inlubrico
1178 2701 1205 2749 et
1219 2709 1274 2748 non
1289 2692 1317 2747 in
1342 2690 1517 2748 fundamento
1532 2708 1591 2749 eam
1606 2693 1712 2748 habuit.

64 2782 131 2856 quia
145 2790 171 2837 et
184 2780 285 2837 Paulus
299 2789 393 2852 raptus
408 2788 448 2836 est
461 2781 495 2836 ad
510 2780 620 2836 tertium
634 2780 742 2848 coelum,
753 2778 799 2834 ubi
810 2792 862 2832 au·
914 2781 1132 2837 Fundamentum
1147 2781 1208 2837 dico
1223 2782 1337 2848 bonum,
1348 2780 1429 2837 idest
1439 2781 1713 2853 utile‚infuterum,·

63 2870 132 2927 divit
146 2886 208 2942 quae
222 2885 278 2926 non
298 2869 397 2925 licebat
420 2868 514 2924 audire
542 2869 646 2924 homini
662 2884 668 2922 :
686 2884 748 2925 cum
771 2874 863 2922 tamen
912 2868 1506 2943 adbosutperilludcpprehcndnntvitum
1516 2871 1714 2942 eternumqui

63 2958 164 3014 Paulus
179 2966 207 3015 ει
221 2971 366 3030 antequam
381 2966 531 3029 raperetur,
543 2965 570 3013 et
585 2964 655 3029 post,
671 2957 754 3012 hoino
767 2954 859 3011 fuerit.
912 2958 956 3014 bic
972 2958 1001 3013 in
1014 2958 1158 3015 virtutibus
1170 2957 1274 3014 fundati
1290 2966 1363 3013 sunt.
1379 2958 1414 3014 Ut
1429 2965 1519 3013 autem
1535 2959 1569 3013 de
1586 2957 1715 3013 divitibus

64 3049 100 3103 ttt
113 3063 176 3104 cum
190 3047 224 3103 de
238 3047 342 3102 Joanne
356 3045 527 3118 evangelista
538 3045 611 3101 idem
626 3045 728 3101 lactum
740 3045 784 3111 sit,
800 3045 863 3101 ideo
879 3019 940 3102 Get
954 3047 988 3102 de
1003 3046 1131 3102 omnibus
1144 3063 1204 3118 quae
1219 3046 1335 3118 praecepi
1351 3061 1447 3101 sanam
1458 3046 1658 3102 observantiam
1677 3046 1717 3101 la·
1774 3083 1776 3085 >

62 3136 146 3192 homo
162 3136 311 3192 secundum
325 3134 398 3207 quod
413 3142 454 3190 εει
476 3134 568 3201 horno,
584 3133 675 3190 lucem
691 3133 805 3188 Deitatis
819 3132 862 3188 vi·
913 3133 1074 3202 cias,ideo‚o
1091 3135 1539 3207 Timothee,custodidepositum,
1552 3134 1579 3189 id
1592 3144 1634 3190 est
1644 3149 1716 3191 com·

63 3225 132 3281 dere
146 3240 202 3280 non
216 3223 315 3280 sufficit
330 3240 336 3277 τ
353 3223 417 3294 quia
439 3221 529 3277 anima
553 3221 669 3276 hominis
693 3220 863 3276 incarcerata
912 3222 1027 3277 missum
1042 3228 1067 3277 et
1082 3222 1215 3278 creditum
1238 3222 1286 3276 tibi
1301 3223 1400 3278 donum
1418 3222 1536 3293 Spiritus
1552 3223 1652 3280 sancti.
1667 3223 1717 3279 Ut-

60 3312 225 3384 dcprimitur
252 3311 280 3366 in
308 3327 398 3378 carne,
427 3309 544 3382 ideoque
573 3325 627 3366 nec
649 3309 753 3381 aliquid
768 3309 863 3364 videre
912 3327 965 3383 que
981 3310 1051 3366 bene
1074 3310 1224 3375 custodias,
1246 3317 1304 3367 esto
1320 3311 1448 3367 deciduos
1464 3312 1616 3377 novimtes,
1631 3311 1716 3368 idest

61 3387 161 3472 potest}
177 3401 222 3457 vel
236 3400 369 3474 cogitare,
399 3398 451 3455 nisi
474 3399 592 3455 excitata
614 3398 706 3470 aliquo
730 3411 862 3468 corporeo
911 3398 1032 3455 alternas
1057 3396 1274 3470 aequipollentias
1297 3414 1395 3455 vocum
1423 3398 1486 3453 lidei
1510 3406 1611 3455 nostrae
1628 3418 1634 3453 :
1651 3399 1716 3471 quia

62 3505 157 3556 sensu,
173 3488 244 3556 visu,
259 3487 303 3544 vel
318 3487 420 3556 auditu,
430 3487 472 3543 vel
483 3486 648 3556 hujusmodi.
659 3483 728 3554 Quia
738 3485 761 3539 si
772 3499 862 3557 quan·
911 3486 1035 3557 prolanae
1049 3493 1121 3541 sunt.
1138 3485 1264 3542 Haeretici
1280 3486 1352 3541 enim
1367 3501 1450 3542 voces
1461 3485 1560 3558 quibus
1572 3485 1654 3541 fidem
1664 3486 1716 3543 Dei

63 3577 112 3632 diu
125 3577 214 3632 anima
226 3577 254 3632 in
269 3591 381 3634 carcere
395 3575 486 3630 carnis
499 3574 645 3639 clauditur,
661 3572 755 3643 nequit
770 3571 862 3628 facere
911 3572 1084 3642 confitemur,
1101 3581 1216 3641 mutant,
1234 3574 1360 3644 ponendo
1379 3573 1586 3646 aequipollentes
1602 3588 1608 3627 :
1626 3574 1714 3630 donec

62 3664 210 3737 quidquam
227 3683 235 3733 3
251 3665 275 3719 si
289 3680 344 3720 non
368 3663 501 3719 excitetur
514 3678 564 3734 per
577 3676 725 3732 corporeos
739 3675 837 3715 sensus
853 3676 860 3714 :
912 3662 1015 3718 sensim
1029 3678 1080 3732 per
1096 3662 1146 3716 bas
1161 3660 1376 3734 aequipollentias
1390 3661 1528 3717 incautum
1538 3659 1646 3717 fidelem
1661 3661 1714 3718 de·

62 3753 98 3810 de
112 3753 211 3825 quibus
222 3752 331 3825 planum
347 3760 398 3818 εει,
419 3751 491 3823 quod
514 3749 558 3806 vix
582 3764 679 3820 parum
693 3749 728 3804 de
743 3749 802 3803 Deo
817 3747 861 3802 in·
912 3749 1035 3821 ceperint
1051 3767 1057 3804 :
1075 3764 1159 3821 quare
1174 3748 1298 3821 praecipit
1319 3748 1454 3805 novitates
1470 3764 1566 3805 vocum
1578 3749 1711 3806 devitarc.

63 3842 189 3913 telligunt
205 3858 212 3897 :
226 3840 394 3898 credendum
410 3847 452 3895 est
466 3838 538 3911 quod
550 3853 601 3894 nec
624 3837 712 3892 anima
730 3834 859 3900 hominis,
912 3837 1010 3894 Devita
1024 3837 1103 3893 etiam
1129 3839 1326 3910 oppositiones,
1352 3837 1379 3891 id
1395 3844 1436 3893 εει
1450 3837 1647 3908 disputationes
1662 3853 1711 3893 so-

64 3929 185 4003 quandiu
199 3930 227 3985 in
240 3928 352 3985 homine
368 3936 419 3994 εει,
435 3927 463 3981 in
478 3925 632 3998 cognitione
648 3925 698 3980 bei
713 3938 862 3995 corporeos
910 3926 1071 3998 phistarum.
1089 3924 1284 3997 Oppositiones
1299 3925 1361 3982 dico
1371 3927 1500 3982 scientie
1512 3942 1572 3999 quaa
1586 3933 1628 3982 est
1641 3927 1712 3998 salsi

63 4034 161 4076 sensus
175 4017 291 4075 excedit.
308 4017 337 4073 Si
350 4024 439 4072 autem
452 4014 541 4070 anima
568 4013 653 4081 Pauli,
669 4028 717 4068 seu
737 4010 860 4078 loannis,
910 4014 1036 4070 nominis
1050 4033 1059 4069 .·
1075 4012 1145 4068 falso
1160 4013 1234 4068 enim
1248 4020 1361 4069 vocatur
1374 4013 1496 4083 scientia,
1514 4013 1576 4086 quia
1587 4029 1710 4071 verono-

63 4107 98 4164 de
111 4107 172 4163 Deo
183 4105 250 4162 vidit
264 4105 338 4178 quod
351 4103 445 4160 videre
467 4101 570 4158 homini
593 4115 647 4157 non
670 4100 761 4165 locuit,
785 4097 862 4155 credi
910 4102 982 4157 mine
997 4110 1141 4158 vocaretur
1159 4101 1324 4172 insipientia.
1343 4101 1432 4168 Quam
1456 4099 1552 4156 salsam
1568 4101 1710 4158 scientiam

63 4202 172 4267 oportet
191 4193 263 4266 quod
277 4192 320 4249 vel
334 4192 426 4248 anime
440 4191 499 4260 elus
511 4189 620 4261 penitus
642 4189 687 4244 illa
711 4188 777 4244 hora
797 4202 860 4243 cor·
910 4188 1460 4264 quidampromittentes‚idestjactantes
1472 4205 1501 4244 εε
1511 4188 1623 4257 habere,
1633 4192 1710 4247 ceci·

63 4298 116 4356 pua
144 4281 274 4351 deseruit,
299 4280 343 4338 vel
378 4279 400 4335 si
424 4280 591 4350 incorpore
620 4275 734 4346 mansit,
764 4289 860 4329 omnes
910 4279 1016 4336 derunt
1031 4278 1213 4348 eircnfidem‚
1229 4277 1257 4331 id
1272 4285 1313 4332 est
1328 4276 1467 4348 perierunt
1486 4276 1551 4349 :qui
1566 4276 1710 4334 noluerunt

61 4385 161 4427 sensus
185 4369 308 4442 corporis
336 4368 463 4437 excessit,
491 4374 519 4422 et
540 4365 691 4423 secundum
713 4364 772 4419 haec
786 4369 897 4435 extra‘l)
910 4361 1016 4435 ingredi
1034 4361 1067 4416 ad
1082 4359 1174 4416 fidem.
1200 4361 1235 4415 Et
1255 4367 1284 4416 ut
1307 4360 1361 4416 hoc
1386 4359 1538 4431 depositum
1560 4361 1708 4430 custodias,

62 4459 203 4515 bominem
221 4457 270 4513 fnit
286 4475 293 4512 :
310 4457 372 4530 qnia
400 4464 464 4511 tunc
495 4454 626 4527 temporis
656 4451 733 4524 quusi
761 4445 869 4506 mortui'
910 4452 1006 4524 pretio
1015 4449 1066 4505 Dei
1076 4448 1111 4503 sit
1122 4453 1226 4519 tecum,
1238 4448 1339 4516 Amen,
1352 4448 1378 4503 id
1389 4447 1474 4503 estita
1483 4457 1557 4505 certe
1568 4449 1710 4519 erit;vide

61 4547 138 4604 luere
151 4545 277 4617 corporei
296 4544 488 4602 sensus.Unde
498 4543 617 4598 visiones
628 4540 718 4613 magis
727 4537 864 4594 dormien-
912 4546 1005 4593 tamen
1019 4542 1049 4592 ut
1063 4551 1235 4608 perseveres.

60 4637 134 4693 tibus
167 4635 346 4692 ostenduntur
372 4624 666 4705 quam'vigitansibus.
693 4631 764 4685 Dum
791 4626 863 4683 enim

62 4765 1705 4796 W

372 4874 618 4934 ARGUMENTUN
636 4874 673 4929 IN
691 4869 888 4928 nrtsxohxtt
907 4867 1097 4924 snuurtnatt
1114 4868 1163 4923 Ab
1181 4866 1400 4924 TINOTHEUM.
1492 4880 1496 4890 “
1515 4869 1520 4881 ’

98 5005 166 5063 ltern
180 5004 321 5060 Timotheo
336 5001 430 5059 scribit
444 5001 478 5057 de
493 4998 678 5056 exhortatione
692 4994 828 5069 martyrii,
845 5001 872 5050 et
885 4994 974 5050 omnis
987 4990 1091 5065 regulae
1104 4989 1226 5047 veritatis
1242 5005 1249 5046 :
1265 4999 1291 5048 et
1306 4991 1371 5064 quid
1391 4990 1512 5047 futurum
1526 4990 1560 5047 sit
1574 4990 1706 5066 tempori-

61 5079 115 5134 bns
129 5074 285 5133 novissimis
302 5091 309 5129 :
325 5081 351 5129 et
366 5072 400 5128 de
415 5086 466 5127 sua
478 5070 617 5142 passione,
634 5068 756 5125 scribens
770 5066 795 5122 ei
809 5066 844 5121 ab
859 5064 927 5120 urbe
941 5063 1036 5119 Roma.

69 5193 1093 5226 W

491 5295 714 5360 PROLOGUS
734 5294 773 5355 B.
795 5290 1006 5356 BRUNONIS
1026 5290 1067 5352 IN
1088 5289 1271 5350 EAMDEM.

99 5429 247 5490 Praemisso
259 5431 380 5503 Epistola
394 5446 412 5487 a
427 5430 514 5488 horna
530 5429 614 5486 missa
627 5427 727 5486 dicitur
741 5442 803 5483 esse
814 5425 861 5482 Ti·
914 5425 1002 5481 Roma
1013 5423 1085 5479 hanc
1099 5421 1248 5480 secundam
1261 5418 1344 5476 misit.
1364 5420 1508 5493 Postquam
1524 5418 1597 5477 enim
1611 5420 1708 5480 Paulus

63 5521 179 5579 motheo
192 5536 208 5576 a
221 5519 315 5578 Paulo.
332 5518 402 5590 Quia
415 5518 439 5575 si
452 5519 569 5592 primam
590 5522 705 5586 conset,
720 5513 782 5588 qaia
804 5519 861 5570 eta
903 5511 1029 5570 nomam
1042 5509 1132 5580 venit,
1147 5508 1212 5567 inde
1225 5523 1280 5566 non
1294 5507 1421 5566 discessit
1435 5508 1523 5565 donec
1535 5522 1587 5581 pro
1601 5508 1710 5570 Christo

131 5618 255 5675 Parnon.
275 5616 365 5674 GLlll.
1591 5609 1625 5664 tt
