3742 5986
56 187 108 242 2⁰1
370 184 560 268 nxroslrlo
580 187 618 243 ΙΝ
636 184 824 244 EPISTOLAS
843 185 955 244 PAULI.
976 215 1012 229 ··
1030 188 1068 245 IN
1085 188 1195 246 EPIST.
1216 190 1293 245 lan
1313 187 1393 246 COR.
1653 192 1706 247 202

59 309 213 366 indiscrete
226 324 275 366 eos
287 311 343 367 vult
358 310 433 383 loqui
447 311 567 384 linguis,
592 328 627 368 ne
645 311 801 381 judicentur
814 311 858 365 in·
873 312 972 374 Adice
987 313 1063 370 vobis
1074 315 1164 370 :sicut
1179 330 1231 386 ego
1246 313 1319 370 idem
1328 314 1409 371 docco
1420 315 1451 370 in
1466 314 1593 372 omnibus
1607 315 1706 370 Eccle-

61 396 142 465 sani3
159 414 211 455 nec
225 399 325 454 iterum
347 400 404 456 vult
425 415 472 456 eos
494 401 601 472 penitus
624 400 738 471 rejicere
759 399 861 455 donum
909 403 970 467 siis,
1001 402 1152 458 doctrinam
1189 420 1269 475 quam
1303 402 1444 458 imitamini
1461 421 1467 457 :
1485 402 1548 474 quia
1575 400 1707 457 Ecclesiis

59 487 120 555 Dei,
137 487 250 554 scilieet,
276 487 350 559 loqui
363 488 473 561 huguis,
490 488 651 544 determinat
665 488 800 561 quomodo
816 497 861 543 ut·
910 495 1083 548 cunctorum.
1096 491 1145 547 Vel
1158 491 1226 547 illud
1236 492 1307 547 idem
1319 491 1441 563 sequenti
1456 491 1552 547 litterae
1564 491 1705 561 juugitur:

60 583 143 630 antur
157 576 211 632 hoc
225 577 361 648 praecipue
376 584 403 632 ει
425 577 485 632 aliis
505 578 584 633 donis
602 592 608 631 :
624 577 716 633 omnia
738 576 862 633 iaciendo
911 579 1014 636 Omnes
1028 580 1136 651 quidem
1152 580 1201 635 viri
1216 582 1380 651 prophetare
1400 588 1524 651 possunt,
1536 577 1585 635 sed
1606 577 1706 633 mulie-

62 664 98 719 ad
115 663 261 720 utilitatem
274 665 402 736 proximi.
419 665 516 721 Littera
526 667 565 723 sic
577 666 719 740 jungitur:
737 665 863 735 Quando
911 685 956 724 res
970 684 1110 739 nunquam
1127 684 1133 722 :
1150 678 1176 724 et
1191 670 1243 726 hoc
1257 668 1319 724 dico
1341 669 1408 724 sicut
1425 668 1452 723 in
1467 666 1593 723 omnibus
1607 666 1707 721 Eccle-

61 752 175 826 quidem
195 752 295 827 linguis
314 754 506 810 tumultuantes
530 754 619 810 insani
642 755 767 811 dicimur.
792 755 861 809 Pro·
911 757 959 812 siis
974 757 1060 814 doceo
1076 773 1082 811 z
1098 756 1153 812 imo
1169 760 1284 814 taceant
1297 758 1433 813 mulieres
1444 758 1476 811 in
1493 756 1618 812 ecclesiia
1629 774 1638 810 .·
1649 771 1707 810 non

57 842 204 912 phetantes
218 857 284 898 vero
299 843 385 898 Deum
401 842 429 897 iu
444 843 522 898 nobis
532 843 634 899 hahere
645 843 771 899 dicimur.
792 842 862 911 outa
911 847 988 901 enim
1001 860 1018 900 a
1032 861 1076 901 me
1091 845 1133 900 vel
1147 844 1200 900 alio
1215 845 1327 900 doctore
1339 845 1519 917 permittitur·
1528 843 1607 915 eirjn
1621 841 1710 899 eccle·

59 944 124 1001 erqo
139 928 298 986 iaciendum
312 934 364 998 eat,
376 934 507 1003 fratreri
522 930 720 1002 Prophetabitis
740 946 860 1001 semper,
912 933 951 987 sia
966 935 1060 1006 loqui:
1074 934 1121 989 red
1136 932 1264 1004 praecipio
1278 948 1326 988 eas
1340 933 1440 1005 ubique
1456 933 1581 988 subditur
1596 947 1655 988 erse
1667 932 1707 987 rri-

60 1017 198 1090 neglectis
212 1018 320 1090 penitus
339 1019 462 1093 linguis?
480 1020 589 1076 ilinime
606 1020 675 1076 :sed
685 1035 862 1076 cumeonne-
911 1022 962 1091 ris,
979 1021 1078 1093 quibus
1090 1037 1120 1077 se
1136 1019 1318 1092 parificarent,
1335 1021 1358 1075 si
1372 1021 1401 1075 in
1416 1020 1532 1076 eeclesia
1545 1019 1620 1091 loqui
1634 1035 1708 1091 prae-

59 1107 144 1172 nitis,
161 1107 353 1181 unusquisque
364 1108 448 1165 hebet
461 1108 564 1165 donum
579 1124 669 1163 sunm.
686 1108 762 1163 alins
779 1106 862 1163 trahet
912 1116 1060 1164 sumerent.
1076 1109 1111 1163 lit
1125 1109 1177 1164 hoc
1192 1109 1226 1164 de
1243 1108 1403 1163 mulieribus
1427 1108 1500 1174 dico,
1517 1107 1590 1179 quod
1610 1106 1708 1162 subdi-

57 1196 217 1267 prctmum,
241 1204 270 1251 ut
291 1204 392 1263 cantet,
416 1196 461 1252 vel
478 1197 670 1268 interpretetur
689 1196 810 1268 psalmos
834 1194 862 1249 in
912 1205 946 1253 tae
959 1198 1022 1263 sint,
1039 1198 1113 1254 sient
1129 1198 1216 1253 etium
1229 1198 1277 1253 lex
1287 1197 1357 1253 dicit
1371 1197 1399 1252 in
1415 1196 1517 1253 Genesi
1533 1214 1540 1251 ι
1558 1219 1569 1244 ιι
1588 1196 1642 1250 Sub
1657 1193 1708 1250 viri

59 1282 198 1339 Ecclesia.
210 1284 287 1339 Alius
298 1285 379 1341 hahet
390 1285 560 1352 doetmncm,
571 1294 601 1340 ut
610 1285 678 1341 sciat
687 1284 862 1340 instruerede
912 1293 1047 1357 potestate
1055 1286 1120 1352 eris,
1133 1285 1223 1356 etipse
1235 1283 1419 1340 dominabitur
1428 1284 1467 1338 tui
1477 1283 1557 1355 (Gen.
1569 1299 1609 1352 ur,
1623 1282 1677 1353 16).
1692 1302 1703 1331 ι

60 1371 197 1428 moribus.
209 1372 285 1428 Alius
300 1372 382 1430 habet
396 1374 602 1446 Apocalypsin,
614 1373 640 1428 id
665 1381 706 1429 est
716 1372 862 1429 revelatio·
911 1373 1040 1429 Dicercnt
1054 1373 1107 1429 illae
1123 1391 1129 1427 :
1145 1373 1280 1429 Nolumus
1303 1372 1377 1445 loqui
1396 1373 1445 1428 sed
1468 1379 1571 1427 tanturn
1586 1371 1706 1426 interro·

61 1477 124 1517 nem
140 1461 321 1518 occultorum.
345 1463 408 1518 llaec
430 1462 481 1516 tria
503 1462 594 1533 posuit
613 1461 702 1518 solum
716 1462 750 1516 ad
764 1460 862 1515 simili·
912 1478 988 1535 gare.
1000 1463 1062 1518 Non
1078 1462 1118 1519 sic
1133 1461 1234 1533 utique.
1246 1462 1299 1518 Sed
1312 1463 1337 1517 ai
1347 1462 1413 1533 qnid
1423 1462 1522 1518 volunt
1532 1460 1649 1527 discere,
1658 1459 1708 1514 in·

61 1549 186 1605 tudinem
203 1568 211 1616 ;
227 1550 281 1606 duo
296 1566 358 1621 qnae
370 1557 531 1622 sequuntur,
544 1551 579 1605 ad
589 1550 776 1606 intentionem.
786 1548 862 1605 Alius
913 1555 1055 1623 terropent
1069 1552 1142 1607 uiros
1157 1566 1229 1616 auor,
1246 1565 1301 1604 uon
1317 1550 1344 1604 in
1359 1549 1486 1615 ecclesia,
1509 1548 1557 1604 sed
1572 1548 1648 1604 domi
1659 1566 1667 1602 :
1678 1546 1707 1601 in

60 1637 144 1694 trahet
160 1639 288 1710 linquam
305 1638 483 1711 incognitam.
496 1638 574 1694 Alius
583 1640 897 1725 hutetqinterprete·3
912 1638 1030 1695 ecclesie
1044 1653 1194 1710 nunquam.
1211 1638 1367 1710 Nomioqui
1381 1640 1414 1694 in
1429 1638 1558 1705 ecclesie,
1573 1640 1655 1708 turpe
1666 1638 1708 1691 ert

62 1728 174 1782 tionem
198 1724 407 1798 scripturarum,
431 1726 460 1782 id
483 1735 524 1782 est
542 1726 711 1798 prophetiam
728 1734 777 1781 :et
799 1740 862 1782 cum
913 1728 1038 1795 mulieri,
1055 1726 1082 1781 id
1098 1734 1140 1782 est
1155 1733 1262 1797 turpem
1274 1734 1300 1781 et
1323 1725 1507 1797 impudentem
1527 1725 1623 1796 prohat
1643 1739 1708 1778 rnu-

58 1814 117 1871 haro
132 1813 229 1870 omnia
242 1814 386 1871 habeatis:
403 1815 500 1871 omnin
514 1814 580 1870 hant
594 1815 622 1869 in
644 1815 722 1871 vobis
736 1814 772 1869 ud
792 1814 860 1869 oeut-
912 1815 1017 1871 liorem.
1034 1816 1098 1871 Haec
1113 1815 1147 1870 de
1161 1813 1301 1885 prophetis
1316 1821 1343 1868 et
1358 1813 1526 1880 mulieribus,
1543 1820 1709 1884 etquaecun-

60 1903 229 1971 ficationem
237 1903 377 1959 Ecclesiae.
390 1902 452 1959 Sive
466 1902 533 1957 illud
548 1902 661 1969 faciatis,
672 1902 728 1957 sive
744 1901 860 1958 143
913 1920 966 1976 que
982 1920 1063 1975 supra
1083 1901 1174 1968 docui,
1198 1902 1280 1957 nolite
1303 1901 1486 1972 superbiendo
1511 1900 1654 1972 repellere,
1680 1906 1709 1954 ut

61 1990 136 2046 aliud
163 2005 170 2044 τ
193 1992 251 2047 sive
284 1992 387 2064 aliquis
426 1992 551 2064 loquitur
579 1992 678 2062 linquo
704 1989 861 2062 incognita,
913 1991 1045 2048 novitates
1061 1998 1166 2046 vestras
1177 1989 1311 2046 inducatis
1324 1989 1400 2061 :quia
1408 2007 1448 2045 an
1461 1989 1561 2045 anobis
1571 1987 1709 2060 processit

61 2078 113 2134 i¹0⁰
128 2077 349 2135 detrectandam
364 2079 443 2144 duct,
468 2079 496 2133 id
517 2087 558 2134 cst
576 2078 684 2134 duobus
698 2085 803 2133 tantum
823 2076 863 2132 sic
913 2081 1027 2139 vertum
1038 2080 1089 2134 Dei
1099 2079 1134 2134 ad
1148 2078 1214 2133 alias
1227 2078 1377 2145 Ecclesiae,
1390 2085 1419 2132 ut
1433 2076 1515 2133 modo
1530 2092 1615 2132 novas
1628 2075 1710 2130 indu·

60 2166 135 2238 loqui
150 2165 280 2238 permitto
297 2182 303 2221 :
320 2171 372 2223 cut
388 2167 536 2223 secundum
552 2171 619 2232 tres,
630 2171 664 2223 ut
678 2168 803 2223 muttum
818 2165 863 2220 di·
914 2169 981 2225 catis
996 2166 1138 2240 [inseratis]
1153 2165 1317 2222 doctrinas?
1332 2166 1387 2222 Ant
1408 2164 1561 2239 gloriamini
1576 2163 1655 2237 quasi
1676 2164 1709 2218 in

59 2269 118 2309 cam
137 2271 144 2310 :
165 2270 221 2310 non
246 2256 317 2311 enim
328 2255 391 2326 plus
405 2270 487 2327 quam
501 2254 589 2309 tribus
605 2255 657 2310 hoc
667 2254 749 2311 licere
763 2268 863 2310 conce·
913 2273 960 2314 nor
972 2257 1043 2312 sotor
1058 2257 1218 2325 peruenerit
1241 2254 1353 2310 verbum
1368 2254 1427 2318 Dei,
1444 2262 1470 2309 et
1493 2269 1543 2309 vos
1557 2252 1607 2308 soli
1623 2253 1710 2308 Deum

60 2341 92 2398 do
108 2360 116 2396 ι
134 2357 188 2399 nec
203 2341 248 2399 hic
262 2342 316 2398 duo
330 2342 375 2399 vel
389 2350 444 2398 tres
458 2343 485 2396 in
501 2342 595 2398 eadem
606 2350 683 2413 parte
692 2341 785 2413 templi
795 2356 863 2396 con·
914 2344 1058 2402 credatis?
1073 2344 1161 2399 Nemo
1171 2350 1292 2399 vestmm
1307 2342 1498 2413 praesumendo
1513 2341 1592 2414 quasi
1600 2340 1710 2412 sapiens

60 2429 179 2485 clament
196 2447 204 2497 ;
220 2429 269 2487 sed
282 2448 334 2504 per
347 2435 455 2502 parter,
472 2437 502 2485 ut
524 2430 547 2485 si
568 2429 615 2485 ille
629 2430 765 2501 incapite,
783 2428 863 2485 hicin
914 2434 949 2489 sit
963 2433 1084 2506 negligat
1098 2440 1235 2503 praecepta
1245 2446 1307 2486 mea
1323 2445 1329 2485 :
1347 2431 1396 2486 sed
1406 2432 1500 2504 niquis
1510 2430 1621 2486 videttn
1631 2430 1710 2485 inter

60 2516 112 2574 tine
128 2517 266 2574 ecclesiae.
284 2517 333 2574 Vel
345 2534 396 2590 per
409 2525 504 2589 partes
519 2517 583 2588 diei,
600 2526 629 2572 ut
643 2517 761 2573 hichora
772 2517 862 2588 tertia,
914 2538 960 2589 vor
975 2537 1033 2577 erre
1044 2521 1191 2593 propheta,
1207 2519 1291 2575 idest
1306 2519 1460 2590 Scripturas
1470 2518 1626 2591 intelligens
1638 2534 1645 2573 :
1656 2519 1710 2574 cut

60 2605 104 2662 ille
120 2613 213 2662 sexta.
225 2606 283 2662 Nec
297 2605 325 2660 hi
339 2606 486 2677 loquantur
501 2605 559 2661 sine
573 2607 715 2677 propheta,
731 2606 779 2660 sed
790 2621 864 2661 sem·
914 2610 994 2666 etiam
1009 2609 1178 2682 spiritantia,
1195 2608 1224 2662 id
1249 2615 1290 2663 est
1304 2607 1469 2680 spiritualem
1495 2607 1577 2663 vitam
1591 2604 1706 2672 ducens,

59 2709 107 2765 per
120 2710 203 2750 anns
217 2701 316 2766 praesto
331 2693 366 2748 sit
383 2711 390 2749 :
407 2701 435 2749 ut
451 2694 524 2767 quod
546 2693 675 2749 inusitato
697 2693 778 2749 modo
792 2693 864 2750 dici·
914 2698 1069 2770 quicunque
1085 2697 1129 2762 sit,
1154 2700 1302 2768 eognoscat
1322 2713 1354 2752 ea
1381 2712 1442 2770 quae
1460 2695 1548 2754 serito
1576 2696 1658 2761 coln,
1682 2699 1710 2750 et

58 2781 253 2855 tur,'populari
262 2782 355 2854 lingua
364 2783 578 2854 interpretetur.
590 2784 725 2839 Stantem
735 2781 862 2851 ohJioitis,
914 2794 1020 2859 oportet
1037 2801 1043 2840 :
1058 2786 1125 2858 quta
1139 2786 1198 2841 haee
1213 2785 1350 2840 mndata
1362 2799 1418 2840 non
1431 2800 1492 2840 men
1502 2787 1580 2853 runt,
1593 2783 1642 2839 sed
1657 2784 1710 2840 llo-

58 2871 130 2943 quod
147 2870 313 2943 quandoque
326 2886 384 2927 non
399 2871 489 2941 [uerit
502 2877 603 2941 praesto
622 2871 775 2943 interpres,
790 2868 863 2926 malo
913 2876 995 2931 mirri.
1013 2874 1041 2930 Si
1055 2874 1116 2945 quis
1130 2880 1219 2929 autem
1234 2872 1429 2928 contumeliose
1444 2888 1474 2928 se
1494 2870 1611 2928 efferens
1625 2871 1710 2943 igno·

59 2967 84 3013 ut
98 2957 221 3031 loquens
233 2958 327 3032 lingua
341 2961 374 3015 in
388 2959 508 3014 ecclesia
526 2963 630 3024 tacent,
648 2975 729 3030 quam
744 2958 802 3014 sine
818 2958 863 3013 in·
913 2970 966 3033 rat,
982 2962 1133 3034 dedignans
1148 2961 1288 3016 attendere
1308 2961 1368 3017 haec
1387 2960 1522 3026 mandata,
1545 2960 1607 3015 dico
1629 2959 1709 3015 vobis

59 3052 184 3118 terprete
198 3046 347 3102 herbarum
373 3045 492 3102 irendat.
518 3046 651 3103 Ecclesiae
675 3062 738 3113 non,
754 3047 802 3102 red
823 3048 863 3102 to·
879 3017 947 3107 Ode
962 3050 1020 3117 illo,
1036 3050 1108 3122 qnod
1123 3064 1173 3120 pro
1188 3057 1262 3105 certo
1284 3048 1455 3122 ignorabitur
1469 3064 1484 3103 a
1498 3049 1566 3104 Deo.
1583 3046 1712 3116 Quando-

59 3138 191 3207 qacntar
203 3136 258 3191 ribi
269 3139 299 3191 et
314 3135 378 3205 Deo,
394 3134 423 3191 id
438 3142 480 3190 est
493 3134 665 3190 instructioni
676 3135 753 3191 suiet
763 3134 862 3190 divinae
912 3138 1022 3211 quidem
1035 3141 1170 3210 ignorum
1184 3138 1242 3193 haec
1257 3137 1393 3203 mandata,
1409 3137 1498 3193 alteo
1513 3136 1706 3207 ignorabitur.

61 3220 150 3279 laudi.
175 3222 250 3279 Sicut
272 3223 416 3295 loquentes
430 3223 542 3294 linguis,
568 3221 608 3278 sie
622 3222 704 3277 etiam
717 3222 863 3294 prophetae
912 3227 1018 3299 ltaque,
1033 3228 1141 3297 fratrer
1156 3226 1222 3291 mei,
1245 3225 1433 3292 aemulamini,
1455 3224 1483 3280 id
1498 3232 1540 3279 est
1554 3223 1710 3280 desiderate

63 3312 117 3368 dno
134 3315 189 3367 ent
210 3314 267 3367 trec
283 3311 372 3367 dicant
385 3311 413 3366 in
429 3311 555 3375 eeclesia,
573 3316 599 3365 et
612 3325 662 3380 per
676 3318 769 3380 partes
784 3309 862 3364 simi·
910 3314 1090 3386 prophetare,
1107 3313 1177 3368 siout
1191 3312 1330 3383 precipio,
1361 3320 1492 3368 ettamen
1508 3314 1582 3385 toqui
1604 3313 1709 3384 linquit

60 3395 134 3450 liter.
159 3393 289 3450 [licerent
323 3393 392 3449 alii:
416 3396 474 3451 Nos
493 3394 539 3466 qui
560 3393 726 3448 tantumdem
749 3392 860 3462 Stltus,
912 3402 1001 3458 notite
1025 3402 1180 3474 prohibere,
1205 3400 1274 3456 sicut
1298 3415 1383 3470 supra
1405 3400 1594 3456 determinavi.
1618 3400 1708 3455 Nolite

60 3481 388 3554 ncnncprophetabimut
399 3481 605 3546 iMissimczstd
615 3481 862 3553 cutertproptveroe
912 3489 1066 3559 prohibere,
1083 3488 1132 3544 sed
1146 3489 1243 3545 omnin
1255 3488 1329 3557 finnt
1344 3489 1376 3543 in
1392 3489 1465 3544 uobis
1480 3490 1606 3553 honeste,
1622 3486 1650 3542 id
1666 3494 1709 3542 est

59 3572 223 3643 dijudicent
241 3585 274 3625 ea
289 3585 350 3641 quie
363 3570 496 3626 docentur
517 3570 552 3624 ab
571 3569 625 3623 illis
640 3568 778 3635 fratribuS,
793 3576 823 3623 ut
838 3569 862 3624 si
911 3576 946 3633 ad
960 3576 1170 3633 aedifinetionem
1196 3576 1327 3633 Ecclesiae
1343 3593 1350 3630 :
1371 3583 1397 3631 et
1417 3574 1537 3632 144
1550 3575 1707 3631 secundnm

57 3659 124 3732 quid
147 3658 222 3714 male
237 3658 362 3725 d000⁸¹112
385 3658 477 3714 taeieri
500 3657 638 3730 “Ostiam
660 3656 733 3712 fflOS·
759 3658 861 3713 lterum
912 3665 1050 3732 ordinem,
1066 3681 1146 3739 quem
1174 3680 1253 3735 supra
1275 3663 1407 3736 disposui,
1424 3672 1454 3719 ut
1467 3663 1549 3736 pauci
1562 3664 1709 3735 loquantur

56 3746 132 3801 aliud
147 3746 183 3801 de
198 3745 345 3817 prophetis.
362 3746 462 3802 Stuero
472 3752 585 3815 repente
599 3745 690 3815 suerit
703 3745 861 3800 revelatum
911 3753 955 3809 vel
969 3754 1142 3826 prophetent,
1159 3760 1186 3809 et
1200 3768 1250 3824 per
1261 3760 1363 3825 partes,

58 3835 128 3908 qaid
142 3849 158 3888 a
173 3833 271 3904 spiritu
285 3834 338 3888 atti
351 3833 470 3902 radenti,
494 3839 590 3904 surgat
614 3838 639 3886 et
653 3831 779 3903 loquatur
802 3831 859 3899 ille,

58 3931 85 3978 et
99 3921 148 3994 qui
160 3923 243 3994 prior
264 3920 435 3992 loquebatur,
457 3920 541 3975 modo
556 3926 654 3975 taceat.
681 3919 861 3991 contingebat
1213 3946 1325 4003 CAPUT
1338 3947 1402 4002 xv·

57 4010 135 4066 ειιίιιι
157 4009 320 4081 plerumque
351 4015 381 4063 nt
403 4007 513 4079 spiritus
532 4007 622 4063 subito
647 4006 783 4078 arriperet
807 4007 860 4062 ali-

57 4114 142 4170 quem
158 4114 166 4152 ε
182 4105 209 4152 ει
228 4096 264 4151 de
283 4097 336 4152 hoc
363 4095 484 4167 precipit
511 4095 669 4166 Apostolus,
700 4102 729 4149 ut
751 4095 860 4167 qnando
948 4115 960 4145 ι
977 4095 1078 4150 Notum
1092 4101 1183 4151 autem
1197 4095 1275 4152 vobis
1301 4094 1383 4166 facio,
1400 4094 1512 4161 tratres,
1525 4095 1707 4169 Evangelinm

56 4188 109 4243 hoc
124 4183 282 4256 contigerit,
297 4183 342 4240 hic
363 4183 426 4238 talis
447 4183 619 4255 permittatur
640 4182 724 4255 loqui.
750 4183 860 4253 Loqua-
913 4183 1016 4255 «quod
1028 4183 1174 4254 praedicavi
1188 4183 1276 4251 vobis,
1305 4183 1377 4255 quod
1399 4191 1426 4238 et
1440 4182 1591 4254 accepistis,
1608 4183 1637 4238 in
1653 4198 1707 4255 quo

56 4283 101 4330 tur
114 4273 164 4345 qui
178 4272 255 4343 prins
270 4270 393 4338 sedehat,
410 4278 437 4326 et
458 4271 526 4325 alter
540 4278 640 4327 taceat.
663 4270 697 4324 Et
718 4270 771 4325 hoe
793 4269 858 4325 ideo
912 4292 924 4318 a
942 4278 968 4326 et
982 4270 1068 4325 statis.
1085 4272 1137 4326 Per
1151 4271 1223 4342 qnod
1237 4278 1264 4325 et
1278 4270 1440 4325 salvamini:
1456 4285 1511 4343 qua
1520 4270 1624 4328 ratione
1632 4287 1707 4343 prae·

58 4363 133 4427 dieo,
149 4360 213 4433 quia
222 4375 272 4415 vos
281 4374 377 4415 omnes
385 4359 504 4430 poteriis
514 4358 682 4430 prophetare
694 4357 801 4413 :eundo
811 4373 860 4428 per
873 4365 900 4427 D
912 4380 923 4406 ε
939 4358 1088 4414 dicaverim
1097 4358 1185 4425 vobis,
1201 4358 1224 4413 si
1245 4358 1352 4426 tenetis,
1362 4358 1415 4413 nisi
1429 4358 1531 4414 trustra
1541 4359 1704 4417 credidistis.

59 4448 187 4523 singulos
202 4464 209 4503 :
226 4447 398 4504 solummodo
413 4446 549 4512 videatur,
566 4450 601 4502 nt
615 4462 711 4503 omnes
734 4446 857 4512 tacent,
912 4446 1049 4502 «Tradidi
1077 4445 1148 4501 enim
1172 4445 1248 4501 vobis
1272 4445 1405 4517 imprimis
1433 4447 1505 4519 quod
1534 4456 1561 4503 et
1588 4447 1705 4519 accepi:

56 4538 84 4594 id
106 4543 151 4594 εει
175 4535 344 4592 ἱεειιεειιιει
373 4551 424 4606 per
445 4536 663 4606 prophetantem.
696 4534 859 4606 Plerumque
912 4534 1070 4605 «quoniam
1094 4534 1217 4589 Christus
1240 4542 1364 4590 mortuus
1388 4542 1429 4590 εει
1450 4551 1500 4606 pro
1519 4536 1638 4607 peccatis
1653 4551 1706 4592 no·

57 4626 133 4681 enim
146 4623 279 4695 contingit
289 4630 320 4678 ut
342 4623 389 4695 qui
408 4623 560 4694 sapientem
584 4638 614 4677 se
638 4621 758 4693 putabat,
781 4620 859 4676 addi-
912 4622 1004 4678 «stris
1019 4623 1169 4679 secundum
1182 4622 1336 4694 Scripturas
1352 4640 1359 4677 ε
1376 4631 1403 4679 ει
1423 4623 1486 4695 quia
1507 4624 1630 4695 sepultus
1651 4633 1703 4691 est,

58 4720 151 4770 sceret
175 4711 249 4784 quod
272 4711 401 4777 nesciret,
416 4710 556 4782 perillum
580 4709 669 4765 subito
683 4709 856 4781 inspiratum.
911 4731 922 4759 e
941 4718 968 4766 et
982 4711 1045 4782 quia
1060 4711 1206 4767 resurrexit
1219 4711 1298 4766 tertia
1312 4711 1357 4767 die
1368 4713 1517 4768 secundum
1529 4711 1704 4783 Scripturas;

56 4802 174 4858 niceam
187 4800 259 4866 dico,
275 4807 302 4856 et
317 4800 463 4856 sicomnea
478 4798 669 4856 exhortentur
679 4798 714 4853 ad
728 4797 856 4853 meliora:
911 4818 923 4848 ι
941 4807 967 4853 ει
982 4799 1044 4870 quia
1057 4799 1132 4855 visus
1155 4807 1196 4856 est
1218 4799 1326 4870 Cephae,
1352 4807 1394 4855 est
1415 4800 1543 4870 posthac
1558 4799 1699 4856 undecim.

57 4890 123 4946 ideo
135 4888 266 4961 praecipio
281 4896 311 4943 nt
323 4887 399 4958 prior
412 4895 509 4944 taceat.
524 4887 595 4942 Nam
608 4887 725 4960 spiritns
738 4884 858 4958 proptre-
911 4905 923 4936 ι
940 4887 1045 4944 Deinde
1067 4888 1142 4943 visus
1170 4895 1212 4943 est
1229 4887 1372 4959 plusquam
1396 4886 1552 4960 quingentis
1575 4886 1705 4944 iratribus

57 4983 158 5035 teram
171 4977 312 5048 ruhjcrtm
326 4979 369 5032 ert
386 4977 540 5049 prophetis,
557 4975 584 5028 id
599 4982 641 5031 εει
656 4973 773 5045 Spiritus
786 4974 857 5030 San·
910 4975 1029 5042 «simul,
1057 4992 1090 5031 ex
1119 4976 1217 5047 quibus
1244 4974 1320 5030 multi
1347 4983 1456 5031 manent
1484 4992 1570 5048 usque
1605 4977 1704 5046 adhuc,

55 5076 119 5124 etna
132 5081 189 5122 non
203 5064 341 5136 compellit
355 5079 403 5120 eoa
415 5063 499 5135 loqui,
515 5063 599 5121 velint
608 5062 703 5129 nolint,
720 5062 782 5135 quia
794 5078 858 5119 oum
910 5086 922 5116 ι
939 5064 1049 5134 quidam
1062 5071 1152 5118 autem
1167 5063 1346 5119 dormierunt.
1372 5063 1477 5119 Deinde
1499 5064 1575 5121 visus
1599 5072 1642 5121 est
1655 5067 1706 5121 Ja-

56 5156 170 5229 spiritus
183 5154 308 5221 sitDeus,
320 5169 377 5210 non
388 5151 788 5223 caeremoniarumque
801 5151 857 5206 uti·
910 5151 1018 5219 ucobo,
1042 5150 1141 5206 deinde
1162 5151 1292 5223 apostolis
1313 5151 1464 5207 omuibus:
1485 5152 1632 5208 novissime
1656 5169 1705 5208 au·

54 5262 109 5318 que
124 5241 261 5300 ἀιεεειιείο
275 5240 361 5309 tieret,
385 5242 408 5297 si
422 5241 619 5298 conclamando
634 5240 781 5312 litigarent.
803 5241 857 5297 Sed
910 5261 921 5291 e
938 5248 993 5295 tem
1008 5238 1126 5294 omnium
1142 5246 1271 5311 tanquam
1284 5239 1417 5306 abortivo,
1433 5240 1508 5296 visus
1521 5250 1562 5296 est
1578 5241 1697 5297 etmihi.

54 5342 97 5391 εει
111 5334 189 5389 Deus
200 5331 280 5403 pocta
304 5337 331 5386 et
348 5331 527 5387 concordiae:
544 5347 604 5401 quae
625 5344 678 5401 pax
693 5335 819 5383 servatur
833 5328 856 5382 si
909 5329 997 5400 «Ego
1021 5327 1093 5383 enim
1121 5343 1181 5382 snm
1204 5327 1333 5383 minimus
1354 5329 1552 5399 apostolorum,
1575 5329 1622 5401 qui
1647 5343 1703 5385 non

55 5438 86 5479 se
100 5418 257 5477 alternatim
271 5418 503 5490 supportaverint.
519 5419 577 5474 Hoc
600 5425 689 5473 autem
704 5417 739 5472 de
754 5416 856 5489 linguis
909 5439 920 5466 ι
938 5432 998 5471 snm
1011 5415 1111 5488 dignus
1124 5416 1218 5471 vocari
1232 5417 1382 5486 apostolus,
1400 5417 1527 5488 quoniam
1541 5424 1705 5489 persecutus

56 5519 83 5568 et
112 5508 260 5583 prophetia
282 5515 310 5563 et
331 5506 480 5576 charitate,
502 5513 531 5564 ει
553 5505 681 5565 omnihus
707 5505 856 5578 praemissis
909 5520 999 5561 asum
1015 5502 1164 5561 Ecclesiam
1193 5504 1254 5560 Dei.
1284 5504 1380 5565 Gratia
1404 5513 1495 5562 autem
1522 5505 1574 5564 Dei
1596 5520 1658 5560 auru
1677 5505 1706 5564 id

125 5632 250 5689 Parnon.
269 5631 359 5690 cult.
1606 5629 1624 5684 '¹
