3742 5986
605 196 775 256 GUlGONlS
800 195 809 246 l
834 184 1038 246 canibusve
1052 180 1199 239 detortis
1213 174 1351 234 PRIORIS
1365 172 1397 228 V.
1779 159 1830 216 62⁰

992 308 1133 372 Aeerum,
1167 302 1266 358 excitat
1286 304 1386 354 metus.
1421 290 1498 348 Alius
1521 288 1595 346 enim
1611 281 1773 343 accenditur
1794 279 1829 336 ad

432 392 628 451 GAPITULUM
642 390 718 445 Xlll·
1028 393 1197 465 rapiendum,
1214 389 1284 445 alius
1298 386 1334 442 ad
1343 381 1497 448 iurandum,
1513 377 1582 433 alius
1601 382 1695 431 autem
1710 371 1747 426 ad
1759 384 1827 441 pau·

185 538 489 611 Deps·udentiooutelo
503 523 978 607 qaouteodumestodanomalili-
1028 476 1326 593 pfmbusemssandfflum
1352 470 1405 571 ,Ου’
1425 467 1522 608 famu?
1543 459 1828 606 ⁰⁵1⁹,ffl03mbgffi

1029 585 1088 639 epus
1095 580 1302 639 possessorem,
1317 576 1364 633 qui
1378 573 1497 629 sapiens,
1520 569 1573 624 age
1593 565 1653 620 evus

268 613 356 665 lolem
370 607 538 679 quibuslibet
546 603 688 676 prosperis
701 600 745 655 vel
760 597 891 653 adversis.
1028 657 1087 712 Nec
1101 656 1128 709 in
1144 654 1214 709 bona
1230 656 1321 706 mente
1345 646 1454 714 ΜΒΝ,
1475 656 1527 698 nec
1540 640 1569 696 in
1579 644 1671 694 meme
1691 633 1769 690 mla
1781 631 1829 687 Μ

220 752 293 807 Eece
308 749 494 807 constristatus
509 755 535 802 et
549 745 734 807 conturbatus,
751 737 875 812 quereris
888 735 922 791 de
933 733 979 790 illo
1029 760 1091 799 mm
1106 741 1270 797 voluntatem
1285 734 1403 791 excitare
1422 729 1504 796 valet,
1524 727 1573 785 sed
1593 724 1705 781 omnino
1719 728 1747 777 et
1760 720 1828 817 haee,

186 848 230 895 aut
245 838 299 905 ille,
318 837 390 909 qued
408 834 602 892 contumeliosa
617 841 645 887 et
657 831 720 887 edio
734 827 817 899 plena
839 824 887 879 tibi
901 823 979 878 dixe·
1031 839 1058 886 m
1072 829 1130 884 311ae
1150 844 1197 883 seu
1210 823 1370 895 momorum!
1393 836 1442 875 seu
1460 832 1553 872 rerum
1584 813 1701 868 aliarum
1724 821 1830 879 speeies

186 927 324 982 ritterbtt.
341 925 424 980 Doles
438 939 505 996 ergo
520 926 567 977 atil
582 920 646 976 talia
666 918 723 982 ilbi,
749 922 795 971 aul
816 911 862 967 idll
889 918 980 966 melite
1031 918 1088 972 sive
1102 931 1201 979 03usae,
1216 919 1321 967 mentes
1345 910 1487 970 humanas,
1512 900 1664 959 secundum
1687 908 1829 968 praepm.

187 1031 249 1070 esse
263 1014 393 1068 loculum.
404 1013 476 1066 Bene
491 1009 611 1078 omnino,
628 1007 650 1062 Si
665 1011 778 1077 propitii*
806 1002 864 1070 ejus
878 999 980 1055 uillilst·
1031 1006 1118 1059 tiones
1133 1000 1301 1064 earumdem,
1316 993 1481 1052 movenfflt
1496 990 1558 1046 ideo
1573 994 1628 1043 tota
1642 998 1728 1042 causa
1750 979 1831 1036 malj.

186 1110 240 1156 tem
260 1101 347 1156 deles.
1030 1092 1128 1147 tiamm
1141 1096 1298 1144 nostrarum
1322 1082 1402 1138 nobis
1424 1079 1492 1152 ipsis
1519 1072 1677 1147 imputanda
1707 1077 1759 1136 est,
1776 1082 1829 1123 nen

219 1189 282 1244 Non
296 1188 368 1243 enim
383 1188 435 1243 hoo
450 1188 475 1242 ei
499 1186 615 1257 expedit.
646 1186 673 1241 Si
695 1193 786 1242 autem
804 1191 916 1257 prepter
943 1190 979 1250 te,
1031 1179 1097 1251 ipsis
1113 1177 1195 1232 rebus
1210 1176 1238 1229 in
1266 1172 1364 1245 quibus
1392 1164 1638 1241 pessumdatum
1660 1157 1731 1258 nihil
1758 1153 1830 1212 aliud

185 1292 281 1347 prave.
295 1275 340 1330 Nil
354 1276 426 1331 enirn
436 1283 490 1329 tum
510 1283 632 1329 sanctum
648 1289 681 1330 aa
704 1275 806 1329 benum
823 1290 829 1327 :
846 1279 899 1326 tarn
915 1285 981 1325 san·
1022 1266 1110 1322 'nobis
1124 1264 1234 1330 iaciunt,
1250 1259 1303 1314 nisi
1317 1258 1449 1330 probare.
1474 1250 1626 1309 Ostendunt
1640 1261 1715 1303 enirn
1736 1242 1830 1340 quales

186 1372 230 1421 ete
244 1379 277 1420 ac
290 1363 361 1418 bene
376 1364 424 1418 tibi
438 1363 530 1418 dicere
547 1361 687 1432 potuisset,
704 1362 776 1433 qued
803 1367 876 1415 esset
889 1357 981 1413 utilius
1031 1354 1060 1408 in
1075 1351 1181 1409 occulte
1191 1364 1309 1413 eramus,
1326 1342 1493 1401 neniaeiunt
1506 1355 1558 1394 nes
1572 1334 1830 1403 tales.Quamcn1m

186 1452 235 1507 tibi
250 1452 405 1522 quambene
420 1458 508 1516 erunt,
524 1449 630 1504 sibene
645 1450 685 1504 eis
713 1449 807 1504 utaris.
824 1447 886 1502 Sive
909 1445 981 1500 enim
1032 1440 1109 1495 lirme
1132 1446 1158 1493 et
1172 1435 1306 1491 immobili
1321 1446 1416 1488 amera
1436 1441 1538 1527 sponsa
1563 1437 1665 1521 sponse
1684 1419 1829 1518 adhaeretb

187 1541 258 1595 bena
272 1538 423 1602 sivemalu,
440 1537 510 1592 bene
530 1537 575 1593 vel
588 1536 660 1591 male
688 1536 760 1592 dieat
783 1534 832 1590 tibi
857 1533 918 1606 quis
939 1531 982 1588 vel
1032 1528 1147 1583 aliorum
1188 1524 1308 1581 virorum
1335 1519 1432 1591 prebat
1458 1522 1580 1611 intuitus.
1608 1510 1638 1608 ,⁵¹
1666 1522 1743 1564 anum
1760 1505 1828 1560 batte

187 1624 276 1695 iaciat,
292 1625 358 1681 talia
368 1626 416 1680 tibi
428 1632 508 1681 erunt
531 1624 646 1696 qualiter
659 1624 699 1679 eis
713 1640 779 1678 usus
806 1622 900 1678 tueris.
925 1619 982 1676 Sibi
996 1623 1107 1707 Bossia
1122 1620 1172 1682 est,
1189 1610 1288 1666 nuribus
1313 1607 1424 1663 alterius
1445 1598 1655 1702 'pulchritudine
1682 1607 1828 1668 permete-

187 1714 331 1786 autemqui
345 1713 408 1770 lecit
423 1721 467 1767 aut
481 1713 558 1779 dixit,
572 1712 633 1767 talia
645 1719 731 1778 erunt,
748 1711 821 1783 quali
836 1727 870 1766 ea
883 1709 981 1766 volun·
1032 1712 1086 1757 tur.
1104 1703 1142 1756 lta
1156 1715 1265 1772 quoque
1280 1706 1318 1763 1¹1,
1343 1695 1366 1751 Si
1381 1693 1537 1792 fiimJSSQ
1552 1686 1652 1744 ⁸ff⁰⁰²¹¹
1672 1683 1829 1778 “dhaeffl

186 1810 241 1858 tate
255 1801 318 1857 lecit
336 1809 382 1857 aut
403 1801 478 1857 dixit.
500 1801 575 1856 Sicut
602 1800 674 1855 enim
700 1800 828 1855 mentitur
854 1799 983 1870 iniquitas
1032 1793 1100 1855 Deos
1127 1788 1226 1844 nullius
1245 1790 1374 1842 sslflalulae
1410 1781 1552 1835 ¹¹¹¹⁰⁶²¹⁶f¹⁸
1578 1780 1703 1871 aspeffm·
1734 1769 1829 1826 ⁰¹²¹¹²¹⁸

187 1889 238 1943 sibi
248 1889 445 1955 tantummodo,
462 1903 516 1943 nen
531 1888 589 1956 tibi,
616 1888 639 1941 si
656 1902 710 1943 nen
739 1886 901 1952 consentias,
918 1884 982 1940 etsi
1031 1893 1171 1949 namque,
1195 1883 1268 1930 luam
1292 1886 1358 1945 elea
1379 1869 1486 1935 Deum,
1516 1869 1615 1936 ‘iumlta
1636 1866 1688 1927 51‘·
1713 1856 1829 1929 imillam

185 1977 347 2047 redarguas,
364 1977 400 2030 ita
414 1975 585 2030 omniamala
600 1975 664 2031 iacit
685 1975 737 2029 sibi
755 1989 788 2029 ae
808 1973 882 2039 dieii,
899 1973 982 2028 idest
1031 1966 1191 2021 castitatem·

185 2065 218 2119 ad
233 2064 383 2135 perniciem
393 2078 480 2131 suam,
497 2063 519 2117 si
529 2063 574 2133 pie
589 2078 621 2117 ae
635 2062 830 2133 compatienter
845 2077 898 2115 non
913 2076 981 2116 eon·
1279 2099 1479 2157 CAPITULUM
1497 2096 1572 2152 XIV·

186 2152 286 2207 sentias
296 2151 345 2206 sed
352 2150 511 2220 redarguas.
524 2149 557 2204 Ei
566 2165 634 2221 ergo
644 2149 798 2221 quimalum
809 2147 926 2204 tibilecit
937 2156 983 2203 aut

186 2239 263 2301 dixit,
273 2236 420 2294 eendelere
430 2237 587 2303 debes,non
602 2237 659 2302 tibi,
670 2236 805 2292 euietiam
815 2234 982 2291 alienamala
1030 2236 1069 2290 De
1083 2228 1389 2299 adversitattbsniajus
1402 2225 1508 2308 soeeoli,
1532 2222 1655 2306 quolibet·
1672 2217 1827 2276 toleranti&

185 2325 335 2391 iubenum,
353 2324 425 2379 sieis
440 2323 981 2392 beneutaris‚cedent,eiintambonum
1065 2308 1145 2387 imile
1160 2304 1226 2375 luia
1246 2316 1299 2374 W
1322 2315 1369 2354 ⁶⁰⁵
1393 2293 1648 2369 ⁶⁰9²mm'ut‘l‘m
1674 2291 1712 2346 “d
1741 2291 1827 2347 Dm

186 2429 266 2485 quarn
280 2413 350 2467 bene
364 2411 405 2466 cis
415 2412 590 2483 uteris.Ergo
599 2421 625 2466 et
635 2419 738 2465 tantum
750 2411 778 2465 in
787 2410 889 2465 malurn
899 2425 980 2481 quam
1067 2372 1169 2430 'edm‘

183 2502 254 2557 male
273 2499 357 2557 uteris
372 2501 422 2570 eis,
438 2500 494 2555 sive
508 2499 579 2554 male
594 2500 662 2564 sint,
680 2499 737 2555 sive
751 2499 821 2553 bona
836 2513 895 2569 quoe
910 2496 981 2554 laeta
1068 2506 1136 2561 vide
1151 2501 1323 2577 quomodote
1338 2504 1441 2571 pungat
1463 2497 1547 2564 Deus,
1572 2506 1736 2567 quoeunque
1750 2498 1824 2546 extra

183 2589 226 2646 vel
237 2589 308 2644 dieta
323 2589 371 2642 tibi
383 2596 454 2656 sunt,
462 2587 980 2659 quoniamdilipcatibuslioumomnio
1029 2611 1091 2652 eum
1110 2590 1265 2649 extenderis
1280 2604 1329 2660 per
1350 2582 1598 2655 concupiscentiam
1618 2581 1647 2635 in
1681 2578 1824 2644 creaturis,

181 2680 367 2748 cooperantur
381 2677 413 2730 ill
434 2676 535 2731 bonum
559 2675 647 2745 (Rom.
664 2688 723 2738 v111,
747 2674 804 2745 28),
820 2674 847 2727 in
875 2681 980 2728 [dilium
1028 2692 1157 2754 tanquam
1172 2678 1261 2734 nutrix
1274 2675 1353 2747 pueri
1369 2672 1509 2729 brachium
1523 2676 1659 2727 extentum
1673 2674 1750 2724 extra
1776 2682 1824 2723 οη.

182 2763 282 2829 emnia,
310 2770 339 2816 ut
366 2763 447 2817 etiam
477 2761 565 2817 aliena
588 2761 668 2815 mala.
701 2759 861 2816 Odientibns
888 2768 979 2816 autern
1028 2787 1077 2826 nas
1092 2784 1126 2823 ne
1141 2772 1236 2839 pereat
1244 2764 1355 2836 frigere.

182 2850 280 2918 Deum,
307 2849 460 2905 econtrario
494 2848 586 2903 omnia
615 2856 796 2918 cooperantur
822 2849 851 2902 in
877 2849 978 2903 malum
1064 2854 1199 2927 propitius
1212 2849 1260 2907 tibi
1276 2850 1310 2906 sit
1324 2850 1406 2917 Deus,
1423 2863 1458 2903 ne
1470 2844 1590 2902 inveniat
1602 2843 1650 2899 ubi
1674 2841 1826 2915 requieseat

182 2938 314 3008 ipsorum,
330 2945 357 2992 et
366 2937 395 2991 in
410 2944 514 2991 tantum
523 2935 625 3002 omnia,
641 2943 670 2990 ut
681 2936 764 2990 etiarn
786 2936 868 2992 bena.
884 2936 978 2991 'lotam
1027 2961 1077 3016 pes
1090 2942 1189 2998 mentis
1203 2948 1276 3007 tuae3
1292 2945 1321 2993 ut
1336 2937 1430 2992 saltem
1446 2941 1549 3004 cenem,
1564 2948 1581 2988 e
1596 2931 1698 3001 anima,
1728 2927 1824 2985 redeas

182 3025 265 3097 igitur
290 3025 429 3096 querelam
456 3024 485 3079 in
512 3023 628 3095 teipsum
650 3023 723 3078 male
746 3030 865 3079 utentem
889 3031 976 3080 verte.
993 2989 1175 3098 cmimmm,
1192 3024 1394 3084 sieuteolumba
1408 3024 1477 3079 Nea.

181 3113 252 3168 Nam
267 3112 327 3168 etsi
342 3128 370 3167 re
394 3127 460 3167 vera
479 3112 551 3166 mala
572 3119 634 3166 sunt
662 3126 722 3182 quae
746 3110 814 3167 saeta
841 3118 887 3167 aut
908 3111 977 3168 dicta
1063 3120 1179 3190 Egestas
1207 3115 1277 3187 ipsa,
1297 3112 1341 3169 vel
1362 3111 1512 3182 asperitas,
1531 3104 1689 3179 temporalis
1718 3101 1827 3160 borion}

183 3207 244 3254 sunt
258 3199 315 3269 tibi,
333 3199 381 3255 tibi
389 3206 463 3255 certe
476 3200 549 3254 mala
563 3215 624 3255 esse
639 3198 714 3254 nullo
730 3200 812 3255 mode
838 3206 975 3270 poterunt,
1026 3206 1087 3263 viee
1099 3204 1174 3278 cogit
1188 3218 1239 3259 nos
1262 3201 1342 3267 hona,
1367 3206 1447 3271 atque
1457 3197 1500 3252 his
1522 3195 1631 3251 diversa
1652 3191 1822 3249 desiderare·

182 3287 235 3341 nisi
250 3286 289 3341 eis
303 3287 464 3343 maleutaris
480 3304 488 3355 ;
505 3287 543 3343 sic
565 3302 616 3342 nec
640 3286 712 3342 bona
731 3287 812 3354 bona,
828 3287 880 3342 nisi
907 3287 977 3343 bene
1028 3294 1081 3350 sed
1097 3293 1161 3365 quia
1188 3306 1239 3346 nos
1258 3296 1362 3345 tanturn
1383 3283 1576 3357 temporalibus
1600 3280 1703 3337 nsueti
1722 3294 1824 3346 sumus,

183 3373 223 3428 eis
238 3390 304 3430 usus
316 3374 411 3431 fueris.
1026 3380 1148 3452 nihilque
1163 3377 1236 3433 aliud
1250 3376 1385 3441 novimus,
1401 3389 1457 3428 nen
1477 3370 1590 3426 multum
1604 3368 1716 3425 diversa
1739 3366 1775 3422 ab
1784 3365 1826 3420 his

219 3463 276 3520 lieo
296 3479 404 3535 semper
421 3463 578 3521 intuendum
589 3464 654 3537 quid
667 3463 714 3519 liat
727 3464 755 3518 in
778 3463 869 3519 anime
896 3471 942 3517 tuo
967 3481 975 3529 3
1027 3484 1087 3540 quae
1101 3466 1220 3537 patimur
1235 3462 1435 3528 desideramus,
1452 3466 1480 3515 et
1493 3457 1601 3514 veliras
1614 3469 1721 3524 eorum,
1746 3452 1828 3508 idest

182 3551 308 3624 neuquid
323 3553 380 3607 sive
394 3551 458 3607 beni
474 3552 531 3608 sive
553 3552 617 3607 mali
634 3551 678 3607 alii
707 3551 821 3618 iaciant,
838 3549 887 3607 sed
911 3549 976 3621 qaid
1026 3555 1200 3627 asperitates,
1217 3556 1442 3623 temperamento,
1464 3545 1543 3618 quasi
1566 3542 1685 3617 quadam
1703 3531 1827 3599 receuoi-

182 3646 210 3694 tu
225 3638 340 3711 deipsis
358 3655 452 3695 eorum
481 3639 560 3696 lactis
587 3639 682 3707 iacias,
708 3638 845 3710 quemodo
873 3637 976 3693 scilieet
1025 3643 1146 3710 litatione,
1162 3639 1198 3696 ad
1214 3645 1381 3694 momentum
1395 3636 1606 3704 interrumpere,
1623 3630 1668 3687 vel
1688 3646 1746 3687 nen
1759 3627 1826 3685 mutl-

182 3727 266 3781 utaris
280 3727 359 3782 benis
374 3734 400 3781 et
423 3726 503 3781 malis
531 3742 637 3792 eorum,
666 3734 847 3797 quantumque
876 3741 909 3780 er
936 3724 976 3780 eis
1025 3737 1082 3784 tum
1101 3729 1210 3784 diversa
1223 3727 1257 3782 ab
1271 3726 1325 3792 his,
1339 3724 1431 3780 subire
1448 3713 1590 3794 optamus.

131 3868 136 3879 ,
180 3806 310 3883 pr'elicias
324 3813 382 3869 sive
406 3812 522 3869 favendo
540 3821 567 3869 et
585 3813 749 3882 adjuvando,
779 3813 836 3868 sive
863 3827 975 3883 compa·
1062 3815 1181 3872 Oheme
1196 3805 1733 3887 quidelerempateris‚viseumienirai
1746 3804 1823 3864 Vele.

180 3900 272 3955 tiendo
286 3907 313 3955 et
327 3899 508 3956 emendando.
525 3902 599 3956 Tunc
613 3901 686 3956 enim
696 3900 730 3956 de
745 3900 871 3955 omnibus
898 3899 976 3955 lacus
1024 3903 1222 3975 'temperaliter
1237 3917 1271 3956 an
1284 3899 1447 3957 aetemaliter
1458 3899 1473 3953 i
1486 3893 1670 3952 AEternaliter.
1685 3893 1824 3950 AEternam

179 3986 319 4043 bominum
334 3986 404 4043 bene
418 3989 548 4059 operaris,
566 4003 629 4044 eum
643 3988 723 4043 nullis
751 4003 845 4043 eorum
870 3986 972 4043 beneti-
1025 4006 1093 4064 erge
1107 3990 1285 4056 linimentum,
1300 3987 1385 4043 idest
1407 3987 1504 4050 Deum,
1520 3981 1647 4039 desidera
1661 3999 1670 4050 ς
1685 3979 1825 4037 numidae

180 4074 229 4130 ciis
244 4073 355 4131 illiceris
369 4076 404 4130 ad
418 4075 549 4142 lavarem,
565 4075 683 4130 nullisve
706 4074 857 4131 malefactis
881 4075 974 4130 deter·
1024 4085 1050 4134 te
1064 4077 1208 4149 percussit,
1236 4083 1266 4131 ut
1289 4091 1352 4131 eum
1372 4072 1523 4137 desideres,
1550 4082 1605 4126 nen
1630 4069 1746 4138 herbas,
1768 4083 1823 4125 nen

179 4163 247 4217 reris
261 4162 295 4217 ab
310 4178 413 4219 amere.
430 4164 505 4219 Tunc
516 4163 587 4218 enim
603 4163 705 4236 gratias
719 4178 805 4219 amas.
827 4163 890 4218 Non
902 4162 975 4218 enim
1024 4166 1167 4239 ligaturas.

180 4258 220 4306 est
230 4251 311 4306 ullius
325 4251 413 4306 meriti
426 4267 522 4323 paoem
536 4251 647 4317 habere,
657 4250 709 4305 nisi
720 4267 781 4307 eum
795 4250 828 4305 iis
852 4250 898 4322 qui
913 4265 973 4306 eam
1059 4255 1119 4310 Una
1128 4253 1212 4307 febris
1227 4251 1317 4307 aufert
1339 4249 1431 4306 omnia
1455 4255 1552 4303 eontra
1570 4260 1631 4317 quae
1651 4259 1767 4317 pugnas,
1796 4242 1824 4300 id

178 4338 320 4394 nobiscum
334 4339 508 4394 nonhabent.
982 4328 1066 4398 Dest
1085 4341 1281 4396 oblectamenta
1314 4338 1434 4411 quinque
1461 4348 1602 4391 sensuum.
1642 4330 1713 4400 Quid
1740 4339 1823 4388 restat

214 4422 350 4496 Quidquid
365 4425 411 4480 bat
425 4426 483 4492 tibi,
495 4426 643 4483 dummodo
657 4426 764 4482 animus
778 4434 839 4482 taus
849 4441 901 4482 uec
912 4426 972 4493 irae,
1022 4444 1099 4501 ergo,
1116 4428 1168 4483 nisi
1186 4436 1216 4482 ut
1230 4429 1289 4483 Dee
1304 4425 1405 4497 gratias
1418 4438 1467 4495 pre
1489 4421 1588 4478 eebata
1612 4417 1726 4476 victoria
1753 4418 1824 4476 reie-

176 4511 311 4578 neeedii,
336 4527 388 4568 nee
406 4512 541 4579 tristitia,
566 4529 617 4571 neo
630 4522 719 4570 metus
748 4522 851 4570 metum
877 4513 971 4568 ineur-
1021 4516 1087 4570 resi
1102 4518 1137 4571 dt
1150 4522 1178 4570 tu
1192 4521 1287 4571 centra
1301 4513 1402 4586 quaeris
1417 4509 1461 4568 cui
1484 4506 1660 4575 succumbas,
1676 4505 1773 4563 ediem
1789 4505 1822 4562 li-

174 4607 226 4665 rat,
239 4615 329 4671 neque
351 4601 449 4656 horum
477 4613 598 4668 eausam,
627 4601 654 4656 in
669 4601 757 4657 lutare
783 4600 882 4658 seculo
905 4600 972 4656 nihil
1021 4602 1164 4658 bertatem.

173 4687 292 4743 nocebit.
1055 4690 1122 4759 Qua
1133 4706 1197 4761 spes
1211 4696 1263 4758 est,
1282 4689 1305 4745 si
1319 4690 1426 4762 laqueis
1439 4689 1542 4747 inimici
1553 4691 1640 4764 gratis
1646 4689 1782 4747 incumbis
1797 4695 1825 4745 et

209 4774 324 4847 Oppone
340 4775 408 4831 duas
423 4776 493 4848 pilas
521 4774 598 4830 radio
623 4775 698 4843 solis,
721 4792 803 4832 unam
817 4776 852 4832 de
866 4775 967 4848 argila,
1016 4778 1123 4848 jaculis,
1140 4777 1233 4834 sihaee
1251 4792 1306 4834 nen
1322 4777 1409 4834 solum
1428 4793 1483 4834 nen
1498 4793 1590 4846 eoves,
1602 4778 1652 4834 sed
1664 4778 1777 4849 insuper
1791 4775 1823 4831 li·

94 4917 96 4926 ,
172 4861 287 4918 alteram
301 4862 336 4918 de
351 4878 414 4920 cera
429 4881 436 4928 ;
461 4862 584 4934 quamvis
597 4863 631 4918 sit
646 4880 716 4919 unus
730 4864 857 4935 idemque
875 4863 969 4918 radius
1018 4866 1115 4922 beuter
1128 4865 1310 4938 amplecteris,
1326 4872 1406 4938 teque
1420 4864 1474 4920 illis
1487 4865 1603 4938 detegis,
1616 4865 1717 4921 abillis
1732 4863 1821 4921 adilla

170 4957 325 5005 nontamen
339 4950 410 5005 idem
424 4950 453 5004 in
467 4957 580 5021 utraque
604 4952 710 5021 operari
735 4959 833 5023 potest,
858 4951 906 5006 sed
922 4967 968 5006 se·
1017 4954 1142 5026 coniugis
1156 4955 1171 5011 l
1185 4955 1227 5009 Ea
1242 4961 1323 5025 putas
1339 4952 1499 5021 remedium,
1511 4968 1545 5009 ea
1560 4952 1697 5021 solatium,
1709 4968 1744 5009 aa
1753 4952 1822 5010 desi·

170 5036 289 5091 cundum
303 5037 514 5107 praeparationes
530 5052 639 5104 earum,
668 5038 778 5094 diversa
798 5039 880 5095 ineis
898 5038 966 5110 agit,
1017 5042 1109 5106 daras,
1126 5048 1153 5096 et
1167 5041 1265 5096 abesse
1280 5040 1459 5111 nenpateris.

168 5121 239 5178 bano
252 5123 395 5190 indurans,
411 5124 486 5179 illam
500 5123 617 5196 liquans,
647 5141 737 5197 neque
752 5126 824 5181 enim
847 5133 967 5181 terream
1052 5128 1222 5200 Prosperitas
1236 5128 1351 5201 laqueus
1366 5134 1418 5195 est,
1443 5126 1531 5184 culter
1545 5126 1669 5185 incidens
1691 5128 1765 5184 hunc
1777 5127 1820 5184 la-

166 5207 283 5281 liquare,
299 5219 345 5266 aut
358 5224 466 5267 aeream
481 5212 578 5268 durare
592 5219 693 5282 potest.
710 5213 749 5267 lta
763 5220 790 5268 et
799 5228 854 5268 una
862 5212 966 5270 metalli
1016 5232 1125 5287 qucum,
1144 5216 1297 5273 adversitas
1311 5235 1321 5286 ‚·
1338 5231 1434 5273 career
1448 5215 1549 5271 amoris
1563 5215 1625 5287 Dei,
1639 5216 1820 5289 prosperitas·

167 5297 283 5369 speeies,
300 5314 395 5356 aurum
411 5297 524 5366 scilieet,
540 5306 715 5372 conspectum
731 5314 747 5356 a
763 5300 898 5372 pluribus,
924 5300 965 5357 di·
1014 5303 1192 5377 confringens
1201 5305 1273 5361 hune
1289 5303 1372 5374 aries,
1389 5303 1541 5361 adversitas

164 5399 261 5443 verses
281 5386 310 5443 in
334 5387 383 5455 eis,
412 5386 563 5443 secundum
582 5387 807 5459 preparationem
833 5388 964 5445 mendum
1050 5393 1121 5448 Dicit
1139 5393 1187 5448 tibi
1212 5393 1365 5450 adversitas
1383 5393 1507 5449 :Niteris
1524 5399 1554 5448 ut
1568 5392 1707 5450 recedam.
1739 5391 1820 5463 Quod
