3750 5984
94 250 147 305 stt
394 249 585 309 axrosfflo
614 253 651 309 IN
678 250 869 310 EPISTOLAS
896 254 1008 312 vluti.
1024 285 1059 298 -·
1073 256 1112 311 IN
1138 255 1251 311 [trist.
1283 255 1331 311 AD
1358 255 1440 311 ΗΕΒ.
1690 255 1742 312 stit

95 372 194 444 piacita
209 373 267 428 tibi.
284 373 394 431 Diceret
414 375 512 448 aliquis
536 376 652 432 tortasse
668 379 752 433 :ideo
765 393 819 432 uon
835 377 934 448 pla-A
949 378 1013 446 lem,
1030 380 1179 435 adhortans
1192 396 1239 435 eos
1250 379 1277 434 iu
1292 379 1388 450 primis
1402 386 1431 433 ut
1445 395 1514 449 puro
1529 378 1613 435 corde
1626 377 1743 450 integri-

94 469 166 528 ceut,
178 462 240 534 quia
254 479 309 517 non
324 461 391 518 irunt
406 464 595 521 ordinabiliter
616 466 764 523 secuudum
791 467 892 540 l'egern.
945 476 1027 523 tatem
1043 467 1105 524 hdei
1116 476 1246 534 teueaut3
1262 477 1288 524 et
1302 468 1327 523 si
1340 469 1478 524 incumbat
1493 467 1631 540 persequi,
1644 467 1745 523 audac·
1791 465 1794 469 ’

97 549 138 605 hd
153 550 206 605 hoc
221 553 419 606 removendum
434 552 472 606 ait
490 568 496 606 :
513 554 573 609 Non
591 559 661 610 sunt
672 557 781 628 piacita
798 558 848 613 tihi
862 573 895 612 εε
945 564 987 612 ter
1017 555 1207 626 confiteantur,
1224 558 1375 630 gaudentes
1388 556 1445 627 pati
1470 572 1521 627 pro
1535 556 1653 624 Christo,
1663 562 1689 612 et
1704 555 1745 613 sic

95 653 157 709 que
169 638 330 709 offeruntur
351 641 507 696 secundam
524 642 621 712 ieqem,
638 642 666 698 id
686 651 727 699 est
749 645 813 701 licet
829 642 895 699 liant
946 643 974 698 in
989 643 1052 712 side,
1069 653 1095 700 et
1109 645 1283 701 consessione
1303 643 1411 700 sirmam
1425 661 1501 715 spem
1517 645 1646 700 habeant.
1666 644 1745 700 Unde

95 726 246 782 secuudum
262 726 331 799 legis
347 726 539 784 institutionem
551 736 616 792 tuuc
637 732 792 802 reprobatis
815 733 895 806 lega·
946 732 985 788 sic
999 733 1035 788 ait
1052 751 1058 787 :
1075 732 1146 802 Quia
1159 732 1282 804 pontifex
1298 733 1422 788 Christus
1437 733 1521 788 semel
1537 731 1656 788 offerens
1671 741 1747 788 sanci

96 812 168 868 libus
184 814 280 869 hostiis
294 815 349 869 dixi
366 831 372 868 ε
388 816 460 872 Εεεε
475 816 555 873 νεείο
570 825 597 872 ει
614 816 713 875 iaciarn
728 820 895 875 voluntatem
947 821 1028 877 tilicat
1058 830 1180 887 veteres,
1209 837 1260 877 uec
1283 821 1447 892 quotidianis
1462 820 1603 877 sacrificiis
1623 819 1744 878 399

96 910 181 967 tuam,
198 918 215 956 ο
230 903 313 966 Deus,
330 903 398 969 llaec,
424 904 546 976 inquam,
564 906 668 962 diceus.
683 909 714 962 ln
738 909 780 962 iris
803 909 896 964 verbis
947 910 1078 981 prodesse
1092 918 1216 980 possunt.
1244 912 1340 983 itaque
1353 912 1471 981 fratres,
1488 924 1539 965 nos
1559 909 1693 967 hahentes
1711 909 1745 979 fi-

95 993 194 1062 aufert
207 992 333 1062 primum
349 997 565 1064 testamentum,
583 995 618 1048 ila
633 1000 666 1051 ut
680 1001 803 1066 statuat,
813 997 840 1051 id
856 1005 898 1052 est
947 999 1062 1054 daciam
1074 1000 1104 1053 in
1119 1000 1253 1064 introitu,
1270 998 1352 1053 idest
1374 998 1408 1053 de
1436 998 1546 1054 introitu
1569 1003 1744 1066 sanctorum,

93 1086 230 1148 perpetuo
240 1073 393 1133 durandum
414 1081 534 1136 stabiliat
554 1098 681 1155 sequens,
698 1085 804 1140 Novum
820 1085 896 1141 scili·
948 1086 1051 1142 scilicet
1066 1086 1138 1158 quod
1155 1087 1312 1142 nosSancta
1323 1095 1552 1143 sanctorumvere
1563 1086 1743 1142 introibimus.

93 1174 137 1222 cet
152 1166 364 1239 Testamentum,
387 1168 419 1224 in
439 1187 494 1241 qua
512 1170 669 1237 voluntate,
682 1172 709 1226 id
728 1181 769 1228 est
792 1173 820 1227 in
844 1187 898 1244 quo
948 1175 1096 1239 Habentes,
1108 1175 1181 1241 dico,
1199 1174 1327 1231 fiduciam
1340 1175 1373 1230 in
1387 1175 1524 1247 sanquine
1536 1175 1651 1243 Christi,
1664 1191 1745 1247 quem

92 1255 172 1311 Novo
186 1257 360 1312 Testamenta
375 1274 408 1312 ex
431 1257 570 1314 voluntate
600 1259 651 1314 Dei
675 1261 830 1326 constituto,
847 1277 898 1317 nos
948 1263 1034 1318 semei
1049 1262 1167 1319 offerens
1178 1279 1226 1334 pro
1241 1271 1334 1319 nostra
1348 1264 1539 1319 emundatione
1554 1262 1622 1319 ludit
1639 1281 1646 1318 ε
1664 1280 1745 1336 quern

94 1360 195 1399 sumus
210 1344 394 1413 sanctificati,
412 1346 547 1416 positione
569 1347 698 1402 virtutum
714 1356 775 1419 post
799 1366 898 1405 eruun-
948 1351 1036 1416 viam,
1053 1351 1079 1405 id
1095 1360 1136 1406 est
1150 1351 1288 1406 introitum
1308 1359 1464 1407 sauciorum
1487 1353 1563 1407 uiam
1586 1351 1648 1407 dico
1662 1368 1744 1422 noua,

94 1432 234 1487 dationem
249 1432 568 1490 malorumSanclificati
584 1435 898 1508 dico,perohiationem
948 1440 1031 1494 idest
1061 1439 1168 1495 noviter
1195 1440 1221 1494 iu
1251 1439 1359 1494 Christo
1382 1447 1531 1495 reseratam
1559 1440 1747 1509 (uemoetiam

96 1521 203 1576 Christi
217 1521 299 1587 iesu,
323 1521 351 1576 id
367 1529 407 1576 est
422 1537 588 1594 percorpus
603 1523 702 1579 Christi
717 1526 838 1581 oblatum
852 1544 898 1584 se·
950 1536 1012 1584 aute
1027 1527 1166 1583 Christum
1179 1527 1330 1583 ambulavit
1342 1528 1412 1582 banc
1426 1527 1499 1583 viam
1512 1543 1597 1602 quam
1616 1529 1746 1585 initiavit

94 1610 162 1678 mel,
179 1608 207 1662 iu
232 1625 286 1680 qua
301 1609 386 1664 semel
401 1609 472 1666 iacta
487 1611 624 1667 oblatione
640 1611 779 1669 sufficiens
798 1615 848 1670 luit
865 1616 899 1670 ad
949 1618 1027 1673 nohis
1042 1615 1193 1685 Christus.)
1205 1616 1281 1671 Viam
1290 1632 1387 1671 novam
1398 1619 1426 1672 et
1436 1618 1586 1684 uiuentem,
1597 1616 1625 1671 id
1639 1624 1680 1672 est
1687 1632 1748 1688 per-

96 1697 290 1769 purgationem
310 1696 431 1752 omniurn
466 1699 647 1755 macularum.
912 1705 1093 1792 Bdurautem
1108 1704 1136 1758 in
1157 1711 1299 1760 aeternum.
1331 1703 1521 1760 luitiavitdico
1541 1708 1746 1777 pervelamen,

133 1783 291 1855 Oppoueret
306 1786 404 1857 aliquis
421 1803 427 1841 ι
446 1786 615 1843 Sacrificium
630 1789 766 1861 pontilicis
782 1791 898 1847 ideoiu·
948 1793 976 1848 id
992 1801 1033 1848 est
1047 1809 1098 1863 per
1112 1791 1294 1865 significatum
1321 1792 1394 1847 illius
1422 1792 1574 1858 velaminis,
1591 1793 1664 1866 quod
1693 1794 1747 1852 duo

96 1871 390 1946 suiiicienserat,quia
411 1874 495 1930 semel
519 1883 620 1930 tautum
644 1878 672 1931 in
700 1894 772 1933 anno
797 1878 895 1946 trebat;
949 1880 1123 1937 tabernacula
1143 1880 1292 1947 dividebat,
1308 1880 1335 1935 id
1364 1889 1405 1936 est
1433 1897 1484 1951 per
1512 1897 1628 1937 carnem
1647 1898 1743 1939 suom.

50 2012 56 2022 ,
97 1960 147 2017 scd
171 1960 328 2032 quotidiana
349 1962 483 2019 sacrificia
509 1965 658 2035 proderant
679 1967 714 2021 ad
751 1967 899 2025 auterenda
950 1969 1079 2024 Velamen
1095 1969 1167 2024 euim
1182 1968 1249 2024 illud
1265 1969 1337 2041 quod
1353 1970 1452 2025 Sancta
1476 1977 1631 2025 sanctorum
1652 1968 1748 2027 occul-

95 2056 220 2119 peccata.
237 2049 279 2104 hd
308 2051 360 2106 boc
382 2052 579 2108 removendum
598 2053 636 2108 ait
654 2072 660 2109 :
677 2054 750 2110 Sicut
780 2056 900 2126 pontifex
951 2053 1035 2120 labat,
1056 2066 1167 2109 carnem
1190 2052 1307 2119 Christi,
1325 2070 1386 2125 quae
1414 2053 1542 2109 deitatem
1572 2053 1624 2109 sibi
1645 2054 1749 2109 unitam

97 2137 184 2193 semei
205 2135 277 2193 iacto
300 2138 435 2195 sacrificio
454 2140 562 2197 auterre
578 2150 689 2211 peccata
714 2159 769 2198 non
783 2151 899 2214 poterat,
950 2141 1068 2209 velabat,
1093 2139 1297 2214 praefigurabat.
1314 2142 1403 2208 Unde,
1419 2142 1560 2212 expirante
1586 2141 1692 2198 Christo
1719 2141 1748 2198 in
1826 2219 1829 2223 ἱ

97 2225 138 2281 sic
153 2225 235 2281 etiarn
256 2228 345 2282 omnis
369 2228 480 2299 quidem
504 2229 603 2302 legalis
632 2232 763 2287 sacerdos
778 2234 903 2305 quotidie
951 2245 1033 2286 cruce
1047 2229 1239 2286 consummatis
1255 2229 1391 2298 omnibus,
1402 2229 1519 2285 scissum
1530 2237 1572 2285 est
1582 2228 1672 2285 velum
1682 2237 1748 2285 tem·

97 2315 269 2372 ministrans
291 2321 394 2388 praesto
409 2321 470 2372 est:
487 2324 513 2372 et
528 2317 586 2388 ipse
601 2334 676 2390 saepe
697 2321 847 2390 repetendo
862 2337 903 2377 re·
951 2318 988 2388 pli
1004 2317 1113 2388 (liuttiu
1132 2332 1213 2386 xxvi,
1230 2319 1261 2371 51
1277 2317 1377 2382 3ldart.
1394 2333 1440 2384 xv,
1452 2321 1503 2383 38;
1519 2319 1577 2373 Luc
1592 2331 1675 2387 xxrrr,
1691 2318 1747 2389 ib),

96 2400 191 2459 tereus
202 2405 314 2459 easdem
329 2405 503 2460 hostiasheri
515 2405 632 2469 hircum,
644 2407 724 2463 hodie
737 2407 834 2463 iterum
850 2408 904 2464 hir·
952 2404 1111 2478 significans
1126 2412 1249 2476 apertam
1266 2421 1327 2460 esse
1338 2406 1411 2460 viam
1425 2405 1452 2460 iu
1467 2406 1574 2462 Christo
1587 2405 1706 2462 intrandi
1720 2404 1749 2461 in

101 2507 173 2558 curn,
190 2492 253 2564 quia
269 2493 338 2548 sicut
360 2508 415 2548 nou
438 2494 506 2560 heri,
523 2494 562 2550 sie
585 2511 637 2552 nec
658 2496 739 2552 bodie
754 2498 902 2568 proderat;
953 2495 1051 2551 Sancta
1066 2501 1235 2550 sanctorum.
1248 2494 1299 2549 liei
1312 2494 1347 2549 ita
1362 2493 1474 2551 initiavit
1502 2494 1581 2550 nobis
1604 2495 1677 2550 viam
1700 2510 1750 2565 per

99 2577 229 2651 offerens,
259 2581 393 2653 inquam,
420 2583 531 2637 easdem
570 2583 681 2651 hostias,
708 2585 768 2657 quae
808 2585 903 2642 lrostiae
952 2582 1086 2648 velamen,
1101 2582 1129 2637 id
1144 2591 1375 2653 estpercarnem
1394 2597 1483 2649 suam,
1504 2583 1580 2652 cujus
1595 2597 1707 2639 samem
1722 2589 1750 2639 et

101 2685 242 2739 nunquam
264 2677 378 2740 possunt
402 2669 511 2726 auterre
538 2680 662 2743 peccata.
701 2673 824 2729 Pontilex
855 2691 903 2730 seu
952 2669 1277 2742 sanguinemiuaccessu
1292 2670 1386 2726 mortis
1401 2670 1551 2741 accipimus
1572 2670 1700 2727 viahcum
1714 2670 1749 2726 ad

98 2757 216 2829 quilibet
233 2759 362 2815 sacerdos
382 2758 480 2830 legalis
504 2768 631 2831 repetens
646 2761 758 2829 hostias,
789 2771 902 2833 peccata
952 2759 1077 2831 patriam.

99 2846 193 2917 nequit
216 2846 343 2913 auterre,
359 2848 409 2903 sed
438 2848 481 2903 bic
503 2848 624 2920 pontifex
646 2849 768 2905 Christus
783 2851 903 2922 offerens
988 2848 1105 2904 Carnem
1121 2846 1220 2904 dieoet
1233 2847 1395 2919 sanguinem
1418 2847 1509 2919 specie
1528 2847 1608 2919 panis
1622 2846 1749 2904 velatam.

101 2933 224 2990 hostiam
239 2951 293 2990 nou
308 2935 458 3007 repetitam,
472 2937 520 2992 sed
539 2954 627 2993 unam
639 2939 728 2994 solarn
740 2957 792 3012 pro
807 2956 905 3011 pecca·
952 2935 1069 2992 luitiavit
1087 2936 1167 2992 nobis
1182 2953 1233 3008 per
1246 2951 1356 2992 carnem
1371 2952 1458 3003 suam,
1475 2944 1501 2992 et
1515 2952 1566 3008 per
1579 2953 1609 2992 se
1623 2937 1752 2996 sacerdo·

100 3022 137 3076 tis
153 3021 282 3092 omnium,
299 3024 385 3090 sedet,
404 3024 431 3078 id
447 3031 488 3080 est
503 3025 618 3096 quiescit
635 3034 662 3081 et
676 3034 775 3100 regnat
799 3028 905 3099 positus
955 3029 1012 3081 tem
1027 3024 1148 3097 quotidie
1162 3025 1269 3080 Patrem
1284 3040 1334 3095 pro
1353 3025 1433 3080 uobis
1450 3024 1677 3096 interpellantem.
1697 3024 1750 3080 Sa·

98 3109 131 3164 in
154 3109 283 3179 dextera,
296 3110 323 3165 id
339 3120 380 3166 est
395 3112 594 3185 inaequalitate
609 3114 659 3170 Dei
673 3114 758 3186 patris
774 3131 902 3172 sessurus
920 3093 1090 3169 ccerdotem
1103 3111 1166 3169 dico
1175 3129 1310 3184 maqnum
1321 3112 1355 3167 ad
1364 3113 1596 3184 comparationem
1607 3112 1748 3185 legalium.

100 3195 137 3252 ibi
152 3200 183 3253 in
199 3201 416 3272 sempiternam.
428 3202 486 3257 Nec
501 3217 660 3258 reversurus
675 3211 703 3259 ut
718 3203 815 3259 iterum
831 3203 901 3260 olie-
952 3202 1081 3274 biaguum
1095 3201 1158 3256 dico
1173 3202 1363 3257 constitutam
1374 3215 1459 3273 super
1468 3203 1585 3258 Domum
1594 3203 1653 3268 Dei,
1667 3201 1695 3257 id
1708 3208 1751 3258 est

100 3292 151 3353 rat,
168 3287 245 3359 quasi
261 3287 424 3357 bostiaejus
442 3288 525 3344 luerit
543 3289 718 3358 insufficiens,
736 3292 785 3347 sed
801 3293 902 3349 decoe-
952 3296 1116 3360 praesentem
1146 3296 1173 3344 et
1193 3288 1312 3343 suturam
1341 3288 1503 3345 Ecclesiam.
1532 3290 1600 3357 Nos,
1627 3290 1748 3362 inquam,
1809 3330 1813 3334 -

103 3379 173 3440 tero,
198 3374 226 3429 id
241 3383 282 3430 est
298 3376 332 3431 de
346 3375 437 3432 tuturo
451 3383 621 3450 exspectans
636 3379 672 3433 ihi
686 3379 715 3433 in
729 3380 841 3436 dextera
852 3382 902 3437 Dei
952 3376 1061 3445 iratres,
1077 3376 1209 3432 habentes
1231 3376 1313 3431 talem
1327 3375 1453 3432 fiduciam
1474 3379 1650 3446 accedamus,
1666 3379 1752 3435 idest

101 3463 189 3518 donec
200 3463 312 3519 inimici
322 3467 383 3536 ejus
392 3469 539 3536 ponantur
552 3466 706 3523 scabeilum
714 3469 818 3540 perium
829 3471 900 3541 ejas,
952 3465 1172 3537 approximemus
1187 3464 1222 3520 ad
1248 3464 1394 3521 Dominum
1408 3481 1547 3522 curavero
1560 3466 1651 3532 corde,
1667 3466 1694 3521 id
1709 3473 1752 3522 cst

100 3551 129 3606 id
144 3559 185 3606 εει
204 3550 278 3606 ornni
292 3553 374 3607 modo
390 3553 568 3622 subjectionis
581 3554 760 3624 subjiciantur
776 3556 812 3624 ei,
828 3557 903 3629 quod
953 3570 1014 3611 cum
1038 3560 1115 3609 recta
1130 3552 1308 3624 intelligentia
1323 3553 1355 3608 in
1371 3553 1551 3625 plenitudine
1565 3553 1646 3622 fidei,
1657 3553 1686 3609 id
1709 3561 1752 3610 est

102 3638 221 3694 iuturam
232 3648 274 3695 est
286 3640 314 3695 iu
326 3641 369 3696 die
389 3641 494 3711 judicii.
527 3640 652 3698 Offerens
675 3644 790 3698 hostiam
810 3661 900 3713 uuam,
953 3642 1086 3698 babentes
1103 3640 1194 3707 fidem,
1214 3657 1270 3696 non
1284 3641 1319 3696 de
1335 3641 1498 3711 quibusdam
1514 3648 1627 3711 tautum
1652 3641 1701 3697 sed
1717 3642 1752 3698 de

102 3727 166 3784 ideo
181 3731 349 3802 naamanin
360 3745 420 3785 nna
433 3729 491 3785 sola
507 3731 648 3788 oblatione
658 3733 861 3802 sanctificavit,
877 3743 904 3789 et
953 3728 1080 3786 omnibus
1094 3728 1240 3785 credendis
1253 3728 1415 3800 plenariam.
1432 3728 1613 3801 Accedamus,
1629 3729 1750 3802 inquam,

103 3817 298 3887 sanctificatos
328 3818 456 3872 virtutum
488 3817 656 3889 perfectione
684 3823 902 3891 consummavit,
953 3821 1063 3891 aspersi
1073 3818 1166 3884 corda,
1182 3817 1211 3872 id
1226 3825 1268 3873 est
1286 3818 1419 3872 habentes
1442 3817 1572 3872 mundata
1586 3818 1681 3887 corda,
1696 3833 1753 3875 nou

104 3920 300 3975 permansuros
310 3905 341 3961 in
356 3908 577 3977 sempiternum.
596 3907 654 3962 Nos
664 3907 773 3980 quidem
788 3910 904 3966 dicimus
954 3902 1042 3957 solum
1056 3901 1259 3973 apeccato,sed
1270 3900 1380 3957 etiamn
1391 3902 1665 3968 moiacoascientia,
1678 3901 1752 3973 quod

104 3992 241 4048 Christum
256 4009 311 4049 uua
333 3994 470 4051 oblatione
486 3977 671 4052 sanctificatos
685 4013 902 4055 consummasse.
954 4007 1006 4047 net
1032 3989 1176 4059 cuiuslibet
1202 3989 1265 4044 mali
1294 3989 1461 4045 001180i0¹¹li⁸
1484 4005 1536 4045 ¹²0⁸
1565 3989 1709 4057 ffl⁰rd08hl
1724 3994 1754 4046 02

104 4082 135 4136 lu
153 4083 206 4137 boc
235 4090 326 4137 autem
350 4087 540 4151 contestatur,
554 4083 582 4138 id
604 4091 645 4140 est
669 4084 814 4142 coufirmat
836 4103 904 4156 nos,·
954 4079 1046 4135 abluti
1059 4094 1160 4151 write
1175 4093 1248 4150 aiva
1263 4077 1382 4146 mvnda»
1398 4077 1426 4133 id
1440 4084 1481 4133 esi
1509 4077 1641 4134 hibentes
1655 4076 1753 4150 purifi·

104 4169 176 4225 idem
191 4169 335 4225 nobiscum
359 4169 500 4226 ailirmans
525 4171 606 4227 etiarn
637 4174 761 4246 Spiritus
776 4178 903 4246 sanctus,
955 4175 1042 4222 calam
1061 4182 1172 4223 tarnem
1196 4165 1330 4236 baptism
1358 4166 1506 4221 mundante
1520 4181 1580 4232 ¹10⁸,
1606 4170 1754 4224 lentam

106 4258 171 4330 quia
196 4263 345 4332 postquam
364 4258 440 4314 dimit
461 4258 488 4314 in
514 4260 632 4316 ieremia
648 4278 655 4314 ι
674 4262 726 4318 iioc
749 4267 846 4319 autem
861 4267 904 4320 est
954 4254 1398 4327 opereetcordeconsnstomm;
1413 4254 1485 4326 quod
1497 4253 1751 4327 siingruantmaia,

107 4350 310 4403 testamentum
338 4347 410 4420 quod
436 4347 559 4404 testabor
572 4349 609 4404 ad
628 4349 702 4417 iilos,
715 4353 744 4407 et
767 4350 818 4408 hoc
834 4352 904 4408 dicit
955 4343 1019 4399 inde
1034 4359 1089 4399 110ss
1104 4342 1281 4399 formidemus
1296 4343 1358 4398 ideo
1372 4341 1495 4397 confiteri
1518 4341 1665 4398 Christum·
1682 4343 1753 4399 Cou-

107 4434 243 4490 Dominus
258 4454 267 4490 .·
280 4440 345 4507 post
359 4434 418 4491 dies
428 4436 493 4492 ilios
508 4436 577 4493 daho
593 4437 666 4508 tepea
679 4454 757 4493 meas
770 4441 803 4495 in
818 4439 940 4506 cardin
954 4432 1103 4489 fessiosstffl
1117 4431 1178 4487 (11⁰0
1195 4430 1436 4497 indeclinabilem.
1457 4430 1530 4503 (1¹¹0d
1543 4445 1596 4487 ¹¹⁰⁰
1609 4430 1637 4485 iu
1656 4431 1754 4488 detit-

109 4522 158 4578 hus
173 4539 281 4590 eorum,
299 4527 327 4579 et
340 4525 547 4596 superscribam
563 4541 610 4580 eas
626 4526 658 4580 in
678 4530 774 4582 monto
798 4543 905 4584 eorum.
956 4537 1012 4577 ram
1036 4519 1221 4589 declinemus,
1238 4533 1290 4575 1¹00
1308 4518 1344 4574 ad
1358 4518 1506 4586 sinistram,
1533 4534 1593 4591 (111ae
1616 4517 1754 4576 consessio

108 4612 255 4682 Postquam
271 4612 323 4667 boc
343 4611 418 4681 dixit,
448 4612 569 4682 adjunriit
598 4613 714 4684 Spiritus
732 4622 841 4671 sauctus
857 4633 864 4671 r
881 4624 908 4672 et
957 4606 1413 4681 estcausanostraespei.Sienim
1428 4605 1511 4662 tidem
1527 4606 1669 4663 christiin
1684 4622 1754 4665 con-

104 4698 162 4767 jam
176 4700 301 4771 amptius
313 4716 371 4758 non
387 4699 554 4757 recordabor
566 4705 760 4774 peccatorum,
777 4703 907 4776 iniquita·
957 4705 1052 4771 spectu
1061 4705 1267 4769 persecutorum
1282 4711 1338 4751 non
1352 4694 1522 4750 timuerimus
1540 4692 1674 4764 confiteri,
1691 4701 1755 4752 tuna

109 4794 165 4842 turu
179 4802 287 4844 eorum.
305 4789 336 4842 lu
357 4787 400 4842 iris
421 4795 511 4847 autern
526 4789 616 4845 verbis
636 4799 803 4846 contestatur
818 4791 907 4863 Spiri·
957 4803 1008 4858 pro
1018 4794 1094 4842 certo
1104 4801 1217 4858 sperare
1227 4782 1501 4857 possumusiuturam
1515 4782 1633 4854 gloriam
1643 4783 1755 4840 εεεειὶε.

107 4882 150 4930 tus
164 4884 275 4932 sauctus
287 4892 369 4932 unam
384 4877 548 4933 oblationem
573 4893 780 4935 consummasse
804 4880 908 4937 sauch—
957 4876 1068 4932 Diceret
1081 4874 1127 4930 ille
1144 4890 1151 4931 ε
1168 4873 1237 4944 Quis
1252 4872 1355 4942 tandiu,
1372 4879 1483 4928 ettanta
1496 4870 1647 4939 tolerando,
1662 4878 1757 4942 posset

76 4951 81 4966 '
107 4962 200 5020 sicatos
216 4982 223 5019 r
241 4965 304 5036 quia
318 4964 366 5021 uiri
377 4969 420 5021 est
428 4970 610 5038 peccatorum
620 4969 759 5035 remissio,
772 4969 837 5041 jam
849 4984 909 5026 non
958 4978 1067 5035 sperare
1079 4978 1138 5018 rem
1162 4962 1276 5018 fortasse
1302 4975 1440 5033 nunquam
1459 4958 1632 5015 habendam?
1646 4958 1688 5015 Ad
1701 4958 1757 5016 hoc

109 5056 151 5108 est
162 5053 321 5108 necessaria
335 5053 439 5110 oblatio
453 5071 504 5127 pro
518 5060 644 5127 peccato.
957 5052 1057 5107 Paulus
1073 5068 1080 5106 ε
1096 5050 1125 5105 Si
1140 5050 1270 5106 audacter
1284 5046 1461 5114 confitemini,
1477 5046 1552 5106 salva
1573 5063 1637 5120 spes
1652 5055 1696 5104 est
1707 5061 1757 5105 vc·

144 5141 290 5213 Postquain
319 5157 367 5211 per
397 5141 565 5212 pontificium
593 5143 713 5213 Christi,
742 5144 909 5203 sullicienter
958 5139 1088 5213 bls,quia
1102 5140 1176 5195 Deus
1191 5141 1234 5194 est
1249 5137 1342 5208 fidelis
1355 5144 1382 5193 et
1396 5135 1504 5192 mentiri
1524 5150 1578 5194 non
1593 5143 1693 5209 potest,
1708 5138 1758 5210 qut

109 5235 188 5285 vetus
203 5226 371 5299 pontificium
395 5231 538 5300 destruxit,
555 5238 582 5286 et
609 5239 699 5287 vetera
713 5231 847 5290 sacrificia
863 5250 909 5290 re·
958 5228 1120 5302 repromisit
1136 5225 1327 5284 continntibus
1345 5241 1375 5281 εε
1399 5226 1470 5282 bona
1483 5241 1544 5298 quae
1557 5225 1683 5297 speratis.
1699 5225 1756 5282 Τε-

107 5316 233 5386 probata,
249 5324 276 5372 et
291 5316 319 5371 iu
335 5316 468 5375 sacrificio
487 5317 588 5374 Christi
615 5319 700 5375 semel
729 5320 831 5389 oblato,
846 5337 908 5377 om·
959 5334 1072 5374 neamus
1087 5315 1331 5378 contessionemet
1353 5315 1564 5371 consideremus
1581 5314 1712 5382 tanmem,
1727 5311 1757 5368 id

107 5419 170 5460 uem
197 5403 420 5473 justificationem
449 5407 599 5463 consistere
628 5406 774 5479 perhibuit,
807 5408 910 5467 iaciens
959 5414 1001 5462 est
1014 5406 1083 5463 alter
1097 5405 1222 5472 alterurn,
1238 5418 1293 5459 uon
1306 5402 1335 5457 in
1355 5402 1442 5475 litigio
1462 5410 1490 5476 et
1503 5400 1669 5458 detractione
1684 5417 1692 5456 τ
1706 5400 1758 5459 sed

110 5488 194 5550 linem
208 5494 244 5550 de
258 5493 424 5563 hujusmodi,
440 5495 538 5552 transit
551 5496 586 5553 ad
600 5495 807 5555 instructionem
820 5513 911 5556 mora·
958 5492 1351 5568 taprmocamnortarttato
1360 5492 1533 5550 ettenorum
1543 5504 1670 5563 eperunt,
1680 5488 1757 5548 idest
