3750 5984
110 191 166 247 47³
456 191 646 250 Expostulo
665 193 703 248 lN
721 187 912 248 EPISTOLAS
930 186 1045 245 lauat.
1059 218 1095 232 -
1108 190 1145 247 IN
1163 189 1271 247 aem.
1292 188 1340 245 Al)
1356 189 1422 245 TlT.
1544 176 1549 186 ’
1711 183 1765 242 t'tt

117 321 208 387 iudea
221 325 232 374 ζ·
246 325 273 374 et
284 316 385 386 iustitia
409 316 492 388 exigit
506 325 535 372 nt
548 318 601 374 hoc
615 316 681 372 mihi
695 316 835 373 reddatur.
855 311 957 375 blihiA
969 312 1063 369 venies
1087 314 1122 370 ad
1145 330 1206 381 me,
1232 330 1298 371 cave
1321 313 1370 368 tibi
1393 313 1428 369 ab
1451 313 1605 369 Alexandro
1617 330 1624 368 :
1635 311 1680 369 hic
1695 312 1767 368 enim

121 408 243 481 quidem,
260 406 310 462 sed
319 423 377 463 naa
386 407 479 462 solam
493 407 575 470 milri,
587 406 635 462 scd
649 406 731 461 etiam
741 403 867 459 omnihus
877 402 921 458 bis
970 402 1134 458 Alexander
1143 405 1262 459 aerarias
1272 403 1384 473 (nomeu
1398 400 1551 475 dignitatis)
1562 400 1768 457 oslendilmibi

121 498 171 570 qui
180 496 305 566 dilipunt
316 495 471 549 Maenium
481 495 541 565 ejus
553 493 658 564 judicii,
671 493 698 548 id
713 500 755 548 est
766 492 813 564 qui
823 505 920 562 puram
970 491 1149 546 mullamalc
1163 510 1172 546 .·
1188 507 1238 546 uec
1259 490 1323 546 inde
1337 506 1404 546 curo
1417 507 1425 545 s
1437 489 1501 561 quia
1514 490 1650 545 bomtnas
1669 487 1767 544 reddet

120 583 223 640 babent
246 581 442 638 conscientiam
458 597 465 636 :
481 580 528 653 qui
549 581 621 637 enim
644 580 696 636 sibi
718 581 790 636 male
817 578 921 635 conscii
970 579 1160 635 sisenandum
1170 580 1331 652 operosius.
1345 578 1430 646 Quem
1441 577 1626 633 alexandrum
1636 580 1669 632 ta
1679 577 1767 632 etiam

121 681 204 737 snut,
229 670 259 725 lri
275 670 367 741 utique
391 669 537 724 adventum
548 669 649 738 judicis
661 659 715 723 uon
729 668 855 742 diligunt,
871 665 921 722 sed
970 666 1082 723 devita.-
1097 666 1141 722 hic
1161 667 1327 723 enimualde
1342 666 1452 722 restitit
1468 665 1556 722 uerbis
1566 665 1683 722 nastris.
1699 661 1769 720 Veni

120 757 278 815 formidant.
303 758 355 813 Per
374 756 427 814 hoc
441 756 587 828 plurimum
615 757 717 812 animat
737 757 918 825 Timotheum,
969 755 1062 826 utique
1078 771 1084 810 :
1098 755 1162 827 quia
1176 753 1346 812 necessarius
1361 770 1402 810 es.
1418 755 1450 810 ln
1465 756 1561 826 prima
1576 753 1653 809 enim
1665 753 1767 824 desen-

123 846 198 919 quod
221 847 257 901 ait
281 845 430 916 praeparari
454 860 583 902 coronam
609 845 721 915 justitiae
745 844 920 917 diligentibus
969 845 1048 901 sione
1066 860 1140 909 mcc,
1157 843 1267 915 quando
1282 842 1392 898 delendi
1410 858 1455 898 me
1470 842 1497 897 in
1512 850 1662 913 conspectu
1675 841 1768 896 Nero·

119 935 267 991 adveutum
286 934 347 991 Dei.
479 978 483 986 .
968 931 1021 1000 nis,
1032 948 1115 987 nemo
1125 931 1321 1003 discipulorum
1329 931 1414 1002 affuit
1421 931 1493 987 mibi
1503 950 1513 986 .·
1523 931 1570 987 sed
1580 945 1677 987 omncs
1685 930 1767 986 derc-

159 1023 295 1080 Instructo
319 1023 460 1079 Timotheo
483 1022 511 1077 iu
532 1022 575 1078 his
600 1038 661 1094 quae
682 1022 792 1093 publice
810 1021 919 1095 agenda
970 1021 1116 1092 liquerant
1141 1036 1197 1076 mc.
1210 1021 1244 1076 Ut
1261 1027 1352 1075 autem
1373 1021 1427 1074 boc
1445 1035 1503 1074 non
1522 1019 1682 1090 imputetur
1695 1018 1766 1084 illis,

118 1118 213 1174 erant,
242 1110 277 1165 de
306 1110 467 1182 quibusdam
482 1110 601 1182 propriis
616 1110 729 1166 mandat
742 1109 778 1176 ei,
795 1109 911 1166 dicens:
967 1108 1433 1181 precor:illidcreliqucruntmc‚·
1447 1106 1497 1163 sed
1513 1108 1650 1163 Dominus
1670 1105 1767 1161 nstitit

123 1197 244 1255 345
270 1196 342 1266 Quia
363 1198 391 1252 in
415 1199 539 1269 proximo
555 1198 615 1254 dies
641 1214 711 1255 men
735 1199 917 1255 resolutionis
967 1194 1767 1267 militetastandosorlcmsecitmcrideoetadeoutproe·

121 1288 217 1343 instat
233 1301 240 1340 ε
256 1285 318 1341 ideo
327 1287 435 1357 festina
447 1288 505 1343 cita
514 1289 611 1343 venire
625 1286 661 1342 ad
678 1302 741 1343 mc:
752 1293 779 1342 et
793 1301 918 1342 necessa·
967 1283 1071 1340 dicatio
1080 1284 1310 1355 implereturpcr
1319 1299 1374 1349 mc,
1386 1298 1440 1338 non
1451 1283 1594 1339 cedentem
1604 1280 1685 1338 minis
1696 1274 1766 1351 ejus}

120 1374 178 1429 rius
193 1373 259 1429 mihi
274 1390 304 1430 ea
321 1376 409 1446 :quin
423 1377 524 1431 Demos
539 1375 716 1446 apostatando
731 1375 845 1448 reliquit
859 1391 915 1441 mc,
967 1371 995 1427 Si
1011 1372 1083 1426 enim
1098 1372 1282 1428 consentirem
1296 1371 1358 1443 ipsi,
1374 1370 1511 1441 inexpleta
1532 1368 1610 1427 fieret
1630 1369 1765 1441 praedica·

120 1462 245 1533 diliacns
257 1463 308 1519 boc
320 1479 443 1533 praesens
456 1465 602 1526 saeculum.
614 1466 642 1520 ct
657 1463 703 1522 ille
718 1463 790 1520 abiit
802 1465 916 1520 Tbcssa·
966 1459 1004 1515 tio
1021 1474 1028 1514 :
1044 1460 1107 1515 ideo
1121 1460 1204 1516 etiam
1219 1459 1382 1516 confortavit
1393 1477 1399 1514 :
1409 1463 1442 1515 ul
1451 1460 1510 1514 haec
1519 1459 1641 1514 audiant
1648 1462 1767 1530 pentes:

119 1551 257 1607 ionicam.
273 1551 406 1608 Crescens
415 1567 491 1619 vero,
504 1551 573 1608 alius
588 1551 737 1623 discipulus
746 1551 773 1606 iu
789 1551 915 1623 tideper-
966 1556 993 1605 et
1007 1549 1061 1605 hoc
1073 1548 1153 1604 etiam
1179 1547 1290 1604 audiant
1303 1548 1376 1620 quod
1401 1548 1538 1604 liberatus
1557 1562 1634 1614 sum,
1659 1552 1688 1601 ut
1710 1561 1766 1602 non

117 1653 244 1705 manens,
261 1639 327 1695 abiit
336 1641 369 1696 in
380 1640 534 1696 Galatiam.
554 1641 632 1696 Titus
646 1655 713 1697 vero
727 1641 793 1695 abiit
809 1643 840 1697 in
851 1642 951 1728 linig
965 1638 1157 1719 consentirem,
1166 1636 1199 1693 dc
1209 1652 1257 1693 arc
1266 1637 1364 1705 laonia
1371 1636 1399 1691 id
1409 1643 1450 1692 est
1459 1634 1589 1701 Neronis,
1600 1633 1764 1699 veldiaboli,

116 1728 249 1783 matiam.
261 1727 296 1783 Et
305 1727 354 1794 sic,
366 1727 426 1782 aliis
433 1728 576 1798 dispersis,
600 1731 677 1785 solus
699 1730 789 1785 Lucas
804 1744 915 1785 mecam
964 1741 1015 1797 per
1023 1726 1162 1781 Neronem
1172 1723 1326 1781 invadentis
1340 1739 1384 1780 me
1394 1739 1400 1778 :
1412 1739 1462 1779 nec
1472 1723 1560 1778 solum
1580 1738 1597 1778 a
1613 1721 1704 1791 leone,
1716 1721 1765 1778 sed

117 1817 172 1871 cst.
184 1815 267 1883 Veni,
285 1814 420 1888 inquiam.
438 1823 464 1871 et
474 1816 502 1871 in
511 1816 646 1873 veniendo
657 1832 770 1873 assume
779 1818 913 1884 Marcum,
965 1814 1295 1871 liberauitmeliominus
1310 1811 1344 1869 ab
1368 1813 1447 1868 amni
1460 1827 1541 1884 opera
1553 1812 1639 1877 mala,
1649 1826 1684 1866 ue
1699 1809 1765 1882 qnid

116 1905 146 1958 ct
155 1902 267 1959 addisce
280 1907 373 1960 tecam
392 1904 426 1959 ad
445 1919 499 1960 me.
512 1904 562 1960 llic
572 1907 650 1960 anim
660 1908 701 1961 est
712 1906 784 1961 mibi
792 1905 873 1961 utilis
884 1907 915 1960 in
965 1904 1034 1958 male
1042 1918 1174 1974 operarer
1186 1918 1192 1957 :
1203 1906 1232 1959 cl
1240 1917 1285 1957 me
1295 1901 1440 1957 liberatum
1449 1901 1561 1957 saluum
1570 1901 1670 1972 saciet,
1680 1906 1766 1953 trans·

116 1990 288 2047 ministerio.
300 1991 576 2047 Fortassiamissurus
586 2000 646 2048 erat
656 2008 717 2048 eum
731 1993 877 2063 Apostolus
887 1993 914 2048 in
965 1991 1048 2046 latum
1058 1994 1091 2046 s'n
1101 2007 1221 2062 reanum
1230 2007 1315 2047 sunm
1325 1990 1508 2046 aniestc:cui
1519 1987 1636 2045 Domino
1651 1995 1692 2043 est
1705 1988 1764 2059 plc-

115 2077 235 2150 aliquam
242 2079 418 2151 legationem.
430 2081 577 2151 Tuebicum
586 2085 684 2136 autem
691 2083 912 2154 misidpbesum,
964 2082 1009 2137 ria
1018 2080 1051 2135 in
1060 2081 1165 2136 soecula
1176 2080 1354 2146 saeculorum,
1366 2079 1465 2135 Amen.
1477 2079 1596 2147 Accepta
1611 2084 1702 2132 autem
1711 2075 1763 2133 bac

114 2166 201 2222 ubitu
216 2167 394 2238 episcoparis.
411 2168 451 2223 Tu
466 2183 532 2224 vero
546 2170 663 2225 ueniens
676 2169 713 2224 ad
727 2185 771 2225 me
784 2169 857 2240 affer
872 2173 915 2225 tc·
963 2167 1096 2240 Epistola,
1121 2169 1217 2224 saluta
1237 2169 1406 2223 Priscamct
1425 2167 1564 2239 Aquilam,
1580 2168 1609 2221 cl
1618 2164 1763 2236 familiam

116 2256 328 2327 campanulum
336 2270 421 2328 anam
436 2255 511 2327 apud
529 2255 652 2328 Carpum
668 2258 772 2330 reliqui
790 2257 914 2315 Troade:
965 2258 1141 2329 onesiphori.
1166 2258 1286 2312 Erastns
1301 2262 1392 2311 antem
1415 2255 1556 2311 remansit
1575 2252 1723 2310 Corinthi:
1737 2259 1764 2309 et

114 2341 184 2398 affer
205 2344 287 2399 etiam
305 2345 388 2402 libros
413 2363 423 2399 .·
444 2347 473 2400 et
496 2347 624 2401 maxime
647 2360 703 2416 prae
727 2346 833 2401 ceteris
847 2345 915 2401 aller
968 2344 1360 2418 Trophimnmreliauillilcti
1373 2341 1698 2414 infirmnmaetqniatot
1713 2341 1762 2396 ab·

112 2431 305 2496 miscuas,
322 2432 420 2504 quihus
435 2447 504 2503 opus
518 2432 608 2489 habeo
621 2434 657 2488 ad
671 2433 816 2490 mittendas
834 2435 914 2507 Epis·
963 2442 1056 2491 sentes
1069 2441 1139 2501 sunt,
1155 2433 1263 2504 festina
1273 2434 1370 2489 venire
1384 2430 1419 2486 ad
1432 2446 1477 2486 me
1489 2433 1558 2487 anta
1574 2429 1706 2486 lsicmem.
1719 2429 1760 2485 Dc

116 2518 195 2575 tolsa.
231 2519 331 2575 Penula
362 2521 447 2576 vestis
471 2527 529 2575 erat
551 2521 650 2576 tradita
671 2522 870 2578 Tharsensihus
897 2539 914 2580 a
963 2523 1007 2577 bis
1021 2530 1111 2578 autem
1126 2521 1173 2594 qui
1187 2520 1331 2577 nobiscum
1346 2525 1418 2586 sunt,
1441 2520 1571 2575 salutant
1592 2521 1619 2575 le
1629 2518 1760 2584 Eubulus,

113 2607 271 2664 Romanis:
293 2617 437 2679 propterea
451 2608 516 2680 quis
539 2616 655 2680 sponte,
680 2616 707 2665 et
729 2625 784 2665 nou
800 2610 871 2667 bello
885 2612 913 2667 in
963 2611 1124 2677 alludens,
1144 2611 1280 2675 allinus,
1300 2607 1467 2673 oldiardis,
1489 2611 1518 2662 et
1536 2609 1761 2678 omnessratrcs.

111 2694 255 2766 imperinm
271 2697 454 2752 Romanorum
468 2696 636 2753 devenerant
663 2715 670 2752 :
694 2713 777 2769 quam
795 2698 858 2755 ideo
869 2700 914 2768 ju·
962 2700 997 2754 Et
1011 2714 1064 2771 ego
1079 2698 1166 2753 saluto
1181 2705 1216 2753 te.
1242 2698 1379 2753 Dominus
1398 2697 1478 2752 lasus
1490 2694 1617 2751 Christus
1640 2692 1675 2748 sit
1696 2709 1762 2750 cum

112 2782 195 2841 bebai
209 2782 317 2850 afferri,
333 2792 362 2838 nt
376 2785 570 2855 comprobaret
584 2800 615 2841 se
631 2801 693 2842 esse
707 2786 796 2842 civem
810 2788 913 2843 Roma·
963 2788 1068 2862 spiritu
1079 2791 1127 2843 tuo
1147 2805 1156 2841 :
1177 2792 1204 2842 et
1218 2784 1352 2841 concedat
1364 2791 1394 2839 ut
1407 2785 1501 2858 pratia
1515 2782 1550 2838 sit
1564 2783 1717 2848 nobiscum,
1733 2781 1761 2837 id

112 2885 194 2938 num,
219 2873 291 2928 sicut
303 2872 491 2944 appellaverat
503 2874 576 2944 apud
600 2873 720 2930 Festum.
746 2875 801 2930 Seu
814 2877 913 2946 penula
962 2883 1006 2932 est
1030 2875 1139 2932 dilectio
1165 2874 1237 2930 iuter
1272 2889 1317 2930 me
1349 2881 1375 2930 et
1415 2879 1442 2929 te
1468 2878 1558 2944 coepta
1587 2878 1756 2943 perseveret.

111 2959 169 3014 alis
183 2960 266 3015 vestis
280 2968 355 3016 crat:
368 2977 448 3033 quam
461 2968 559 3018 contra
573 2961 660 3034 frigus
673 2960 765 3018 afferri
789 2962 841 3019 sibi
860 2981 912 3036 po-
963 2966 1065 3022 Amen.

112 3046 245 3114 stulabat,
269 3056 378 3104 acturus
400 3049 509 3105 hiemen
531 3049 560 3105 iu
584 3064 709 3106 carcere.
737 3052 808 3107 Dum
823 3061 912 3110 autem

569 3269 820 3328 ARGUMENTUM
839 3273 876 3329 ΙΝ
896 3272 1092 3329 EPISTOLAM
1111 3272 1159 3327 ab
1177 3270 1293 3326 TITUM.

135 3364 237 3446 ‚Titum
252 3362 459 3421 commonefacit
474 3373 500 3422 et
514 3365 623 3422 instruit
637 3368 671 3423 de
685 3369 877 3428 constitutione
898 3370 1060 3444 presbyterii
1076 3384 1082 3423 τ
1098 3368 1173 3425 etde
1188 3366 1321 3440 spirituali
1343 3366 1566 3436 conversatione,
1583 3375 1610 3423 et
1624 3365 1759 3424 haereticis

112 3434 232 3491 vitandis
248 3451 254 3490 :
271 3435 317 3507 qui
330 3435 521 3491 traditionibus
534 3437 653 3494 ludricis
667 3440 797 3509 crodunt;
815 3442 938 3499 scribens
952 3441 978 3499 ei
992 3458 1009 3498 a
1022 3440 1158 3512 Nicopoli.

539 3670 761 3734 PROLOGUS
782 3675 822 3735 B.
845 3673 1054 3739 BRUNONIS
1075 3673 1118 3735 lN
1138 3671 1324 3734 EAMDEM.

145 3796 255 3872 Paulus,
273 3804 414 3861 conversis
429 3802 613 3871 Cretensibus,
629 3805 798 3862 consecravit
812 3805 850 3862 ibi
865 3806 945 3867 Ti-I)
958 3812 987 3862 nt
1011 3804 1126 3861 instruat
1141 3821 1204 3861 eum
1224 3803 1320 3877 quales
1344 3817 1506 3859 consecrare
1529 3802 1627 3860 debeat
1650 3803 1760 3875 cpisco-

107 3897 166 3945 tum
180 3889 434 3961 archiepiscopum,
461 3887 506 3960 qui
521 3904 568 3945 eos
584 3889 731 3944 instrueret
745 3889 779 3945 de
794 3890 907 3963 quibus·
960 3910 1011 3965 pos
1030 3910 1079 3965 per
1105 3893 1230 3951 civitates
1256 3892 1299 3947 sui
1327 3891 1578 3964 archiepiscopatus
1606 3909 1613 3947 :
1643 3892 1759 3952 maxime

108 3993 217 4051 cunque
242 3985 422 4049 opportunum
448 3977 560 4032 videret.
591 3977 659 4033 Cum
688 3985 777 4034 antem
807 3979 906 4035 Paulus
960 3983 1033 4039 circa
1056 3983 1128 4039 hanc
1142 3981 1349 4039 instructionem
1363 3979 1525 4048 immorans,
1542 3987 1571 4036 nt
1585 3988 1760 4053 potestatect

106 4066 175 4123 isset
191 4065 345 4138 Nicopolim
355 4067 365 4136 (
375 4064 447 4137 quod
462 4065 521 4121 baec
535 4064 659 4136 Epistola
674 4065 782 4122 videtur
791 4066 906 4124 inuuere
960 4069 1078 4140 imperio
1090 4068 1239 4141 pontificali
1251 4076 1341 4124 utatur
1356 4086 1363 4123 ε
1381 4068 1443 4141 quia
1457 4068 1520 4124 licet
1534 4067 1685 4140 simplicem
1696 4085 1758 4127 esse

106 4154 136 4210 in
155 4154 359 4226 sequentibus),
382 4153 490 4225 scripsit
503 4154 575 4209 hanc
585 4152 735 4225 Epistolnm
749 4154 783 4209 ad
802 4154 903 4211 Titum.
960 4159 1061 4215 bonurn
1076 4158 1127 4224 sit,
1152 4165 1245 4214 tamen
1263 4157 1347 4212 nimia
1360 4156 1499 4212 humilitas
1514 4156 1636 4229 episcopi
1650 4157 1759 4214 incom-

107 4242 239 4299 Audierat
248 4241 320 4298 enim
331 4241 366 4298 de
381 4256 423 4308 eo,
443 4241 516 4313 quod
533 4241 614 4296 nimis
624 4240 784 4313 simpliciter
794 4242 905 4314 episco-
958 4246 1070 4302 modum
1084 4245 1147 4301 lacit
1170 4244 1297 4317 regimini
1311 4244 1441 4300 Ecclesia
1457 4259 1463 4298 :
1479 4244 1505 4299 ei
1526 4244 1589 4300 ideo
1603 4252 1697 4302 monet
1710 4246 1758 4302 'li-
1868 4320 1871 4325 .

106 4329 169 4402 pale
185 4337 324 4386 exerceret
338 4329 454 4385 officium
468 4344 474 4383 :
486 4329 549 4402 quia
562 4329 721 4397 haereticos,
738 4346 786 4387 sen
802 4331 904 4402 quosli-
959 4341 1027 4403 tum,
1042 4341 1073 4390 ut
1088 4350 1150 4390 cum
1173 4332 1288 4406 imperio
1306 4332 1454 4405 episcopali
1468 4333 1572 4402 doceat,
1588 4334 1756 4402 exhortetur,

106 4419 153 4475 bet
168 4433 322 4489 perversos,
338 4433 391 4473 non
404 4416 555 4488 expellebat
570 4417 605 4472 ab
616 4416 741 4473 Ecclesia
755 4417 905 4490 pontificali
958 4430 984 4478 et
999 4429 1096 4496 arguat
1112 4439 1120 4478 :
1135 4428 1162 4478 et
1176 4421 1199 4477 si
1214 4421 1260 4494 qui
1275 4420 1396 4477 haeretici
1411 4420 1514 4495 corrigi
1529 4419 1637 4490 nolunt,
1655 4422 1690 4478 ab
1704 4423 1758 4480 Ec·

105 4506 231 4578 imperio,
243 4505 312 4562 sicut
327 4505 447 4563 deceret.
464 4504 646 4561 Denuntiabat
656 4506 765 4578 quidem
780 4507 820 4563 eis
831 4507 903 4580 quod
958 4509 1041 4565 alesia
1055 4509 1183 4582 depellat.
1205 4511 1239 4566 Et
1253 4508 1294 4565 sic
1316 4509 1351 4565 de
1371 4508 1520 4580 episcopali
1544 4509 1633 4566 officio
1659 4526 1756 4584 agens,

105 4594 179 4651 male
192 4602 315 4668 agerent,
332 4603 358 4649 et
373 4593 506 4650 desistere
521 4593 650 4649 deberent
666 4611 673 4648 :
690 4594 738 4649 sed
752 4594 793 4651 eis
808 4595 843 4650 ab
857 4595 903 4651 iu·
957 4597 1073 4654 intendit
1097 4598 1184 4654 Titum
1209 4597 1361 4670 perlectum
1385 4597 1502 4654 reddere
1524 4598 1694 4671 episcopum.
1721 4600 1757 4657 Ut

106 4690 198 4754 coepto
207 4682 280 4737 malo
290 4697 345 4738 non
354 4681 524 4739 cessantibus
543 4681 627 4753 (quod
638 4681 800 4753 pontificalis
809 4683 903 4756 digni-
954 4701 1004 4757 per
1018 4686 1172 4758 exemplum
1187 4686 1279 4755 istius,
1306 4700 1484 4759 quoscunque
1506 4686 1652 4759 episcopos
1674 4687 1756 4743 nimis

105 4770 305 4845 maculasset),
317 4786 371 4826 nou
383 4771 529 4827 coercebat
544 4785 601 4837 eos,
613 4770 662 4825 sed
673 4770 809 4826 humiliter
817 4772 905 4842 patie-
955 4774 1093 4846 simplices
1117 4775 1250 4832 animatos
1272 4775 1414 4842 redderet,
1438 4782 1464 4831 et
1477 4774 1625 4848 episcopali
1639 4774 1754 4847 irnperio

104 4860 196 4915 batur.
207 4857 326 4916 ³46
337 4857 430 4928 Quare
444 4858 544 4913 Paulus
558 4859 629 4914 banc
642 4858 794 4929 Epistulam
810 4860 905 4915 scribit
954 4869 1070 4919 utentes.

106 4947 144 5004 sd
156 4946 246 5002 Titum
258 4961 265 5002 :
276 4962 362 5020 agens
372 4946 399 5002 in
410 4962 441 5003 ea
451 4947 485 5001 de
499 4944 647 5018 pontificali
659 4945 748 5004 officio
760 4963 766 5003 :
778 4963 811 5004 eo
821 4948 904 5004 modo

564 5197 573 5213 ”
618 5198 891 5286 EPISTOLA
923 5201 997 5287 AD
1048 5204 1236 5290 TITUM.

363 5357 475 5413 CAPUT
503 5357 650 5414 PRIMUM.
956 5383 968 5414 s
984 5362 1116 5430 veritatis,
1133 5380 1193 5437 quae
1206 5363 1356 5420 secuudum
1370 5361 1498 5434 pietatem
1512 5371 1555 5421 est
1567 5364 1594 5420 in
1618 5377 1697 5435 spem
1711 5363 1755 5420 vi-

138 5443 263 5499 ·Paulus
276 5459 372 5500 servus
387 5443 447 5512 Dei,
463 5446 602 5517 apostolus
616 5454 706 5503 autem
729 5446 795 5503 Jesu
818 5446 900 5503 Chri·
956 5472 968 5503 ι
985 5460 1243 5525 taeretarnae:quam
1252 5451 1389 5524 promisit,
1401 5452 1448 5525 qui
1457 5469 1513 5510 aon
1522 5452 1662 5519 mentitur,
1680 5453 1756 5509 Deus

103 5554 114 5580 ι
132 5531 168 5589 sti
191 5532 342 5590 secundum
364 5532 446 5591 fidem
460 5533 612 5593 electorum
625 5536 678 5594 Dei
690 5544 717 5594 et
732 5534 900 5608 agnitionem
933 5536 937 5540 '
956 5557 968 5590 s
985 5545 1048 5595 sate
1061 5545 1187 5611 tenpore
1200 5536 1324 5595 ansuini
1341 5552 1348 5594 :
1364 5536 1546 5596 manilesmvb
1569 5543 1661 5597 sutem
1682 5544 1755 5595 tem·
