3750 5984
59 233 112 289 865
624 230 726 289 LIBER
741 230 791 289 DE
810 229 1002 288 nxuucmo
1022 230 1150 286 CELLAE.
1661 239 1713 293 866

62 357 233 415 incessanter
247 356 361 423 furatur,
378 363 405 412 et
428 363 574 428 antequam
592 356 700 424 sentiat,
717 365 797 430 atque
812 356 901 418 (ιι-Δ
915 355 1036 427 perfecte
1050 355 1108 412 sinc
1122 354 1197 411 omni
1216 354 1389 411 excusatione
1414 363 1573 427 reputamus
1585 359 1711 430 injustos.

63 446 225 517 prehendat,
241 453 318 501 entra
335 462 365 501 se
383 445 473 500 fusum
497 445 698 512 comminuitur,
715 453 741 501 et
756 462 806 516 per
820 445 864 500 in-
914 446 949 522 dt
964 453 991 499 tu
1007 444 1140 509 fortassis,
1157 443 1202 516 qui
1216 443 1293 499 cellas
1314 444 1450 500 habitator
1468 461 1508 511 es,
1525 446 1563 501 ita
1577 448 1657 504 nobis
1670 442 1714 505 re-

62 550 176 592 numere
219 535 395 608 dispergitur.
424 534 470 591 Sic
504 543 594 591 autem
622 535 817 591 comminutum
839 542 866 590 et
915 534 1034 604 spondes
1050 533 1086 588 ed
1100 533 1157 588 brec
1173 550 1180 586 :
1196 531 1307 587 multum
1324 548 1368 588 me
1382 533 1409 587 in
1431 534 1521 590 verbis
1535 534 1594 590 istis
1610 537 1714 594 solliei-

64 623 219 695 dispersum
234 623 278 678 vix
293 639 323 679 se
336 623 465 694 permittit
483 624 518 678 ad
538 639 568 679 se
583 624 707 680 revocari
721 632 747 679 et
761 623 864 696 colligi,
915 629 972 676 tum
996 628 1022 676 et
1048 621 1179 692 pavidum
1205 620 1367 688 reddidisti,
1393 621 1561 694 multumque
1585 625 1711 698 turbasti,

64 719 91 767 et
105 711 175 766 intra
197 727 227 767 se
250 711 454 784 redintegrari:
472 720 499 767 et
513 712 536 766 si
555 711 626 767 forte
651 712 694 768 vel
718 711 866 784 abquando
915 708 1095 778 commovisti,
1111 709 1273 765 concussisti
1289 725 1295 763 :
1311 725 1374 764 nam
1398 710 1479 781 plene
1504 711 1570 766 mihi
1585 729 1618 769 sc
1632 714 1714 785 plane

64 800 100 855 ad
115 816 146 856 se
160 798 240 855 fuerit
261 799 415 867 collectum,
443 815 495 857 nec
522 816 577 856 uno
600 801 639 871 (ιιι
667 801 702 855 ite
731 798 865 872 dicamus)
915 796 1158 853 miseriammeam
1172 813 1309 870 magnam,
1329 815 1380 869 qua
1402 815 1482 870 supra
1497 801 1608 857 modum
1622 802 1716 859 hacin
1747 816 1754 827 ·

62 888 136 943 intra
151 903 181 944 se
195 896 333 944 momento
354 888 484 959 permittit
508 905 538 944 se
558 889 710 944 demorari.
741 889 776 943 Et
804 905 865 945 eum
915 893 992 958 parte
1007 894 1134 941 oneratus
1148 901 1181 942 ac
1194 893 1315 941 vastatus
1330 903 1389 942 sum
1404 887 1603 957 demonstrasti,
1620 899 1647 947 et
1657 907 1716 948 cm·

62 975 147 1031 tantis
160 991 192 1033 ae
205 976 304 1032 talibus
319 976 505 1033 indesinenter
527 976 646 1033 miseriis
673 976 866 1033 miserabiliter
915 990 978 1030 nem
993 974 1059 1029 mihi
1067 974 1174 1045 penitus
1184 975 1388 1031 exeusationem
1399 976 1542 1032 abstulisti.
1560 978 1589 1035 Si
1604 980 1715 1051 quidam

65 1064 231 1133 devastetur,
247 1072 386 1132 oneretur,
408 1073 558 1136 prematur,
575 1073 640 1122 tuno
653 1065 763 1137 quidem
776 1064 866 1138 magis
916 1062 1008 1119 omnia
1022 1063 1082 1118 haec
1095 1062 1131 1117 ita
1146 1062 1173 1117 iu
1188 1077 1232 1117 ma
1256 1063 1354 1128 sentio,
1379 1064 1449 1120 sicut
1461 1080 1492 1120 ea
1507 1072 1534 1121 te
1557 1066 1650 1124 dicere
1663 1084 1715 1124 au-

68 1153 105 1208 ab
119 1152 159 1209 eis
173 1161 288 1210 vexatur
301 1170 362 1210 eum
386 1154 420 1209 ad
435 1154 584 1211 orationem
605 1154 780 1210 convertitur.
795 1154 866 1209 Nam
915 1150 971 1206 dio.
986 1151 1035 1205 Est
1059 1150 1150 1222 utique
1177 1150 1306 1223 quidquid
1321 1151 1390 1207 dicis
1404 1169 1508 1221 verum,
1522 1161 1549 1210 et
1563 1171 1617 1211 non
1632 1157 1717 1213 estin

65 1242 173 1313 quando
195 1241 288 1298 vulin
310 1243 406 1299 codiee
431 1242 559 1315 legimus,
575 1243 618 1298 val
643 1242 761 1297 manuali
786 1240 868 1297 alicui
916 1239 959 1293 his
982 1239 1072 1295 verbis
1099 1239 1151 1293 tuis
1181 1239 1291 1310 aliquod
1319 1239 1500 1296 mendacium.
1521 1240 1619 1300 Omnia
1643 1246 1716 1302 enim

64 1330 142 1402 operi
156 1329 332 1395 intendimus,
350 1330 518 1402 aliquantum
542 1346 739 1402 nonuunquam
752 1345 801 1386 cor
814 1346 867 1400 ap·
917 1343 978 1398 quae
993 1327 1072 1394 dicis,
1090 1327 1129 1384 sie
1144 1343 1205 1383 esse
1224 1334 1252 1381 ut
1268 1327 1347 1389 dicis,
1369 1329 1550 1386 certissimum
1568 1348 1613 1389 me
1627 1334 1718 1390 reddit

64 1434 170 1491 ponere
184 1418 317 1489 valemus,
333 1426 361 1474 et
374 1426 403 1474 ut
421 1418 455 1474 iis
478 1420 513 1474 de
537 1418 634 1491 quihus
656 1434 707 1474 nos
728 1418 867 1473 intromit—
917 1431 972 1471 non
987 1416 1074 1471 solum
1089 1414 1213 1480 seientia,
1229 1415 1278 1470 sed
1293 1422 1320 1470 et
1335 1416 1498 1487 quotidiana,
1521 1419 1576 1475 imo
1589 1422 1719 1480 continua

63 1505 157 1573 timus,
173 1515 310 1580 utcunque
324 1507 388 1563 licet
402 1507 516 1562 multum
539 1507 661 1563 renitens
677 1514 702 1562 et
716 1506 865 1573 reluctans,
916 1519 979 1559 mea
989 1503 1170 1575 experientia.
1191 1503 1245 1558 Sed
1261 1503 1325 1575 quid
1336 1504 1402 1559 mihi
1415 1507 1528 1577 prodest
1542 1510 1615 1580 quod
1629 1511 1719 1567 valida

65 1595 169 1651 morari
197 1611 228 1651 se
261 1595 401 1668 permittat
429 1595 561 1652 efficimus
584 1613 592 1650 ε
620 1611 717 1651 verum
743 1609 805 1651 cum
832 1595 867 1649 ad
918 1593 998 1662 (sicut
1014 1608 1067 1665 ego
1082 1592 1141 1664 ipse
1156 1607 1190 1647 eo
1205 1591 1313 1662 plenius
1328 1593 1395 1659 scio,
1416 1596 1489 1666 quod
1502 1596 1643 1654 molestius
1657 1615 1718 1656 eam

65 1684 197 1740 orandum
224 1684 401 1753 accedimus,
429 1683 571 1741 confestim
599 1684 676 1755 quasi
705 1684 757 1739 hoc
785 1698 904 1773 supraB
919 1680 1017 1751 sentio)
1043 1697 1088 1736 me
1115 1679 1184 1736 diois
1212 1681 1375 1751 aegritudine
1399 1684 1501 1750 vexari,
1531 1684 1583 1740 nisi
1598 1694 1625 1742 et
1651 1688 1719 1745 mihi

63 1772 176 1828 modum
190 1787 313 1839 exosum,
343 1780 369 1828 et
392 1773 420 1828 in
442 1772 524 1844 pleno
546 1789 578 1828 ac
600 1771 721 1843 perfecto
743 1771 869 1828 odiocor
918 1769 1048 1824 ostendas
1077 1769 1215 1840 quomodo
1240 1769 1327 1840 possit
1359 1778 1385 1824 et
1412 1771 1510 1827 debeat
1532 1775 1645 1830 curari?
1668 1777 1719 1834 Dio
1757 1834 1764 1846 ,

64 1868 190 1917 nostrum
211 1861 318 1928 habeat,
344 1877 374 1917 se
389 1860 440 1916 sibi
463 1860 557 1928 furari,
582 1877 611 1916 se
626 1877 642 1915 a
660 1876 690 1915 se
714 1860 866 1926 extrahere,
917 1856 1043 1929 proinde,
1062 1871 1155 1928 quaeso
1169 1864 1206 1922 te,
1231 1865 1310 1928 prout
1328 1857 1376 1912 tibi
1400 1859 1529 1926 occurrit,
1550 1863 1659 1933 qualem
1674 1854 1718 1922 me

63 1947 148 2022 louge
161 1965 177 2004 a
191 1965 222 2005 se
249 1950 381 2006 secedere
409 1948 504 2022 ΙΡαν.,
533 1948 682 2022 recedere],
714 1956 740 2004 et
760 1949 793 2003 iis
807 1964 868 2020 quae
917 1944 945 1998 in
957 1945 1082 2001 oratione
1106 1944 1236 2001 exhihere
1265 1945 1390 2013 debeam,
1419 1954 1448 2001 ut
1471 1962 1532 2003 eam
1547 1949 1645 2007 offerre
1660 1953 1719 2010 Deo

61 2036 92 2093 in
107 2053 156 2094 ore
169 2037 347 2108 proiemntur
361 2029 472 2094 dorsum
488 2045 593 2093 vertere
615 2036 745 2093 velociter
758 2036 868 2110 fugiens
918 2033 1021 2105 possim
1036 2042 1186 2105 acceptam.
1196 2034 1231 2088 Et
1241 2049 1291 2089 nos
1310 2033 1358 2088 tibi
1371 2033 1411 2091 sic
1425 2038 1623 2107 respondemus
1639 2055 1645 2094 ε
1662 2042 1720 2099 Hoc

62 2124 184 2181 festinat.
203 2126 238 2182 Et
252 2125 355 2182 siforte
370 2126 450 2183 adse
466 2127 509 2182 vel
523 2125 665 2181 rarissime
680 2125 759 2191 redit,
776 2127 867 2180 statim
916 2121 963 2177 ille
987 2122 1035 2177 tibi
1061 2122 1087 2176 in
1113 2122 1195 2178 corde
1222 2130 1269 2178 tuo
1291 2122 1403 2178 silenter
1426 2124 1501 2191 dicit,
1522 2126 1625 2199 absque
1639 2130 1719 2199 cujus

61 2228 123 2270 ase
138 2213 251 2283 recedit,
267 2223 294 2270 et
307 2231 415 2271 rursum
430 2213 568 2288 vagationi
589 2213 710 2285 pristina
724 2228 754 2269 se
769 2213 863 2270 tradit.
918 2210 1003 2265 solius
1031 2225 1153 2278 munere,
1168 2210 1255 2266 oratio
1279 2218 1325 2266 tua
1346 2227 1398 2268 nec
1412 2212 1451 2267 illi
1465 2223 1586 2285 accepta,
1603 2232 1655 2273 nec
1669 2218 1718 2274 tihi

64 2301 205 2376 Omagna
223 2303 354 2359 miserint
390 2319 472 2375 quam
493 2302 565 2359 bene
585 2300 652 2358 illud
674 2302 776 2359 dictum
800 2310 865 2357 est:
918 2299 989 2354 valet
1017 2315 1079 2354 esse
1106 2298 1270 2354 fructuosa:
1301 2301 1378 2370 cujus
1408 2301 1568 2375 plemmque
1604 2304 1716 2377 dixisse,

64 2380 185 2447 Factum
199 2395 242 2449 est
257 2393 407 2449 silentium
424 2392 457 2448 fn
475 2393 543 2448 coelo
564 2392 646 2464 qenai
664 2391 758 2447 medic
773 2391 842 2447 born
857 2397 867 2446 ι
916 2385 1016 2443 fecisse
1031 2396 1082 2446 est.
1096 2387 1206 2444 Diceret
1227 2387 1274 2442 tihi
1302 2387 1424 2444 fortassis
1439 2398 1466 2446 et
1495 2407 1546 2462 per
1573 2408 1637 2461 nos;
1653 2395 1717 2451 licet

61 2480 161 2552 (Aper.
176 2495 237 2547 van,
255 2479 294 2551 l.)
316 2480 497 2552 Nequaquam
519 2480 601 2552 plena
624 2479 704 2547 hora,
725 2478 775 2534 sed
788 2479 868 2533 dimi·
915 2475 990 2548 loqui
1005 2475 1039 2531 de
1063 2477 1115 2532 hoc
1132 2476 1192 2532 sinc
1212 2492 1312 2549 magna
1337 2485 1432 2534 nostra
1454 2480 1613 2538 contusione
1627 2490 1653 2540 et
1668 2501 1717 2540 ru·

63 2567 111 2624 diu
138 2568 272 2623 stabilitas
310 2576 336 2624 et
364 2569 442 2641 quies
464 2567 494 2623 fit
521 2569 549 2623 in
577 2567 688 2634 anim03
717 2567 789 2638 quod
826 2574 868 2621 est
917 2564 982 2619 hore
998 2580 1223 2635 nonpossumus.
1239 2566 1336 2621 Nonne
1356 2565 1479 2624 confusio
1493 2569 1575 2626 dehet
1589 2588 1716 2630 esseno-

64 2654 126 2712 fieri
141 2655 278 2714 silentium
294 2657 323 2712 in
336 2657 417 2713 coelo.
435 2657 489 2713 Sed
504 2672 555 2712 nec
568 2656 613 2710 illa
633 2655 754 2722 dimidia,
770 2654 867 2710 saltem
916 2653 958 2707 his
973 2653 1046 2725 quod
1065 2653 1133 2709 alios
1153 2653 1294 2719 docemus,
1318 2655 1460 2730 nosipsos
1478 2665 1567 2714 autem
1591 2675 1645 2716 non
1664 2662 1717 2718 do·

63 2751 93 2800 ut
115 2744 227 2800 dimidia
255 2746 380 2812 sentitur,
410 2744 474 2816 quia
501 2752 528 2800 et
553 2743 633 2815 quasi
645 2742 866 2814 praemittitur.0
916 2743 1033 2798 oemus‘l
1048 2742 1121 2814 quod
1146 2741 1290 2813 pulchrum
1304 2742 1478 2816 depingimus
1501 2747 1650 2816 hominem,
1664 2749 1718 2822 ipsi

64 2832 408 2905 eordisingensmorhusl
425 2832 569 2904 etquidem
583 2832 694 2888 omnino
708 2831 867 2888 incurabilis
915 2829 1035 2901 pictores
1049 2830 1104 2885 fedi
1118 2830 1132 2884 i
1147 2830 1218 2901 quod
1229 2830 1297 2885 alins
1306 2831 1367 2887 cibo
1381 2841 1501 2905 potuque
1510 2833 1656 2905 reficimus,
1670 2839 1717 2910 qui

64 2921 186 2995 quandiu
214 2936 313 2993 corpus
342 2921 415 2994 quod
442 2921 621 2993 corrumpitur
646 2927 782 2994 aggravat
803 2920 867 2975 ani·
915 2917 988 2974 fame
1002 2933 1035 2974 ac
1048 2917 1093 2974 siti
1106 2917 1253 2989 perimus?
1275 2919 1347 2990 quod
1365 2920 1432 2976 alios
1452 2923 1628 2980 vestimentis·
1643 2927 1716 2997 opti·

63 3025 148 3075 mam,
164 3016 192 3065 et
206 3009 335 3082 deprimit
353 3018 461 3066 terrena
474 3008 633 3065 inhabitatio
656 3025 768 3064 sensum
782 3007 867 3063 multa
914 3006 968 3062 mis
981 3007 1127 3072 induimus,
1139 3013 1166 3062 et
1179 3005 1232 3077 ipsi
1242 3007 1307 3061 nudi
1317 3008 1512 3066 ambulemus?
1526 3012 1596 3067 Etin
1612 3021 1716 3071 tantum

64 3098 240 3170 cogitantem.
256 3098 308 3155 Ubi
322 3097 401 3154 nobis
416 3098 533 3153 intanta
555 3097 667 3153 miseria
680 3113 754 3169 spes,
771 3096 824 3151 nisi
838 3070 900 3151 inc
915 3094 991 3161 nudi,
1008 3096 1081 3167 quod
1104 3095 1208 3150 cunetis
1236 3104 1346 3166 apparet
1367 3097 1490 3154 confusio
1513 3101 1643 3157 nuditatis
1666 3119 1717 3160 no·

65 3185 125 3242 sola
140 3185 331 3243 misericordia
348 3186 409 3254 Dei,
425 3186 472 3258 qui
494 3186 620 3243 exercitio
643 3184 692 3254 illi,
710 3185 782 3257 quod
797 3185 866 3240 inter
917 3191 989 3248 strae,
1011 3190 1037 3238 et
1050 3183 1154 3237 videtur
1168 3183 1204 3237 ab
1218 3183 1345 3238 omnibus
1360 3185 1497 3256 turpitudo
1512 3196 1615 3257 nostra.
1631 3191 1717 3263 lgitur

64 3274 156 3331 omnia
170 3275 269 3347 quihus
282 3274 448 3330 intendimus
476 3274 604 3330 exercitia
627 3272 716 3344 magis
731 3280 772 3328 est
787 3271 867 3327 nobis
916 3279 945 3325 ut
968 3271 1003 3326 ad
1028 3279 1099 3325 tuam
1125 3270 1340 3339 edificationem,
1361 3281 1390 3328 ιιι
1414 3275 1460 3345 qui
1484 3276 1619 3335 habitator
1639 3281 1715 3338 colite
1779 3296 1786 3303 ·

64 3362 262 3429 necessarium,
286 3361 355 3419 sicut
378 3363 520 3429 debemus,
552 3361 695 3418 intendere
716 3377 770 3416 non
791 3360 866 3416 vale·
917 3375 956 3427 es,
973 3359 1145 3414 intendamus
1159 3359 1211 3426 his,
1228 3360 1369 3415 retulimus
1384 3361 1465 3432 (sicut
1479 3363 1538 3435 ipse
1552 3367 1617 3437 scis)
1632 3368 1715 3444 longe

63 3450 148 3506 musi
168 3449 239 3519 Quid
254 3451 289 3507 de
304 3451 371 3523 ipsis
386 3451 489 3522 apertis
507 3450 586 3506 malis
608 3451 709 3506 nostris
732 3449 864 3515 dicemus,
916 3447 1052 3518 superius,
1082 3455 1108 3503 et
1127 3447 1216 3505 adhuc
1245 3448 1388 3504 referimus
1414 3452 1489 3520 juxta
1515 3456 1716 3529 tropologicum

65 3539 176 3612 quando
191 3538 251 3611 ipsa
267 3538 338 3595 hona
352 3547 457 3604 nostra,
473 3555 530 3594 non
555 3554 639 3610 posse
660 3538 732 3593 bona
746 3553 808 3593 esse
822 3537 866 3593 vi·
917 3550 1036 3602 sensum,
1053 3536 1176 3592 adhunc
1195 3537 1303 3591 tertium
1327 3537 1438 3594 fluvium
1457 3541 1503 3612 qui
1524 3544 1664 3614 egreditur
1680 3546 1715 3603 de

65 3627 187 3684 demus?
201 3625 272 3695 Quid
288 3626 359 3682 inter
372 3627 449 3683 haecf
463 3627 652 3698 Nosmetipsos
661 3627 831 3682 incessanter
840 3634 867 3681 et
916 3624 977 3680 loco
1001 3624 1156 3695 voluptatis,
1185 3625 1326 3696 puritatem
1350 3627 1456 3683 devotae
1479 3629 1621 3686 orationis.
1648 3634 1715 3703 Ejus

65 3715 167 3771 acriter
181 3715 210 3770 iu
222 3723 372 3787 conspectu
387 3715 605 3789 Deiargusmus,
620 3715 864 3786 reprehendamus,
916 3728 982 3768 vero
997 3728 1098 3768 nomen
1112 3719 1163 3779 est,
1180 3721 1209 3768 ιιι
1222 3729 1305 3769 verax
1323 3714 1388 3770 dicit
1409 3715 1532 3783 historia,
1548 3718 1647 3790 Tigris.
1665 3722 1717 3778 Est

66 3818 238 3871 accusamus,
256 3812 282 3860 et
300 3804 431 3859 miseram
454 3804 571 3859 animam
598 3811 719 3859 nostram
734 3803 762 3857 in
776 3803 866 3858 mani·
916 3817 984 3874 ergo
1012 3801 1100 3873 Tigris
1134 3802 1240 3874 sagitta,
1266 3803 1351 3858 oratio
1374 3820 1440 3874 pura
1461 3813 1487 3860 et
1510 3806 1629 3863 devota:
1654 3827 1716 3881 quta
1790 3876 1796 3887 .

65 3892 118 3947 bus
146 3892 247 3948 nostris
275 3900 425 3964 portantes,
458 3908 555 3949 carnes
578 3900 688 3949 nostrus
711 3892 866 3948 laceremus
916 3890 1026 3963 quidem
1041 3890 1120 3946 velox
1135 3898 1186 3957 est,
1201 3890 1387 3962 perforanset
1410 3901 1565 3964 penetrans,
1585 3896 1715 3954 scindens

65 3981 194 4037 dentibus
223 3981 335 4037 nostris.
368 3982 428 4037 Erit
451 3981 576 4038 fortassis
608 3982 682 4052 apud
703 3980 776 4052 pium
795 3981 866 4036 Con·
916 3987 942 4034 et
956 3980 1125 4052 pertingens.
1151 3979 1231 4035 Certe
1253 3980 1288 4035 ad
1311 3980 1397 4036 instar
1419 3982 1525 4054 sagittae
1544 3984 1716 4043 velocissime

63 4069 180 4126 ditorem
193 4077 326 4133 nostmm,
342 4071 389 4143 qui
402 4070 544 4144 cognoscit
557 4069 717 4142 figmentum
731 4076 863 4136 nostmm,
915 4068 1040 4134 volantis,
1057 4069 1156 4138 etipsa
1170 4068 1241 4125 volat
1255 4085 1342 4140 usque
1356 4071 1390 4124 ad
1408 4070 1498 4142 ipsum
1517 4074 1614 4129 Deum.
1631 4075 1715 4130 Deni-

64 4157 153 4230 quiet
177 4159 337 4214 recordatur
365 4158 428 4231 quia
455 4174 520 4215 caro
544 4175 648 4226 sumus,
672 4158 764 4231 aliqua
786 4157 866 4226 hujus
916 4173 969 4228 que
983 4156 1067 4212 oratio
1079 4157 1144 4225 Justi
1170 4165 1295 4228 penetrat
1317 4159 1413 4213 nubes.
1439 4158 1509 4228 Quid
1532 4161 1556 4216 ei
1581 4161 1715 4220 obsistere

64 4253 167 4302 nostrae
176 4245 330 4320 fragilitatis
353 4247 502 4316 excusati0,
529 4247 588 4318 ipsa
601 4254 696 4302 nostru
710 4261 825 4302 accensu
839 4253 866 4300 et
914 4245 1026 4316 potest‘t
1042 4244 1167 4300 universa
1182 4261 1242 4315 quae
1251 4244 1393 4300 visibiliter
1407 4255 1537 4318 apparent
1553 4249 1631 4320 quasi
1646 4251 1716 4307 dura

64 4333 192 4389 humilias
207 4334 356 4391 accusatio.
371 4337 406 4391 Et
425 4335 534 4407 quidem
550 4335 631 4407 quasi
652 4350 767 4407 ponnus
782 4349 865 4390 men-
915 4341 942 4388 et
956 4334 1061 4400 clausa,
1077 4332 1136 4404 ipsa
1151 4331 1275 4404 perforat
1303 4340 1328 4388 ct
1351 4341 1483 4403 penetrat,
1500 4351 1598 4408 apuro
1617 4338 1715 4410 spiritu

63 4425 194 4492 structe,
206 4431 235 4477 ut
251 4423 392 4489 aitlsaias,
404 4439 501 4480 omnes
513 4423 667 4494 injustitie
680 4426 785 4479 nostre
796 4422 900 4492 (lsc.1)
915 4421 1025 4491 emissa,
1041 4428 1068 4475 et
1082 4420 1117 4476 ab
1139 4436 1172 4477 eo
1200 4437 1255 4476 non
1279 4421 1390 4476 amissa.
1415 4423 1469 4479 Sed
1492 4432 1519 4480 et
1546 4442 1715 4500 quacunque

63 4512 331 4584 nxrv,6);utahsque
343 4511 426 4568 dubio
435 4511 553 4567 sciamus
564 4511 629 4584 quid
640 4512 674 4566 de
684 4510 864 4582 ipsisinjusti-
914 4509 992 4580 quasi
1015 4507 1153 4565 obviantis
1182 4509 1329 4581 spiritualis
1359 4526 1415 4566 suae
1442 4512 1566 4583 puritatis
1589 4517 1715 4574 acumine

64 4598 110 4653 tiis
119 4600 220 4655 nostris
230 4600 331 4656 sentire
341 4601 498 4667 debeamus,
506 4600 553 4672 qui
560 4599 678 4668 Justitias
692 4614 801 4672 quoque
816 4614 866 4655 no-
914 4597 1024 4664 scindit,
1040 4613 1091 4653 nce
1105 4614 1224 4670 unquam
1244 4598 1341 4666 resilit,
1359 4599 1382 4654 si
1404 4603 1542 4672 usquead
1564 4603 1654 4674 ipsum
1669 4605 1715 4676 qui

65 4695 138 4743 atras
148 4688 183 4759 (si
195 4689 529 4759 tamanJ'ustitias)atanto
538 4688 670 4760 propheta
681 4687 728 4742 tali
739 4688 778 4743 rei
792 4687 864 4742 assi·
914 4686 1104 4758 superomnia
1118 4694 1159 4741 est
1178 4686 1318 4760 pertingit.
1342 4688 1404 4744 Non
1429 4689 1515 4745 solum
1539 4700 1641 4759 autem,
1665 4693 1713 4748 sed
1813 4702 1821 4721 ·

64 4775 157 4831 milari
175 4776 310 4832 audimus.
339 4776 544 4849 Correptinnem
560 4776 673 4848 proinde
687 4789 821 4842 severam,
839 4783 865 4830 et
914 4781 941 4830 et
963 4773 1055 4829 omnia
1085 4791 1145 4846 quae
1169 4783 1231 4829 sunt
1258 4775 1337 4831 nohis
1361 4778 1545 4846 adversantia,
1569 4795 1629 4850 qua
1653 4787 1716 4836 sunt

66 4864 289 4937 redargutionem
311 4873 433 4933 acutam,
458 4873 540 4937 atque
561 4864 759 4921 accusationem
787 4880 864 4919 mor·
913 4862 1061 4933 contraria,
1078 4879 1138 4934 quae
1153 4871 1215 4918 sunt
1228 4864 1334 4929 nociva,
1359 4865 1419 4936 ipsa
1442 4866 1571 4935 debellat,
1596 4882 1714 4939 exsupe-

64 4952 175 5009 dentem
202 4953 365 5010 intrinsecus
392 4955 420 5009 in
447 4954 547 5020 corde,
572 4953 739 5009 extrinsecus
760 4952 789 5006 in
803 4967 862 5019 ore,
913 4958 957 5006 rat
971 4959 997 5006 et
1011 4950 1155 5007 annihilat.
1174 4953 1210 5006 Et
1222 4952 1274 5008 hoc
1287 4951 1412 5009 fortassis
1428 4962 1478 5020 est,
1495 4954 1568 5025 quod
1584 4954 1618 5017 de
1633 4955 1715 5014 fluvio
1778 4954 1784 4961 ’

64 5057 175 5113 semper
189 5050 216 5097 et
228 5041 329 5114 ubique
344 5058 436 5099 eoram
451 5044 509 5099 Deo
524 5041 759 5108 circumferamus;
775 5041 864 5113 ipsum
913 5038 965 5094 isto
980 5039 1079 5095 dicitur
1093 5039 1157 5111 quia
1171 5039 1243 5094 vadit
1256 5048 1350 5096 eontra
1364 5041 1500 5112 Assyrios.
1512 5042 1583 5097 Nam
1597 5059 1647 5115 per
1659 5061 1711 5116 po·

63 5130 161 5185 devote
180 5139 333 5196 exorantes,
346 5138 479 5203 quatenus
500 5131 579 5186 nohis
597 5132 641 5202 pie
657 5130 864 5188 concederedi-
914 5128 1006 5199 pulum
1022 5128 1197 5199 Assyriorum
1212 5129 1343 5201 quidquid
1358 5129 1488 5200 spirituali
1503 5140 1604 5188 nostrae
1616 5133 1713 5190 militat

63 5226 173 5291 gnatus,
194 5226 222 5273 ut
245 5220 280 5274 sit
293 5219 446 5291 impetratio
461 5219 557 5286 venia,
574 5219 684 5274 humilis
698 5221 756 5275 haec
771 5224 865 5274 nostra
914 5216 1028 5283 laesioni,
1044 5224 1168 5287 putamus
1178 5233 1239 5272 esse
1254 5218 1450 5288 accipiendum.
1476 5219 1577 5276 Contra
1591 5222 1643 5277 hoe
1657 5225 1712 5278 As-

63 5321 125 5362 cum
140 5306 248 5362 interna
262 5307 425 5364 contritione
440 5308 541 5374 cordis,
559 5313 586 5362 et
607 5323 672 5378 pura
690 5306 864 5364 confessione
914 5305 1002 5378 syrios
1016 5305 1090 5360 vadit
1103 5306 1154 5361 iste
1162 5305 1259 5361 fluvius
1269 5307 1369 5380 Tigris,
1386 5308 1447 5379 quia
1458 5309 1653 5380 omnibusquae
1667 5326 1713 5366 no

63 5394 132 5457 oris,
148 5395 269 5469 cognitio
283 5396 371 5468 culpae
387 5414 394 5450 ι
410 5411 461 5453 uos
490 5412 598 5468 quoque
614 5395 704 5468 aliquo
719 5395 802 5451 modo
815 5409 864 5451 co·
914 5410 978 5451 cere
993 5394 1072 5450 nobis
1086 5403 1199 5466 possunt
1209 5394 1273 5466 (nisi
1284 5394 1354 5451 forte
1364 5403 1393 5450 ut
1406 5397 1522 5468 prosint,
1535 5405 1561 5452 et
1575 5404 1604 5452 ιιι
1617 5412 1712 5454 eorum

63 5498 123 5539 ram
138 5498 169 5539 se
183 5483 212 5539 in
225 5484 278 5542 hoc
299 5485 410 5557 deputet
429 5484 528 5554 Justoa,
548 5485 576 5539 in
591 5499 646 5556 quo
664 5500 715 5541 nos
737 5485 818 5556 plene
832 5499 865 5540 ac
915 5483 1013 5540 obessa
1027 5481 1095 5538 nibil
1109 5483 1183 5539 aliud
1195 5498 1278 5555 quam
1298 5484 1430 5554 prodesse
1452 5484 1499 5556 sit)
1514 5483 1611 5540 similis
1623 5493 1712 5544 acutae
