3742 5986
101 193 152 247 tta
349 189 377 246 S.
406 189 584 248 BRUNONIS
611 186 935 247 CARTHUSIANORUM
962 185 1206 245 lNSTlTUTOlllS
1232 187 1308 244 OPP.
1338 186 1427 244 etus
1455 188 1490 244 ll.
1690 186 1744 241 tto

100 314 214 370 ritorum
230 313 356 369 sentient.
371 313 423 369 Per
436 315 494 370 hmo
510 314 568 381 tria,
584 331 672 386 genus
686 313 870 385 perlectorum
886 329 892 368 :
908 314 937 374 A
947 312 1092 368 violaverit
1106 313 1244 384 temptam
1270 312 1329 377 Dei,
1350 309 1538 382 disperdetur.
1556 309 1611 364 Sed
1625 316 1653 362 ut
1666 322 1743 363 com-

102 419 153 474 per
167 403 217 458 tria
236 420 296 475 quae
321 411 478 475 sequuntur,
496 403 637 475 signantur
660 402 824 474 imperfecti.
844 403 896 457 Per
945 409 1051 473 pungat
1082 416 1139 470 οοε,
1160 399 1297 471 praemittit
1329 399 1569 470 interrogationem
1597 398 1677 463 hauc,
1701 395 1744 450 di-

107 492 182 565 ligua
196 492 367 562 accipiuntur
381 491 409 545 hi
423 492 470 564 qui
498 492 525 546 iu
547 492 650 547 mundo
674 493 783 564 quidem
804 508 896 546 rema·
946 506 1012 546 cens
1037 507 1043 544 ε
1068 491 1112 545 Aa
1127 491 1245 545 nescitis
1260 489 1326 561 qaia
1354 506 1399 547 aaa
1423 490 1491 545 estis
1511 489 1649 560 temptam
1674 485 1741 552 Dei;

105 587 180 635 nent.
197 581 312 648 Uxores,
336 578 406 635 filios
434 588 460 635 et
480 581 806 652 possessioneshabent;
828 596 896 652 quos
945 579 1019 633 Deus
1047 585 1139 633 autem
1161 577 1313 634 sanctificat
1335 595 1384 634 vos
1398 586 1427 632 ut
1450 577 1508 632 sitis
1522 576 1574 632 sibi
1598 574 1740 646 templum.

102 685 220 740 pensare
242 676 356 740 oportet,
381 685 441 740 quae
467 669 559 726 uxoris
579 678 657 737 sunt,
686 677 712 725 et
726 668 854 735 tiliorum,
871 678 898 724 et
946 669 981 724 tt
997 667 1032 720 ita
1047 667 1110 722 dieo
1127 667 1266 738 templum,
1280 667 1352 739 quod
1367 668 1485 739 spiritua
1499 667 1549 722 Dei
1566 663 1644 720 9⁹(
1667 662 1743 719 omui

102 758 165 814 ideo
178 757 325 829 plurimum
347 757 486 813 laborare.
507 758 565 814 Nec
591 759 759 813 orationibus
774 758 898 814 ecclesiae
948 755 1109 810 assiduitate
1123 755 1232 811 habitat
1247 758 1279 811 ia
1294 756 1378 812 calm.
1388 755 1416 810 Si
1426 755 1487 827 quis
1501 762 1590 809 autem
1599 751 1744 809 violaverit

101 846 280 918 propterhoc
294 846 431 918 quomodo
445 846 593 913 deberent,
608 853 723 918 possunt
751 846 896 902 interesse.
949 860 979 899 sc
1006 843 1136 916 templum
1160 844 1221 910 Dei,
1251 844 1416 900 destruendo
1449 843 1654 899 tundamentum
1668 839 1744 907 lidei,

104 935 139 990 lli
150 942 251 1001 tamen,
263 936 325 1005 quia
346 950 400 989 non
426 933 465 991 sie
484 934 599 1005 diligunt
626 935 770 1002 mundum,
795 942 899 990 uteum
947 929 991 986 vel
1013 928 1041 982 in
1071 946 1100 984 se
1122 945 1170 1000 per
1199 929 1370 996 criminalia,
1398 929 1441 987 vel
1456 929 1484 983 iu
1497 928 1665 984 auditoribus
1695 927 1743 981 do

103 1023 162 1080 Deo
189 1031 358 1095 praepouaut,
389 1022 562 1079 salvabuntur
590 1023 714 1095 quidem,
731 1024 780 1079 sed
808 1032 899 1078 tamen
948 1017 1037 1073 tendo
1056 1016 1136 1083 falsa,
1152 1018 1228 1073 illum
1242 1019 1334 1090 utique
1362 1018 1503 1089 disperdet
1521 1018 1594 1073 Deus
1620 1016 1744 1071 iuaeter·

103 1111 150 1167 diu
164 1128 214 1184 per
242 1110 335 1184 ignem
361 1111 526 1182 punientur;
542 1112 773 1184 quemadmodum
794 1111 898 1185 lignum
948 1122 1012 1160 num
1028 1105 1176 1161 interitum.
1192 1108 1226 1162 Et
1241 1106 1339 1162 merito
1363 1106 1408 1179 qui
1435 1106 1529 1172 violat,
1560 1106 1745 1177 disperdetur.

103 1198 185 1274 longa
200 1200 310 1254 materia
334 1210 376 1255 est
391 1201 478 1273 iguis,
495 1208 521 1256 et
540 1201 624 1256 multo
649 1201 736 1272 spatio
759 1199 899 1256 comburi·
948 1195 1019 1250 llam
1034 1197 1172 1266 templum
1186 1197 1236 1251 Dei
1250 1199 1382 1251 ranetam
1396 1199 1448 1261 eat,
1465 1204 1493 1250 et
1515 1194 1611 1251 violari
1626 1210 1681 1250 nou
1696 1193 1747 1248 de-

102 1297 154 1345 tur.
170 1290 223 1345 Per
238 1288 330 1344 lenum
345 1289 486 1362 signantur
510 1289 558 1358 illi,
582 1289 628 1361 qui
653 1289 811 1361 aliquandiu
839 1288 899 1359 qui·
949 1282 1006 1350 bet,
1023 1283 1094 1356 quod
1109 1285 1247 1356 temptam
1262 1284 1396 1341 cerealia.
1414 1286 1448 1339 Et
1473 1283 1537 1356 quia
1552 1282 1681 1354 templum
1696 1282 1746 1338 Dei

103 1378 166 1434 dam
182 1377 335 1449 affliguntur
350 1393 399 1448 per
427 1377 529 1448 ignem,
546 1379 594 1433 sed
618 1378 692 1434 velut
707 1378 810 1445 fenum,
826 1378 900 1449 quod
950 1371 1039 1426 estis:
1060 1380 1206 1443 propterea
1219 1373 1310 1428 videte
1324 1389 1359 1428 nc
1380 1372 1478 1445 aliquis
1497 1372 1747 1444 pseudodoctorum

103 1467 157 1523 cito
172 1467 200 1520 iu
216 1466 280 1539 igne
294 1463 394 1535 deficit,
411 1466 464 1522 cito
484 1466 609 1521 evadent.
627 1467 679 1522 Per
692 1466 817 1538 stipulam
835 1482 900 1521 vero
950 1461 1062 1514 seducat
1076 1476 1125 1515 vos
1139 1477 1189 1531 per
1205 1460 1301 1515 salsam
1317 1462 1479 1529 doctrinam,
1495 1461 1538 1517 vel
1564 1477 1645 1517 nemo
1680 1476 1746 1516 nos·

23 1621 27 1630 ⁹
104 1571 164 1627 quae
179 1563 290 1625 propter
303 1553 456 1608 ariditatem
471 1553 551 1609 citius
574 1552 637 1609 seno
666 1554 845 1623 comburitur,
861 1554 900 1608 si·
951 1556 1020 1602 trum
1035 1549 1148 1604 seducat
1158 1548 1745 1621 seipsumdestrueudofundamentumfidei.

102 1650 218 1714 guantur
231 1643 268 1709 hi,
284 1659 399 1714 quorum
409 1658 490 1713 poeua
504 1643 700 1714 compendiosa
715 1643 764 1699 erit
779 1642 806 1697 in
823 1650 900 1697 tran·
915 1639 1048 1732 BNemo,
1064 1637 1187 1709 iuquam,
1205 1639 1320 1694 sedarat
1335 1656 1384 1707 se,·
1399 1639 1447 1695 sed
1461 1641 1487 1695 si
1497 1642 1558 1713 qais
1570 1655 1685 1695 maneus
1700 1642 1748 1696 ia-

103 1732 156 1786 situ
171 1732 254 1804 ignis.
953 1730 996 1782 ter
1011 1743 1056 1782 aar
1069 1726 1183 1782 videtur·
1192 1727 1243 1781 sibi
1257 1744 1317 1783 care
1331 1730 1446 1800 sapiens
1457 1729 1489 1783 in
1513 1727 1563 1784 boc
1589 1730 1703 1798 saeealo,
1719 1728 1747 1783 id

141 1821 170 1876 Si
186 1821 246 1892 quis
256 1828 345 1875 autem
357 1819 474 1876 aedifrcat
484 1822 543 1876 haec
554 1820 598 1876 vel
607 1821 675 1887 haec,
687 1837 756 1893 opus
766 1821 901 1877 caturca-
952 1822 992 1869 est
1007 1814 1041 1869 de
1057 1814 1178 1870 seculari
1188 1815 1311 1880 scientia,
1327 1817 1380 1886 fiat
1394 1817 1513 1883 stultas,
1524 1816 1552 1871 ld
1566 1823 1608 1871 est
1617 1817 1713 1873 credat
1723 1824 1749 1872 et

99 1909 212 1982 jusque,
228 1924 277 1964 seu
293 1909 326 1963 sit
336 1924 442 1974 aarum,
459 1925 507 1964 seu
526 1908 641 1979 lignum,
658 1909 701 1964 vel
721 1909 901 1981 quodcunque
952 1901 1115 1959 confiteatur
1130 1919 1160 1958 se
1188 1919 1250 1959 ossa
1278 1903 1409 1972 stultum,
1425 1914 1453 1960 ut
1469 1905 1507 1960 sic
1535 1913 1673 1961 mereatur
1687 1921 1749 1961 esse

105 1997 189 2067 aliud,
204 1997 393 2069 manifestam
408 2000 475 2053 erit.
495 1998 529 2051 Et
545 1997 597 2052 hoc
620 1997 727 2068 probat.
752 1998 823 2052 Nam
844 1997 902 2052 dies
952 2007 1015 2047 vere
1037 1992 1167 2062 sapiens:
1184 2009 1248 2048 vere
1271 2008 1386 2049 necesse
1409 2002 1451 2049 est
1466 2009 1529 2049 eum
1553 1992 1665 2049 stultum
1690 1994 1749 2049 fieri

105 2085 219 2142 Domini
233 2085 389 2140 declarabit
404 2085 457 2140 hoe
476 2100 554 2156 opus.
584 2084 663 2139 Diem
688 2083 798 2140 Domini
825 2091 902 2140 vocat
952 2088 981 2134 ut
995 2078 1178 2151 fiatsapiens.
1195 2082 1265 2136 Nam
1281 2083 1424 2155 rapientia
1438 2084 1523 2153 bajas
1534 2081 1750 2140 mendicitati·

108 2172 142 2227 ab
158 2172 226 2227 hora
241 2171 428 2227 dissolutionis
443 2172 655 2245 uniuscuiusque
675 2189 761 2244 usque
785 2172 818 2227 ad
830 2172 902 2242 judi·
954 2170 996 2224 tia
1011 2173 1053 2225 est
1063 2169 1138 2241 apert
1152 2175 1253 2226 Deam.
1269 2171 1304 2225 Et
1318 2187 1381 2226 vere
1392 2171 1504 2226 stultitia
1514 2179 1556 2227 est
1567 2171 1639 2242 apud
1649 2173 1748 2227 Deum.

106 2261 187 2317 cium.
204 2261 244 2315 Ex
261 2276 315 2332 quo
331 2260 403 2316 enim
432 2260 524 2317 anima
553 2268 693 2333 separatur
720 2277 737 2316 a
766 2276 901 2332 corpore,
952 2258 1022 2312 Nam
1039 2258 1168 2328 scriptum
1185 2266 1226 2313 cst
1241 2258 1335 2314 iuJob
1350 2259 1385 2314 de
1400 2260 1537 2315 mundana
1565 2260 1751 2331 sapientiasic

108 2349 167 2404 dies
181 2349 290 2404 Domini
304 2357 345 2404 est
359 2349 387 2403 in
402 2363 445 2415 eo,
467 2349 530 2420 quia
545 2349 612 2403 nihil
635 2349 690 2419 jam
718 2350 827 2420 operari
850 2364 903 2420 po·
953 2345 1082 2416 loquente
1095 2346 1153 2401 Deo
1177 2362 1183 2400 :
1206 2347 1354 2420 Sapientes
1382 2350 1482 2405 maadi
1501 2364 1553 2422 ego
1566 2348 1752 2421 eomprehen-

108 2445 160 2493 test
176 2444 276 2509 practer
307 2437 466 2493 voluntatem
493 2438 560 2505 Dei;
578 2438 627 2493 sed
654 2438 719 2493 dum
742 2438 824 2493 homo
838 2437 903 2494 vivit
954 2432 1028 2503 dam,
1045 2434 1131 2490 idest
1151 2435 1312 2491 concludam
1331 2436 1749 2509 inipsaartattaeoraar(lob.

107 2526 167 2581 dies
181 2525 299 2581 hominis
314 2533 363 2592 est,
382 2534 407 2581 et
422 2541 477 2582 uon
492 2527 562 2594 Dei;
586 2526 649 2598 qnia
677 2529 807 2598 operatur
820 2527 903 2581 homo
954 2537 983 2590 v,
1004 2524 1061 2593 13),
1078 2523 1106 2578 id
1121 2532 1163 2578 est
1178 2523 1253 2579 ineo
1268 2524 1296 2578 iu
1311 2541 1365 2596 quo
1380 2541 1410 2580 se
1424 2525 1514 2599 magis
1527 2534 1633 2582 astutos
1647 2525 1752 2582 iutelli-

81 2654 84 2661 ,
109 2614 183 2687 quod
197 2614 250 2669 sibi
277 2614 377 2685 placet,
407 2614 510 2670 bonurn
524 2615 568 2671 vel
591 2614 701 2680 malum,
718 2631 752 2671 ex
778 2614 904 2670 libertate
954 2619 1031 2683 gunt,
1040 2627 1091 2667 uec
1102 2611 1233 2667 resistere
1247 2621 1384 2683 poterunt.
1395 2614 1429 2668 Et
1439 2613 1536 2669 iterum
1550 2615 1585 2670 do
1599 2615 1692 2670 mundi
1708 2631 1753 2671 sa-

109 2701 223 2757 arbitrii.
239 2702 311 2758 Vere
324 2702 383 2757 dies
398 2702 515 2769 Domini,
533 2702 689 2758 declarabit.
707 2704 778 2759 Nam
791 2704 823 2758 ia
838 2705 904 2773 ipae
953 2700 1057 2771 pientia
1066 2699 1191 2755 scribitur
1201 2701 1229 2754 iu
1237 2699 1343 2772 psalmo
1356 2719 1363 2755 ε
1375 2703 1597 2760 Dominaraoeit
1606 2705 1755 2774 cogitatio-

107 2791 289 2857 revelabitur,
319 2790 346 2845 id
375 2797 416 2846 est
441 2790 531 2862 palam
558 2789 613 2858 fiet,
645 2808 714 2862 opus
738 2792 807 2860 ejus.
827 2791 904 2846 Hunc
955 2805 1005 2844 nes
1015 2789 1103 2859 (Paal.
1113 2792 1248 2860 xstitit)
1262 2790 1434 2861 sapientium.
1445 2792 1546 2847 Nostra
1556 2792 1697 2849 translatio
1707 2794 1756 2848 ha-

108 2879 200 2952 ignem
215 2878 372 2934 continuum
386 2878 451 2933 dicit
472 2878 540 2935 sicut
564 2879 646 2935 diem.
676 2880 706 2933 ln
728 2887 817 2935 morte
832 2879 903 2935 cuim
955 2875 1002 2931 bet
1015 2875 1171 2943 bominum,
1188 2877 1216 2932 id
1231 2885 1272 2932 est
1283 2879 1434 2935 humaniter
1449 2880 1620 2951 sapientium.
1637 2883 1695 2938 lloc
1705 2898 1755 2938 uo·

107 2966 225 3023 hominis
240 2975 349 3039 paratus
363 2973 404 3022 est
421 2966 547 3022 diabolus
561 2983 623 3023 cum
638 2967 703 3040 igne
717 2976 742 3023 et
757 2969 904 3023 tortoribus
955 2965 993 3021 vit
1007 2966 1042 3020 de
1056 2963 1110 3020 illis
1124 2966 1257 3038 quoniam
1267 2983 1347 3022 vante
1362 2972 1439 3024 auat.
1465 2967 1690 3042 Quandoquidem
1705 2972 1755 3028 ho-

111 3055 175 3111 suis.
202 3057 234 3111 Et
250 3055 273 3110 si
288 3055 352 3127 quid
367 3055 537 3126 purgandum
551 3062 602 3122 cst,
623 3064 722 3127 purgat
736 3072 785 3128 per
799 3056 905 3111 adhibi·
920 3024 1036 3107 Ominis
1052 3053 1184 3125 sapientia
1200 3055 1331 3125 probatur
1345 3072 1406 3112 esse
1418 3057 1545 3112 stultitia:
1558 3061 1653 3132 itaque
1672 3075 1755 3118 nemo

110 3151 167 3199 tum
182 3143 283 3214 ignem.
301 3143 330 3198 Si
349 3159 414 3198 vero
443 3143 509 3197 nihil
536 3143 706 3216 purgationis
721 3152 761 3199 cst
780 3160 849 3215 opus
865 3146 906 3215 (ut
956 3151 1075 3199 vestrum
1091 3141 1206 3198 ulterius
1219 3145 1357 3215 glorietur
1364 3147 1396 3201 ia
1403 3145 1571 3212 horninibus,
1583 3147 1611 3201 id
1622 3155 1663 3202 est
1677 3149 1754 3203 inhia

111 3232 139 3286 in
154 3232 233 3286 beato
248 3231 374 3303 hlartiuo)
397 3231 457 3303 ipsa
481 3232 572 3288 evasio
587 3232 660 3306 iguis
683 3233 785 3289 revelat
800 3233 906 3288 bouita-
956 3230 1123 3298 doctoribus,
1140 3232 1174 3286 de
1190 3232 1289 3302 quihus
1304 3242 1414 3304 propter
1435 3234 1579 3290 humanam
1592 3236 1754 3307 sapientiam

114 3327 166 3375 tem
182 3319 224 3374 sui
238 3319 339 3391 operis,
356 3328 384 3374 ut
399 3320 426 3374 in
455 3336 487 3376 eo
512 3337 592 3392 quem
623 3328 730 3393 torquet
743 3337 799 3378 uon
822 3321 906 3378 fuisse
957 3319 1121 3392 gloriamini.
1137 3320 1238 3376 Probat
1253 3336 1308 3376 nou
1322 3337 1385 3377 esse
1400 3321 1574 3393 gloriandum
1587 3324 1617 3379 iu
1631 3325 1684 3392 his,
1696 3333 1754 3381 tum

112 3408 213 3480 aliquid
228 3407 328 3463 sordis.
345 3407 398 3463 Sed
415 3408 478 3480 quia
501 3409 623 3464 noudum
643 3410 725 3480 plaue
752 3417 841 3481 potest
857 3411 908 3466 hoa
958 3408 1022 3480 quia
1037 3408 1109 3464 servi
1133 3424 1227 3464 eorum
1255 3418 1327 3479 suut,
1357 3410 1403 3481 qui
1428 3411 1467 3466 eis
1489 3412 1646 3483 praedicant,
1672 3415 1754 3470 etiam

111 3492 208 3559 videri,
223 3493 250 3546 iu
265 3493 329 3566 igue
342 3493 500 3565 purgatorio
514 3493 629 3566 siuguhs
640 3494 810 3565 singulorum
822 3509 908 3565 opera
958 3497 1017 3567 ipse
1032 3497 1114 3552 idem.
1130 3497 1170 3552 Dc
1183 3514 1211 3553 re
1226 3506 1317 3553 autem
1332 3498 1456 3554 interiori
1470 3500 1513 3555 vel
1528 3500 1625 3573 aequali
1640 3501 1756 3575 gloriari

111 3582 314 3638 revelabantur.
322 3582 392 3637 Vere
400 3584 609 3655 opaacajasqae
619 3584 790 3639 revelabitur
798 3583 906 3654 inique.
959 3584 1100 3653 nonlicet,
1114 3586 1163 3641 sed
1186 3586 1357 3642 solummodo
1383 3587 1417 3642 de
1432 3589 1530 3658 majori
1545 3605 1594 3656 se3
1610 3598 1668 3645 tum
1682 3589 1756 3660 ideo,

111 3671 181 3727 Nam
193 3669 265 3742 ignis
278 3669 467 3740 illeprobabit,
485 3670 563 3740 quale
579 3670 613 3724 sit
637 3685 705 3741 opus
734 3670 908 3740 uuiuscujus-
960 3673 1022 3745 quia
1033 3673 1056 3728 si
1071 3674 1106 3730 de
1122 3673 1235 3730 Pauloet
1248 3675 1341 3745 Cepha
1351 3692 1406 3732 uon
1417 3684 1459 3731 est
1472 3677 1656 3750 gloriandum,
1671 3680 1757 3737 multo

114 3774 176 3830 que,
194 3773 242 3812 seu
255 3757 290 3811 sit
300 3771 405 3825 aurum,
422 3772 470 3811 seu
482 3756 596 3828 liguum,
613 3758 657 3812 vel
668 3758 849 3830 quodcunque
863 3758 907 3813 sit.
959 3761 1050 3817 miuus
1065 3761 1099 3817 de
1114 3761 1168 3817 illis
1191 3764 1356 3831 carnalibus,
1374 3781 1442 3836 quos
1469 3774 1576 3821 constat
1597 3766 1680 3839 louge
1696 3784 1759 3825 esse

113 3845 185 3901 Vere
200 3843 273 3916 ignis
301 3843 426 3916 probabit
454 3844 624 3916 singulorum
641 3861 719 3917 opus.
744 3847 814 3901 Nam
829 3854 870 3902 cst
884 3854 911 3902 et
961 3849 1103 3906 interiores
1118 3850 1186 3906 istis.
1203 3851 1282 3908 Unde
1299 3852 1335 3906 ait
1351 3870 1358 3907 :
1374 3854 1436 3909 Nou
1445 3862 1486 3908 est
1496 3854 1669 3926 gloriandum
1679 3857 1759 3912 vobis

114 3933 294 4002 bonumopus
311 3938 336 3987 et
347 3931 466 3999 malum;
483 3933 584 3988 bouum
594 3933 697 4006 ntique.
711 3935 741 3992 Si
751 3935 828 3991 enim
843 3951 911 4008 opas
961 3937 989 3992 iu
1003 3937 1157 3993 homiuibus
1173 3957 1180 4007 ;
1198 3956 1266 3995 nara
1281 3943 1378 3997 amaia
1392 3946 1486 3998 vestra
1501 3947 1580 4010 rant,
1597 3943 1626 3999 id
1640 3952 1683 4000 est
1697 3960 1759 4000 ser-

114 4021 247 4090 alteaiaa,
263 4020 334 4093 qaod
348 4021 497 4089 edificavit
516 4037 598 4092 super
610 4021 816 4077 fundamentum
830 4039 913 4078 maa·
962 4027 1039 4082 vitati
1050 4035 1149 4082 vestrae
1173 4028 1300 4098 deputata
1311 4048 1318 4088 :
1329 4030 1387 4086 riae
1405 4030 1487 4086 etiam
1509 4031 1544 4086 sit
1567 4033 1685 4102 Paulae,
1701 4035 1760 4090 aiae

115 4110 186 4167 serit
200 4109 331 4176 illaesum,
346 4107 497 4180 hiantique
513 4111 634 4183 accipiet
655 4111 812 4168 mercedem
827 4128 912 4183 supe·
962 4116 1070 4188 Apollo,
1081 4116 1332 4187 aiveoaputcorum
1348 4117 1461 4190 Caphar,
1482 4118 1510 4175 id
1525 4121 1681 4190 estl'etrus,
1699 4124 1758 4181 rive

116 4196 461 4254 1·aedilicatiboni.llalum
489 4214 558 4269 opus
581 4199 707 4270 probabit
735 4198 816 4271 iguis.
842 4201 912 4256 Nam
963 4204 1088 4260 raaudus
1102 4212 1194 4260 vester
1209 4213 1270 4260 est:
1288 4207 1371 4262 servit
1389 4207 1461 4262 enim
1472 4208 1570 4276 vohis;
1586 4209 1637 4265 etsi
1660 4211 1760 4266 minis-

117 4286 142 4342 εἰ
156 4302 225 4358 opas
238 4287 361 4356 alicujus
388 4287 509 4357 arserit,
533 4287 622 4343 idest
645 4288 744 4344 ardere
763 4305 844 4359 posse
868 4288 913 4343 iu·
964 4299 1017 4346 trat
1043 4293 1210 4363 necessaria,
1227 4301 1253 4349 et
1269 4294 1292 4348 si
1306 4311 1406 4366 aspera
1421 4295 1548 4368 quaelibet
1572 4298 1607 4353 ad
1632 4301 1763 4356 meritum

118 4381 228 4429 ventum
242 4372 333 4439 luerit,
353 4381 382 4428 ut
408 4372 523 4446 liguum,
550 4374 652 4442 lenum,
679 4376 787 4447 stipula,
803 4376 848 4432 hic
862 4375 916 4431 uti·
927 4379 956 4440 Ι)
962 4379 1074 4449 justitiae
1087 4390 1185 4436 vestrm
1198 4381 1305 4449 inserat,
1322 4385 1379 4440 siue
1392 4386 1452 4441 vita
1476 4393 1567 4442 vestra
1582 4394 1633 4441 est.
1649 4387 1719 4442 Nam
1734 4395 1764 4443 ut

120 4477 174 4534 que
199 4463 329 4534 patietur·
349 4461 556 4518 detrimentum
578 4471 604 4518 et
622 4462 758 4535 affligetur
780 4479 831 4536 per
854 4464 915 4520 vio·
966 4467 1000 4523 de
1014 4468 1084 4524 male
1097 4469 1166 4525 actis
1180 4470 1375 4541 poeniteamini,
1389 4481 1415 4529 et
1426 4481 1489 4544 post
1498 4473 1569 4530 bene
1577 4475 1685 4546 agendo
1694 4491 1763 4547 pro·

119 4549 229 4606 lentiam
243 4549 329 4623 iguis.
350 4550 403 4605 Sed
430 4550 493 4606 licet
515 4551 632 4622 patiatur
653 4550 855 4619 detrimentum,
873 4556 917 4608 ta·
966 4556 1134 4623 mereamini,
1146 4574 1267 4630 praesens
1282 4559 1335 4614 vita
1347 4561 1506 4617 conceditur
1516 4562 1604 4628 vobis,
1619 4565 1678 4620 riae
1687 4580 1764 4621 mera

68 4632 74 4643 ’
120 4653 187 4696 mea
200 4639 260 4710 ipae
273 4640 367 4695 saluar
377 4639 441 4696 erit.
459 4639 504 4695 Sia
518 4646 609 4694 tamen
623 4640 685 4696 dieo
706 4639 822 4710 salvum,
840 4638 917 4712 quasi
966 4652 1124 4701 restraest.
1153 4647 1223 4703 Utile
1252 4647 1324 4702 enim
1344 4657 1386 4704 est
1408 4650 1536 4720 amplecti
1566 4658 1685 4708 mortem
1711 4668 1764 4724 pro

120 4743 170 4799 per
183 4727 275 4800 ignem
285 4726 468 4783 transitumru.
481 4727 560 4782 Prius
573 4727 645 4782 enim
660 4728 733 4799 quod
748 4728 827 4784 dulce
842 4733 918 4785 com·
967 4731 1085 4801 Christo,
1103 4733 1126 4788 si
1136 4750 1165 4789 se
1175 4734 1338 4807 ingesserit;
1354 4739 1412 4793 riae
1419 4741 1584 4810 presentia,
1595 4740 1653 4795 aiae
1660 4743 1765 4811 [atara

121 4815 229 4871 mittere
256 4814 328 4883 luit,
356 4814 447 4886 puniri
473 4822 579 4886 oportet
619 4831 668 4887 per
708 4816 917 4874 amaritudinem
968 4820 1049 4887 baua,
1063 4821 1198 4878 velmatu.
1211 4825 1520 4882 Vestrasuutverehaec
1533 4828 1663 4898 praedicta
1680 4845 1766 4885 :uam

121 4901 203 4974 ignis.
968 4910 1064 4966 omnia
1078 4915 1171 4967 vestra
1185 4917 1263 4980 rarat,
1279 4929 1325 4970 aar
1344 4919 1442 4971 autem
1464 4915 1635 4972 solummodo
1660 4917 1767 4974 Christi

158 4991 355 5046 Determinavit
378 4991 460 5047 modo
497 4991 675 5048 discretiones
712 5008 919 5067 operumque
968 4996 1043 5067 estis,
1054 4997 1082 5051 iu
1094 5013 1147 5069 quo
1161 5000 1220 5056 solo
1235 5000 1346 5072 gloriari
1366 5002 1482 5058 debetis.
1514 5001 1643 5060 Christus
1668 5009 1767 5062 etatem

123 5092 177 5134 nou
192 5079 336 5133 destruunt
356 5078 571 5147 tundamentum,
586 5080 681 5137 dicens
696 5097 791 5138 omnes
806 5082 918 5138 salvan·
969 5093 1011 5140 est
1025 5086 1084 5153 Dei,
1099 5102 1154 5142 uon
1178 5090 1251 5160 quod
1264 5090 1387 5146 Christus
1412 5090 1445 5145 ab
1472 5107 1504 5147 eo
1519 5090 1626 5147 differat
1654 5093 1682 5147 in
1697 5095 1767 5149 sub-

123 5166 185 5235 dos,
213 5166 258 5238 qui
277 5167 344 5222 illud
371 5183 426 5223 uou
454 5169 598 5224 destruunt
614 5184 621 5223 :
637 5186 708 5226 nunc
728 5171 865 5242 subjungit
884 5172 919 5228 de
969 5174 1079 5242 stantia,
1097 5175 1147 5231 sed
1176 5177 1237 5249 quia
1263 5194 1314 5250 per
1340 5179 1504 5235 mediantem
1526 5179 1662 5236 Christum
1681 5183 1767 5238 redu-

122 5255 253 5328 operibus
267 5255 320 5323 his,
336 5272 397 5326 quae
412 5256 556 5312 destruunt
581 5257 800 5327 fundamentum,
816 5268 843 5315 et
857 5261 919 5316 the·
970 5262 1057 5318 cimnr
1080 5264 1114 5318 ad
1128 5266 1225 5321 Deum.
1242 5267 1357 5338 Cephas,
1375 5272 1479 5340 capat;
1494 5267 1602 5337 Simon,
1616 5270 1769 5341 abedieaar

122 5345 258 5401 eaurizaut
287 5352 420 5399 aeteruum
444 5344 595 5412 interitum,
612 5345 706 5402 dicens
722 5363 728 5402 :
745 5349 776 5404 Si
789 5348 850 5421 qaia
865 5364 921 5404 uon
970 5351 1100 5422 Barjona‚
1117 5354 1195 5424 ,ilias
1208 5357 1343 5413 columbae
1372 5356 1478 5414 dicitur.
1508 5355 1578 5425 Quia
1605 5367 1695 5415 autem
1714 5360 1769 5418 hoa

124 5432 240 5490 destruit
262 5431 485 5504 fundamentum,
514 5433 683 5504 salvabitur3
698 5434 722 5490 si
744 5434 804 5508 quis
831 5444 921 5494 autem
970 5455 1069 5498 nomeu
1093 5441 1201 5515 cephas
1230 5445 1343 5503 mutavit
1370 5445 1395 5503 ei
1418 5446 1507 5516 Deus,
1538 5453 1564 5505 et
1587 5448 1693 5506 vocavit
1716 5449 1768 5508 Pe·
