3742 5986
58 150 61 201 i
100 154 129 209 tt
423 150 613 209 nxrosrrlo
633 152 670 207 IN
688 148 878 208 EPISTOLAS
898 148 1008 205 Pauli.
1024 181 1059 191 -
1073 150 1111 206 IN
1129 151 1240 207 EPIST.
1264 152 1311 207 Ab
1330 150 1418 208 aaut.
1710 149 1746 208 ιι

101 291 143 332 me
157 290 210 347 pro
225 274 279 332 lide
293 275 408 351 agenda
421 283 484 332 suut
498 275 593 351 gmtiae
600 278 668 344 Deo,
686 292 747 349 qua
760 274 899 331 hominem
912 275 941 335 A
951 271 1025 329 landi
1040 273 1103 340 siut,
1120 282 1147 331 ει
1162 274 1261 331 Paulas
1276 276 1310 331 de
1334 290 1427 331 ermre
1448 289 1542 331 eorum
1556 271 1682 340 doluerit,
1698 278 1745 328 ut-

103 363 136 420 de
160 363 229 420 solis
252 364 373 436 peccatis
396 365 476 420 trehit
490 364 679 434 adjustitiam.
697 366 732 420 Et
747 363 820 436 quod
838 379 900 418 me·
950 379 1004 434 que
1019 379 1141 419 errorem
1156 364 1189 419 ab
1204 364 1243 419 eis
1255 363 1361 420 auferat
1379 362 1511 419 sollicitus
1528 364 1571 418 sit.
1589 359 1742 426 Consolari,

106 452 227 508 moriam
247 455 334 509 vestri
343 453 428 525 focio,
439 452 511 510 mibi
529 454 611 509 testis
629 457 671 509 est
681 453 754 508 licus
764 472 775 519 ,·
785 467 867 524 quem
878 450 900 505 ει
950 450 1072 523 inquam,
1088 451 1214 507 desidero
1226 451 1255 506 in
1269 453 1347 508 vobis
1358 468 1411 525 per
1423 452 1508 522 fidem
1522 455 1646 508 uestram
1659 453 1743 521 aigae

105 540 137 595 ad
153 539 353 596 testificandum
369 539 554 613 quodfalsum
577 548 620 597 εει
633 541 806 608 advocarem,
823 539 901 593 l'alsi·
950 557 1043 596 meam
1060 557 1067 594 :
1083 539 1181 595 lectam
1196 555 1267 606 earn,
1293 539 1321 594 id
1335 548 1377 595 est
1389 540 1471 596 talem
1487 555 1548 612 quae
1562 546 1604 594 est
1617 537 1745 602 invicem,

104 626 164 683 tatis
180 628 428 698 reumjudicarem.
950 627 977 683 id
993 635 1034 683 est
1048 644 1109 700 quae
1122 628 1247 684 eamdem
1271 628 1484 684 vicissitudinem
1503 627 1612 692 habeat,
1634 633 1663 680 ut
1677 623 1748 680 sicut

138 715 277 773 Fortassis
290 715 396 773 (ιιεειει
408 715 508 790 aliquis
523 734 530 772 :
547 715 616 786 Quia
631 719 719 773 Deum
739 733 795 772 non
809 731 899 781 curas,
951 714 1020 771 fides
1043 731 1102 770 mea
1129 723 1212 771 totum
1241 716 1352 772 ascribit
1380 715 1473 788 gratim
1501 715 1561 781 Dei,
1590 713 1630 770 sic
1656 719 1747 770 vestra

103 803 163 859 ideo
178 803 279 860 leuiter
299 820 360 860 eum
381 803 456 861 lalsae
480 804 520 861 rei
538 812 635 861 testem
659 805 785 861 advocas.
802 804 902 859 Contra
950 803 1040 859 faciat.
1057 803 1106 859 Vel
1120 803 1199 860 aliter
1214 821 1221 859 ι
1239 803 1380 860 Consolari
1395 803 1468 875 cupit
1483 819 1534 874 per
1556 800 1638 858 sudem
1657 815 1747 856 meam
1841 843 1843 847 .

106 891 155 948 boe
169 892 210 946 ait
227 907 234 946 :
252 891 303 949 dai
316 893 375 948 Deo
384 908 437 965 ego
447 893 554 960 saraim·
569 909 665 950 servus
675 901 764 948 autem
774 891 809 947 ad
823 892 901 947 testi·
952 889 1052 946 iactam
1072 899 1199 958 vestram,
1224 899 1254 947 at
1274 907 1355 948 omne
1375 892 1474 947 bouum
1490 889 1608 946 credatis
1622 904 1683 945 εεεε
1697 903 1748 960 ρει

103 979 226 1035 ιιοιιιιιιιι
258 978 390 1048 ιιιειιιιιε,
414 981 560 1037 Dominum
580 996 635 1036 nou
658 987 778 1036 vocaret.
807 979 902 1035 Servio
952 979 1065 1050 gratiam
1079 979 1149 1046 Dei;
1164 979 1246 1035 fidem
1271 988 1390 1036 vestram
1412 980 1483 1050 dico,
1509 977 1606 1035 laetam
1632 993 1701 1046 eam,
1716 975 1745 1030 id

104 1067 198 1140 utique
213 1069 272 1123 Deo
285 1070 317 1125 in
330 1069 436 1141 spirita
448 1085 519 1139 meo,
536 1069 564 1124 id
582 1075 623 1125 εει
638 1085 672 1125 ex
685 1069 831 1135 voluntate,
847 1084 902 1123 nou
952 1075 994 1123 εει
1008 1067 1097 1136 talem,
1122 1085 1183 1141 qaae
1206 1071 1248 1123 est
1261 1068 1383 1124 inuicem
1400 1111 1406 1133 ,
1423 1067 1451 1121 id
1465 1074 1507 1123 εει
1521 1066 1601 1122 ιιιοιιο
1617 1080 1666 1120 suo
1682 1064 1745 1119 sub·

104 1170 136 1210 ex
150 1156 296 1212 coactione
308 1175 315 1222 ;
331 1156 376 1212 vel
390 1157 419 1211 in
429 1156 535 1228 spiritu,
547 1155 623 1213 idest
633 1172 687 1212 nou
697 1157 724 1211 in
735 1155 900 1222 ramalibus,
953 1154 1128 1221 servientem,
1145 1162 1172 1210 ut
1187 1154 1254 1212 siout
1269 1170 1321 1228 ego
1335 1155 1420 1227 (quod
1435 1153 1559 1228 magistri
1582 1153 1635 1224 εει)
1649 1150 1746 1224 praeci·

105 1242 199 1299 sedin
214 1244 400 1316 spiritualibus
409 1244 575 1302 serviolieo.
587 1244 754 1302 Determinat
764 1245 791 1299 iu
806 1260 858 1316 qua
873 1259 902 1300 re
952 1242 1052 1313 piendo
1065 1243 1161 1309 doceo,
1178 1243 1218 1299 sio
1233 1259 1281 1299 vos
1295 1243 1380 1315 (quod
1395 1231 1589 1314 discipulorum
1613 1243 1666 1311 εει)
1678 1241 1748 1296 obe-

104 1331 219 1398 scrviat,
236 1332 338 1389 scilicet
352 1335 385 1389 in
399 1333 559 1405 Evangelio,
575 1332 601 1387 id
613 1341 654 1389 est
663 1333 691 1388 iu
700 1332 903 1388 annuntiatione
953 1330 1053 1386 diendo
1075 1330 1197 1387 discatis.
1222 1331 1281 1403 Ego
1303 1331 1395 1403 utique
1418 1331 1573 1386 desideravi
1594 1329 1688 1386 venire
1712 1328 1748 1383 ad

103 1418 164 1474 Filii
181 1420 250 1489 ejus.
263 1420 321 1476 Hoc
335 1429 425 1475 autem
440 1420 579 1477 servitium
592 1421 679 1494 magis
692 1429 757 1477 tunc
771 1421 902 1491 temporis
952 1433 1012 1486 uos,
1029 1418 1078 1474 sed
1093 1434 1148 1475 non
1168 1419 1253 1490 potui,
1272 1421 1338 1492 qaia
1350 1419 1510 1491 prohibitas
1529 1435 1602 1474 sam.
1620 1415 1748 1473 Prohibi-

102 1516 212 1581 gratam
222 1517 279 1564 erat
289 1510 357 1574 Deo,
368 1509 518 1580 praedicare
526 1509 641 1582 gloriam
652 1509 759 1574 Christi,
771 1509 831 1564 Filii
841 1508 900 1565 Dei.
953 1505 1041 1562 tiones
1063 1507 1105 1562 har
1133 1507 1296 1578 quaudoque
1320 1505 1422 1562 fiebant
1438 1507 1522 1563 Paulo
1544 1522 1595 1577 per
1617 1504 1747 1576 Spiritum

104 1595 172 1650 lude
186 1595 254 1650 mibi
269 1596 346 1651 testis
360 1604 402 1652 est
415 1598 488 1653 Deus
511 1598 585 1669 quod
599 1598 630 1652 in
645 1597 818 1655 orationibus
832 1598 940 1682 meisB
954 1602 1086 1665 sanctum,
1109 1594 1267 1666 plemmque
1300 1611 1350 1666 per
1380 1594 1503 1666 pericula
1532 1594 1678 1660 latronum,
1700 1607 1749 1648 seu

103 1681 176 1739 lucio
191 1683 352 1739 memoriam
376 1685 471 1750 vestri,
495 1684 522 1739 id
546 1694 588 1740 εει
610 1683 681 1741 facio
696 1686 783 1740 Deum
796 1700 904 1740 memo·
954 1690 1144 1753 tempestatum
1169 1683 1197 1738 in
1217 1682 1293 1738 mari.
1311 1681 1400 1752 Quare
1415 1682 1611 1739 autemvenire
1623 1679 1749 1754 probibi-

104 1786 163 1826 rem
178 1772 275 1837 vestri,
287 1772 346 1827 sine
361 1772 574 1840 intermissione,
590 1773 654 1845 qaia
668 1788 807 1844 nunquam
821 1788 904 1830 orans
954 1778 996 1826 tus
1012 1787 1083 1837 sum,-
1098 1773 1163 1827 nolo
1178 1787 1223 1828 aas
1238 1774 1380 1842 ignorare,
1396 1774 1503 1843 [ratres
1516 1771 1570 1826 mei
1585 1770 1613 1824 in
1626 1769 1692 1825 fido.

104 1859 255 1915 intermitto
269 1875 328 1915 vos.
346 1861 441 1916 Posset
451 1861 561 1932 quidem
571 1876 652 1917 orare
662 1861 747 1916 semel
761 1861 903 1927 inmense,
990 1859 1019 1914 Si
1034 1859 1106 1914 enim
1117 1874 1228 1915 causam
1244 1858 1324 1929 hujus
1338 1859 1528 1929 prohibitionis
1542 1858 1690 1932 diligenter
1704 1857 1749 1912 iu-

103 1947 185 2003 etsie
200 1963 298 2018 parum
313 1955 386 2004 esset
400 1964 449 2004 eos
468 1955 533 2006 tunc
554 1964 610 2005 non
623 1949 794 2005 intermissos
809 1948 903 2005 luisse.
955 1947 1075 2018 quiretis,
1101 1946 1178 2003 vobis
1198 1947 1317 2019 proderit
1337 1948 1371 2002 ad
1390 1947 1596 2014 correctionem,
1618 1945 1683 2002 dum
1698 1961 1750 2017 pro

104 2034 170 2091 ldeo
185 2035 241 2090 ait:
266 2036 297 2091 lu
318 2035 490 2092 orationibus
511 2053 629 2110 semper,
649 2037 677 2093 id
700 2045 742 2093 est
764 2038 837 2093 omui
861 2038 904 2094 die
954 2043 1066 2107 peccato
1077 2035 1257 2091 contentionis
1267 2044 1363 2091 vestrae
1374 2050 1418 2091 me
1428 2050 1489 2091 esse
1499 2034 1664 2106 prohibitum
1674 2033 1752 2089 iutel-

104 2123 280 2190 continuatis,
312 2124 475 2182 memoriam
510 2126 592 2181 vestri
618 2124 715 2192 habeo,
739 2141 793 2181 nou
818 2126 905 2182 solum
954 2123 1753 2196 ligetis.Hocinquamnoloaosignorarequiasrepapropo

104 2226 200 2277 araus,
216 2210 266 2268 sed
290 2212 370 2268 etiam
393 2213 551 2282 obsecrans,
576 2213 604 2269 ia
627 2213 790 2286 quibusdam
810 2229 905 2271 sacra·
954 2209 1752 2285 saivenireadvos,eipt·obibitassamaenireasqaead·

104 2299 207 2354 mentis
221 2307 248 2354 et
275 2300 505 2368 coniurationibus
523 2303 610 2357 Deum
633 2301 731 2357 obnixo
754 2302 904 2373 postulans,
955 2299 1020 2356 bae.
1031 2299 1083 2356 Ubi
1093 2299 1129 2355 ait
1139 2299 1241 2369 adbuc,
1260 2299 1378 2356 ostendit
1390 2315 1420 2355 εε
1440 2298 1576 2354 multoties
1585 2297 1750 2370 prohibitum

105 2389 132 2442 si
147 2387 290 2443 exauditus
306 2387 422 2444 babeam
435 2389 493 2444 iter
512 2389 645 2445 veniendi
661 2389 697 2445 aci
711 2405 767 2445 vos.
784 2388 905 2445 Habeam
955 2403 1025 2455 esse,
1035 2387 1112 2460 quasi
1123 2387 1240 2444 diceret:
1250 2386 1548 2459 Sicutsaepeproposui,
1560 2387 1752 2458 sicsaepepro·
1804 2384 1808 2390 '

107 2475 182 2531 dico.
200 2475 338 2543 Quomodo
352 2475 381 2531 id
395 2484 436 2531 εει
449 2475 500 2531 sub
515 2476 839 2549 quacunquedillicultate
852 2478 905 2534 hoc
954 2477 1055 2532 hibitus
1074 2475 1121 2532 lui.
1142 2476 1249 2543 Venire,
1268 2476 1387 2548 inquam,
1408 2475 1539 2547 proposui
1557 2475 1592 2531 ad
1609 2490 1669 2542 vos,
1688 2473 1752 2531 ideo

103 2561 195 2632 lieret,
211 2579 260 2619 seu
274 2562 418 2630 latronem,
434 2580 484 2620 seu
498 2572 687 2636 tempestatem
701 2582 756 2621 nou
770 2582 903 2622 curarem.
917 2586 920 2592 ·
954 2569 987 2621 at
1003 2564 1120 2620 babeam
1134 2564 1166 2620 in
1179 2564 1265 2630 vobis,
1278 2563 1352 2635 quod
1361 2571 1388 2619 et
1397 2563 1484 2619 babeo
1498 2562 1526 2618 ιιι
1539 2563 1610 2632 ιιιιε,
1627 2562 1751 2635 aliquem

105 2651 229 2707 Habeam
245 2651 297 2706 hoc
311 2651 431 2707 tandem.
447 2652 477 2707 lu
492 2653 544 2709 bac
558 2653 678 2708 ostendit
691 2668 722 2709 εε
737 2653 783 2708 diu
798 2654 907 2709 deside·
953 2654 1092 2723 fractam,
1108 2651 1198 2718 idest,
1213 2651 1257 2707 vel
1271 2660 1300 2706 ut
1315 2651 1541 2708 vasmedacente
1551 2651 1677 2720 correcti,
1694 2649 1751 2706 iru-

105 2754 197 2807 rasse,
220 2754 272 2795 nec
294 2739 415 2810 patuisse
439 2756 469 2795 se
492 2739 609 2797 edicere.
633 2742 755 2797 Habeam
777 2742 829 2798 iter
852 2741 905 2797 ali·
954 2739 1078 2797 ctificetis
1100 2739 1128 2795 iu
1152 2739 1267 2807 melius;
1285 2739 1327 2795 vel
1342 2748 1370 2795 ιιι
1394 2755 1446 2813 ego
1470 2739 1588 2796 fructum
1613 2739 1751 2796 mercedis
1798 2806 1801 2810 ¹

104 2827 228 2899 qnando,
243 2827 271 2882 id
287 2834 328 2882 est
342 2826 371 2882 ιιι
395 2843 559 2900 quocunque
580 2836 712 2900 ternpore,
734 2845 783 2886 seu
805 2830 903 2899 ιιιειιιε,
954 2828 1093 2899 recipiam,
1111 2827 1172 2900 quia
1194 2827 1315 2885 laborari
1336 2827 1363 2883 iu
1383 2827 1471 2884 uobis.
1488 2827 1619 2897 Habeam,
1634 2827 1706 2896 dico,
1722 2827 1752 2882 ιιι

104 2932 157 2970 seu
171 2922 264 2970 aestate
279 2916 331 2971 lroc
355 2914 441 2983 fieret,
467 2931 523 2971 non
545 2931 680 2973 curarem.
698 2918 764 2973 item
779 2918 841 2974 dioo
856 2933 905 2989 pro
954 2917 1041 2984 vobis,
1058 2918 1132 2973 sicat
1146 2917 1234 2972 habeo
1249 2917 1400 2974 incaeteris
1413 2917 1552 2989 pentibus,
1565 2916 1593 2972 id
1609 2924 1659 2983 est,
1675 2925 1704 2972 at
1716 2917 1751 2971 si·

104 3003 205 3074 spiritu
219 3003 248 3057 in
260 3003 323 3070 hoc,
338 3010 368 3058 ut
382 3003 454 3075 quod
464 3003 526 3061 volo
537 3003 683 3071 efficerem,
700 3007 799 3078 etquis
813 2969 939 3061 multato
955 3012 1001 3061 cut
1026 3005 1094 3060 alias
1116 3012 1212 3076 gentes
1226 3005 1307 3062 docui
1330 3005 1422 3061 omnia
1446 3005 1548 3061 referre
1571 3005 1668 3077 gratiae
1688 3005 1748 3074 Dei,

104 3106 153 3147 res
167 3090 294 3147 effectum
310 3091 422 3157 habeut,
438 3108 499 3165 quea
513 3094 571 3148 Deo
585 3093 738 3165 displicent,
757 3094 831 3149 addit
846 3113 854 3150 :
872 3096 904 3151 ln
955 3093 994 3149 sic
1008 3099 1036 3149 ει
1053 3108 1103 3150 vos
1117 3093 1206 3149 edocti
1222 3109 1239 3149 a
1252 3110 1296 3149 me
1310 3093 1383 3149 idem
1399 3092 1511 3160 laniatis,
1528 3107 1579 3150 uec
1593 3107 1610 3148 a
1624 3092 1750 3149 doctrina

103 3182 288 3237 volantatem
301 3181 365 3236 Dei.
381 3180 440 3235 Nisi
447 3180 520 3236 euim
530 3182 604 3237 lieus
613 3183 665 3238 boc
675 3183 766 3250 vellet,
778 3182 904 3240 effectum
954 3180 1040 3236 vestri
1054 3189 1080 3236 et
1095 3181 1208 3236 aliamm
1226 3181 1347 3255 gentium
1371 3197 1481 3238 cessero
1505 3196 1574 3253 queo
1587 3199 1594 3248 ;
1608 3196 1661 3254 ego
1677 3181 1750 3238 enirn

103 3268 188 3337 hujus
202 3268 242 3323 rei
257 3269 347 3339 potins
361 3268 462 3324 nollem
486 3283 569 3340 qnam
587 3285 730 3341 euperem.
753 3271 817 3326 ldeo
831 3272 904 3327 volni
953 3269 1060 3325 debitor
1087 3286 1160 3336 sam,
1184 3270 1212 3324 id
1233 3277 1274 3325 est
1293 3287 1326 3326 ει
1345 3270 1437 3326 debito
1460 3270 1588 3342 praedica,
1610 3270 1650 3326 sic
1678 3269 1750 3325 enim

105 3356 203 3412 venire
212 3356 246 3410 ιιι
261 3371 319 3423 ιοε,
340 3355 404 3427 quia
419 3356 545 3413 desidem
568 3358 661 3414 videre
675 3375 721 3414 vos
734 3373 740 3411 :
755 3358 856 3415 adhoc
870 3364 903 3416 at
953 3357 1019 3412 mihi
1034 3365 1075 3413 est
1086 3357 1234 3426 injunctam
1249 3373 1264 3411 ι
1278 3357 1377 3428 Spiritu
1392 3365 1501 3425 sanato,
1514 3359 1620 3414 Grecis
1635 3375 1669 3415 ac
1683 3358 1749 3414 bar-

104 3445 261 3516 impertiar
273 3445 463 3514 eobisalipaid
471 3447 580 3516 gratia.
593 3446 648 3501 Vos
661 3445 771 3517 quidem
786 3447 903 3518 gratiam
954 3446 1038 3501 boris.
1054 3445 1156 3500 Praeter
1169 3445 1281 3501 Graecos
1291 3430 1493 3518 omnes'gontes
1504 3453 1583 3502 vocat
1593 3446 1725 3502 barbaros
1741 3465 1748 3501 :

103 3531 171 3587 fidei
182 3532 239 3601 jam
252 3532 367 3600 habetis,
383 3532 432 3588 sed
440 3549 512 3602 cum,
528 3533 563 3588 ad
572 3533 724 3590 custodiam
739 3535 828 3603 hujus,
844 3534 904 3591 aliae
954 3533 1002 3589 sed
1024 3532 1115 3589 Graeci
1138 3549 1246 3605 semper
1265 3533 1426 3604 sapientiam
1447 3550 1504 3605 prae
1527 3534 1633 3589 ceteris
1655 3535 1750 3591 sectati

105 3620 205 3693 gratiae
218 3628 380 3691 opportunae
393 3628 494 3687 essent,
510 3628 539 3676 ut
552 3621 641 3692 gratia
656 3622 774 3690 unitatis,
791 3639 846 3678 non
860 3631 904 3678 ta·
954 3628 1025 3688 sunt,
1042 3628 1069 3677 et
1084 3621 1166 3676 etiam
1181 3622 1207 3676 in
1216 3620 1321 3677 Gracia
1333 3620 1432 3676 Paulus
1442 3620 1558 3692 primurn
1568 3620 1749 3678 Ecclesiasde

104 3724 172 3764 men
202 3708 362 3763 determinat
392 3723 475 3780 quarn
497 3709 636 3781 gratiam3
653 3710 715 3782 quia
738 3711 903 3767 ministraret
953 3709 1081 3783 gentibus
1101 3709 1253 3776 constituit;
1268 3708 1336 3765 etin
1354 3709 1407 3763 illis
1431 3724 1479 3764 seu
1493 3707 1608 3775 Graecis,
1624 3724 1673 3765 εειι
1686 3710 1750 3765 bar-

103 3797 148 3853 eis
162 3812 271 3851 omnem
285 3796 359 3851 illam
374 3812 456 3867 quam
469 3797 575 3853 videret
589 3799 784 3855 necessariam.
800 3799 904 3871 lmper·
953 3797 1037 3862 baris,
1059 3797 1167 3853 debitor
1186 3814 1256 3864 sum,
1282 3797 1458 3870 sapientibus
1481 3801 1510 3854 ei
1529 3799 1750 3870 insipientibus,

103 3884 159 3939 tier
171 3884 232 3939 dico
252 3884 354 3956 aliquid
378 3883 483 3956 gretiae,
508 3900 561 3940 uon
586 3885 734 3952 saecularis,
751 3894 780 3942 ut
793 3895 865 3943 esset
880 3887 904 3943 si
954 3885 1018 3957 quia
1031 3885 1102 3956 apud
1126 3885 1237 3942 Graecos
1256 3894 1318 3941 sunt
1335 3885 1473 3956 sapientes
1487 3893 1514 3941 et
1529 3885 1707 3957 insipientes;
1723 3894 1751 3942 et

106 3971 266 4028 conciliaret
280 3971 343 4027 illos
356 3988 418 4028 cum
436 3973 602 4044 quibuslibet
614 3974 784 4047 principibus
797 3974 902 4043 mundi,
953 3974 994 4029 sic
1009 3974 1080 4044 apud
1103 3973 1245 4030 barbaros.
1267 3974 1301 4028 Et
1324 3974 1394 4030 sicut
1416 3973 1477 4029 aliis
1501 3974 1629 4045 gentibus
1648 3974 1747 4042 debeo,

104 4061 156 4115 sed
167 4059 261 4132 gratiae
275 4061 447 4132 spiritualis,
462 4060 491 4115 id
506 4068 547 4116 est
562 4077 622 4133 qaae
631 4062 721 4133 gratia
731 4063 830 4118 nutriat
845 4063 903 4134 spi·
954 4061 994 4118 sic
1004 4061 1111 4118 debitor
1125 4078 1185 4116 sum
1201 4063 1487 4127 euanoelizorevobis,
1502 4063 1516 4117 J
1521 4062 1605 4118 udaois
1619 4070 1646 4117 et
1660 4062 1750 4134 genti-

104 4148 189 4203 ritum
212 4147 241 4201 iu
263 4147 347 4202 vitam
364 4156 506 4204 aternam.
530 4149 572 4205 Ne
596 4148 665 4206 lorte
688 4151 805 4223 gratiam
829 4149 902 4219 fidei,
952 4149 1025 4204 libus
1039 4150 1189 4215 conuersis,
1204 4150 1253 4222 qai
1262 4153 1355 4206 Home
1365 4151 1445 4206 estis.
1465 4147 1544 4218 Quod
1554 4149 1657 4208 scilicet
1667 4165 1750 4206 evau-

106 4252 191 4308 quam
206 4251 221 4290 a
236 4235 379 4307 discipulis
393 4236 469 4292 Pauli
483 4245 652 4309 acceperant,
668 4238 790 4295 inutilem
805 4240 902 4311 opina·
953 4236 1070 4311 gelizare
1090 4241 1253 4309 promptam
1272 4240 1325 4306 est,
1342 4236 1368 4294 id
1386 4245 1427 4292 est
1441 4246 1565 4308 paratum
1579 4245 1631 4306 εει,
1647 4254 1749 4295 secuu-

103 4333 209 4392 rentnr,
226 4324 289 4396 quia
303 4323 369 4378 dixit
383 4324 748 4397 sadaturumillisgratiam,
766 4328 801 4382 ait
817 4343 824 4383 :
841 4315 938 4384 NauD
952 4325 1016 4381 dum
1032 4325 1084 4381 hoc
1100 4325 1173 4397 quod
1186 4325 1218 4380 in
1234 4341 1279 4381 ma
1303 4333 1352 4392 εει,
1369 4324 1396 4380 id
1412 4332 1453 4381 est
1467 4325 1496 4380 in
1510 4333 1640 4397 quantum
1655 4327 1689 4383 ad
1704 4343 1749 4385 me

103 4412 167 4468 dico
181 4421 210 4467 ut
220 4411 359 4483 impertiar
372 4412 451 4469 robis
466 4413 582 4484 gratiam
597 4414 632 4469 ad
642 4414 802 4470 initiandum
810 4431 859 4471 ιοε
874 4415 901 4470 iu
952 4414 1076 4486 pertinet.
1103 4413 1198 4469 Videte
1221 4429 1255 4468 ne
1278 4428 1327 4469 vos
1350 4413 1498 4485 imparatos
1519 4414 1658 4471 auditores
1672 4416 1749 4474 inre·

104 4498 340 4571 lide(lidemenim
349 4515 443 4555 sanam
453 4501 618 4572 accepistis),
630 4501 680 4558 sed
689 4504 904 4573 adconfirman·
952 4503 1035 4557 niam.
1057 4502 1128 4559 Vere
1147 4510 1302 4573 promptum
1325 4502 1413 4557 estin
1435 4518 1489 4570 me,
1511 4517 1565 4576 ega
1588 4503 1661 4559 enirn
1688 4521 1748 4561 non
1822 4565 1824 4568 Α

103 4589 152 4644 dos
171 4605 226 4655 aas,
252 4587 280 4642 id
299 4596 340 4643 est
361 4587 394 4642 ad
414 4588 629 4644 confirmandam
644 4588 726 4646 iidem
741 4599 858 4647 uestram
874 4591 901 4646 iu
952 4592 1082 4647 erubesco
1097 4591 1290 4662 Euangeliam.
1311 4589 1408 4645 Tribus
1431 4590 1520 4646 modis
1535 4591 1672 4648 erubescit
1687 4593 1749 4664 quis

103 4676 147 4731 his
162 4692 222 4747 quae
237 4675 318 4732 iidem
342 4676 465 4732 comitari
487 4676 595 4746 debent,
612 4678 714 4735 scilicet
729 4687 757 4734 ut
771 4679 902 4736 unitatem
951 4678 1132 4751 Evangelium
1144 4696 1150 4732 :
1162 4679 1205 4734 vel
1221 4693 1283 4734 cum
1293 4678 1417 4733 miserias
1425 4678 1533 4744 Christi,
1545 4694 1664 4748 cmcem,
1675 4695 1750 4737 mor-

104 4764 240 4820 babeatis.
258 4764 317 4820 Nec
331 4763 400 4819 alter
410 4765 525 4820 alterurn
535 4765 698 4838 digniorem,
709 4767 902 4841 seuindignio-
952 4774 1016 4835 tem,
1033 4775 1104 4832 etc„
1128 4767 1208 4823 stulte
1230 4766 1430 4823 verecundatur
1444 4766 1613 4837 proedieare;
1629 4767 1673 4824 vel
1687 4785 1749 4826 cum

104 4868 166 4908 rem
179 4851 270 4922 gratia
293 4851 343 4907 Dei
358 4852 496 4921 judicetis.
519 4854 577 4909 lloc
600 4854 673 4925 quod
693 4854 755 4911 dico
776 4855 902 4912 desidero
952 4863 1078 4926 cormpte
1092 4854 1198 4923 vivens,
1220 4853 1351 4924 iustitiam
1375 4855 1450 4909 timot
1476 4855 1637 4925 predicare,
1653 4873 1688 4913 ne
1703 4875 1749 4914 ro·

106 4939 315 4997 Oeonlrrmare
329 4956 389 5009 vos,
400 4941 428 4995 id
443 4948 483 4997 εει
497 4941 625 4998 (ιεειιιειο
634 4945 815 5000 consolastis
828 4945 902 5002 nobb
951 4943 1136 5014 prehendatur
1146 4943 1225 4999 aliter
1236 4942 1348 5008 docere,
1361 4949 1387 4999 et
1397 4942 1477 4998 aliter
1487 4943 1596 5011 vivere3
1612 4944 1655 5001 vel
1666 4945 1750 5021 [cum]

103 5030 204 5085 mmai.
227 5027 279 5084 Ubi
298 5028 336 5082 ait
356 5028 437 5083 simul
461 5028 607 5096 consolari,
628 5030 747 5086 ostendit
759 5047 789 5087 se
805 5033 839 5088 de
854 5049 901 5089 er·
951 5030 987 5086 ed
1010 5029 1244 5087 confirmationem
1266 5030 1468 5103 praedicationis
1488 5046 1544 5087 suae
1566 5031 1650 5088 virtus
1667 5034 1751 5091 mira·

103 5133 167 5172 rore
178 5131 273 5171 aarum
288 5116 427 5183 doluisse;
444 5117 489 5171 ubi
503 5118 540 5172 ait
552 5119 649 5184 simol,
663 5119 751 5173 innuit
766 5121 837 5191 quod
852 5136 903 5192 per
951 5118 1073 5174 culomm
1088 5117 1189 5175 delicit.

102 5201 253 5255 doctrinam
267 5216 344 5255 suam
359 5201 518 5257 consolandi
539 5210 617 5268 suut;
634 5211 661 5257 ει
675 5211 787 5274 propter
801 5212 902 5259 utrum·
987 5206 1043 5261 Sed
1057 5206 1158 5262 Paulas
1172 5207 1246 5263 nullo
1260 5209 1357 5263 horum
1375 5207 1455 5263 modo
1471 5208 1659 5265 erubescebat.
1678 5212 1748 5266 Pro-

101 5304 155 5359 que
169 5288 360 5360 aequauimiter
373 5289 474 5345 debere
490 5306 539 5345 eos
553 5290 669 5347 tolerare
692 5291 840 5363 quamlibet
854 5307 900 5347 as·
950 5301 1044 5365 pterea
1055 5310 1108 5350 uon
1119 5295 1252 5352 erubesco
1261 5297 1440 5369 Euaugelium
1457 5315 1463 5351 :
1480 5314 1548 5353 nam
1557 5297 1583 5352 in
1597 5298 1749 5371 Evangelio

103 5391 200 5450 peram
215 5376 429 5450 increpationem
444 5377 530 5447 Pauli,
546 5394 609 5434 cum
628 5388 653 5435 et
667 5395 717 5451 per
731 5380 784 5437 boc
799 5395 900 5437 conso-
950 5390 1050 5452 praesto
1064 5378 1108 5440 es't
1125 5383 1191 5438 mibi
1205 5385 1297 5442 uirtus
1312 5387 1375 5456 uei,
1393 5401 1446 5457 qua
1461 5392 1487 5441 ot
1506 5394 1616 5456 peccata
1631 5386 1748 5459 dimitto,
