3742 5986
176 174 229 229 283
454 166 486 223 S.
509 160 687 222 BRUNONlS
704 156 1032 219 clamusmnobml
1049 154 1294 216 matrimonia
1313 154 1391 214 OPP.
1410 155 1501 215 alhs
1519 157 1553 214 ll.
1778 162 1830 217 tal

178 294 265 352 stolus
278 307 334 351 non
348 294 383 349 ab
397 289 553 348 bominibus
566 285 739 360 eligentibus,
756 284 800 342 rel
814 283 1017 346 consecrer-A
1030 296 1048 338 ι
1062 281 1151 338 vobis.
1167 281 1258 349 Miror,
1267 281 1389 355 inquam,
1405 280 1500 339 dehoc
1516 280 1590 355 quod
1608 284 1831 355 transferimini.

179 383 251 439 tibus
273 399 346 449 eum,
381 396 469 453 neque
494 394 544 450 per
564 375 713 441 bominem,
736 374 765 429 id
787 381 828 430 est
850 388 905 428 non
932 388 983 445 per
1031 372 1067 428 Ut
1092 369 1204 443 gravius
1232 385 1281 426 eos
1309 369 1453 441 deprhnat,
1489 371 1529 427 sio
1550 371 1597 426 ait.
1620 369 1832 427 Transieruntur

181 471 316 528 Christum
331 468 487 537 mortalem,
506 474 533 523 et
547 466 575 520 in
589 464 755 520 humanitate
769 463 916 530 virentem,
934 461 983 517 sed
1031 459 1103 515 enim
1118 458 1297 526 insensibilia,
1313 465 1342 513 ut
1354 459 1471 530 lapides,
1495 459 1629 516 ducuntur
1652 458 1829 515 irrationalia.

180 578 232 637 per·
246 563 341 619 iesum
356 559 500 616 Christum
514 556 684 613 suscitatum.
701 555 741 609 lle
756 569 789 609 eo
804 552 877 625 quod
892 548 983 621 sequi·
1031 549 1156 621 Aguntur
1170 546 1276 603 ratione
1289 546 1414 602 homines
1426 566 1433 614 ;
1451 547 1501 603 sed
1514 547 1582 603 istos
1593 546 1697 617 judicat
1712 547 1831 604 insensi-

181 653 237 712 tur,
252 644 411 710 suscitavit,
432 640 628 700 convenienter
649 638 797 710 accipimus
811 636 981 692 suscitatum.
1031 634 1110 691 biles.
1125 634 1204 692 Unde
1216 634 1245 690 iu
1260 635 1383 706 sequenti
1397 644 1477 692 vocat
1490 651 1539 692 eos
1559 636 1723 692 insensatos.
1750 636 1832 692 lliror

181 733 311 791 Dicerent
334 731 400 788 illi:
425 729 514 786 Etiam
536 729 560 783 si
574 726 697 784 Christus
729 727 820 800 legem
851 724 981 792 destruat,
1033 725 1105 795 quod
1120 722 1315 779 transferimini
1328 725 1413 792 chao,
1429 723 1621 793 scilicetlleo,
1636 725 1685 798 pai
1698 725 1773 780 Deua
1787 741 1832 782 oc·

187 837 243 879 non
256 820 406 889 credimus,
424 817 485 891 quia
498 816 625 873 dissentit
639 832 655 870 a
676 817 745 881 Deo,
762 813 807 886 qui
828 813 918 885 legem
932 813 984 868 de·
1032 813 1107 869 coeit
1123 827 1169 868 cor
1184 827 1239 868 non
1253 812 1350 868 mento
1365 811 1446 885 legia,
1458 812 1564 884 sedper
1574 812 1701 886 gratiam.
1720 811 1832 869 vocarit

181 909 233 965 dit.
249 909 315 966 ldeo
331 906 422 964 subdit
437 904 583 978 Apostolus
598 920 649 976 per
664 903 803 959 Christum
812 900 983 967 suscitatum,
1033 899 1095 957 dico
1110 907 1137 956 et
1151 899 1263 955 interius
1275 900 1432 972 aspirando,
1447 908 1474 956 et
1488 900 1683 972 predicatores
1697 900 1831 957 adhiben-

183 1003 212 1058 et
221 1014 272 1070 per
281 999 370 1054 lisam
380 997 505 1062 Patrem,
517 996 565 1066 qai
582 993 732 1050 suscitarit
746 1007 812 1049 cum
821 1008 838 1047 o
848 991 983 1056 mortuts3
1033 988 1069 1044 do
1080 989 1113 1044 in
1125 990 1249 1061 pretium
1263 988 1372 1057 Christi,
1389 988 1417 1044 ld
1431 995 1472 1044 est
1487 988 1522 1044 ad
1536 989 1589 1045 hoo
1602 996 1631 1045 ut
1653 989 1752 1046 essetis
1767 1004 1833 1060 par·

186 1102 268 1160 quem
283 1084 380 1141 frustra
394 1083 465 1139 mori
479 1081 569 1148 vellet,
586 1079 765 1137 sialiornodo
780 1095 830 1150 per
843 1077 985 1151 legemju·
1034 1076 1130 1148 tieipes
1144 1075 1239 1149 gratiae
1253 1076 1361 1132 Christi.
1390 1075 1594 1132 Transierimini
1616 1077 1677 1134 dico
1702 1079 1734 1134 ira
1754 1077 1834 1134 aliud

185 1174 303 1230 stihoare
317 1179 411 1244 posset
429 1171 569 1227 hominem
585 1187 592 1237 3
610 1167 659 1224 sed
682 1167 745 1240 quia
767 1167 858 1240 legem
879 1165 985 1220 irritam
1035 1165 1228 1235 Eccnpeliam.
1245 1164 1399 1220 &cundum
1413 1164 1486 1232 illos,
1502 1172 1624 1221 veterem
1647 1165 1739 1238 legem
1755 1172 1834 1222 vocat

183 1262 259 1329 vidit,
274 1262 365 1334 legem
379 1259 503 1325 exclusit,
516 1266 546 1313 ιιι
559 1273 610 1329 per
623 1255 741 1328 gratiam
751 1254 852 1311 Christi
866 1252 985 1326 perfice·
1034 1252 1233 1324 Evangelium3
1250 1253 1320 1325 qaod
1334 1260 1424 1308 temen
1435 1253 1617 1325 Evangelium
1632 1269 1691 1310 nco
1701 1257 1745 1310 est
1754 1253 1834 1311 cited

183 1358 227 1407 ret
240 1349 268 1405 iu
282 1364 337 1421 quo
350 1348 394 1404 lex
409 1345 562 1403 deficiebat.
579 1344 690 1409 Paulus,
705 1343 828 1414 inquam,
845 1346 874 1399 et
889 1357 985 1398 annes
1035 1356 1052 1396 a
1066 1349 1170 1407 nostro,
1187 1341 1244 1396 cisi
1257 1345 1327 1397 sont
1341 1341 1381 1396 illi
1393 1341 1476 1413 aliqui
1485 1343 1534 1415 pai
1546 1359 1593 1398 vos
1607 1342 1792 1410 conturbaret,
1807 1340 1834 1397 id

184 1439 293 1508 fratres
302 1437 350 1510 qui
358 1437 553 1500 macerarent,
561 1431 707 1488 scribimus
715 1432 847 1488 Eccteriis
856 1430 985 1487 Galatica.
1035 1437 1077 1484 est
1090 1428 1206 1500 pseudo,
1223 1429 1269 1501 qui
1283 1437 1405 1486 veterem
1420 1429 1510 1502 legem
1533 1429 1680 1487 carnaliter
1694 1430 1834 1495 docentes,

185 1519 732 1593 ldeosratressibiinsdutnhonejungit,
745 1518 809 1591 quia
823 1517 987 1588 objiciebant
1035 1516 1181 1573 dissentire
1199 1517 1299 1573 iaciunt
1322 1518 1356 1573 ab
1382 1518 1534 1591 Evangelio
1558 1518 1677 1585 Christi3
1693 1533 1756 1574 cum
1781 1532 1835 1590 quo

186 1611 293 1684 pseudo
308 1610 419 1667 Paulum
435 1608 555 1667 205
579 1607 668 1664 solum
684 1623 746 1663 esse
762 1606 789 1662 in
802 1606 1022 1696 destructioneB
1036 1603 1110 1660 idem
1125 1611 1167 1660 est
1180 1603 1347 1661 intellectum
1361 1603 1546 1677 spiritualiter.
1570 1605 1759 1672 Coctcrbcnt,
1775 1604 1836 1662 dic·

184 1701 265 1774 legis,
282 1716 362 1772 quam
377 1699 473 1754 Petrus
488 1696 574 1753 etalii
595 1696 624 1750 in
648 1695 704 1751 suis
719 1702 874 1766 palarentur
886 1693 986 1751 Eccle-
1036 1700 1093 1748 tum
1107 1699 1149 1749 est
1162 1709 1178 1747 a
1193 1692 1367 1749 similitudine
1391 1693 1620 1766 turbataeque,
1645 1693 1673 1749 in
1694 1708 1748 1766 qua
1770 1691 1836 1748 nihil

186 1789 245 1845 siis.
260 1787 312 1846 Ubi
326 1787 362 1842 uit
377 1802 408 1842 se
425 1801 481 1842 non
495 1784 529 1840 ab
545 1783 665 1851 homine,
684 1783 761 1839 seda
783 1783 890 1839 Christo
905 1781 988 1838 susci·
1036 1780 1111 1838 olare
1125 1780 1244 1836 discerni
1257 1788 1355 1852 potest.
1372 1781 1412 1836 lta
1425 1781 1469 1836 isti
1491 1781 1656 1838 intellectum
1680 1781 1837 1837 Galatarum

186 1884 251 1947 ιιιο,
268 1884 295 1933 et
308 1890 325 1931 a
340 1876 399 1931 Deo
414 1875 495 1929 Patre
514 1871 614 1929 lactum
633 1871 796 1943 apostolum,
813 1871 878 1927 satis
893 1871 922 1925 in
934 1872 988 1927 hoo
1037 1869 1220 1939 turbaverant,
1238 1869 1309 1942 quod
1334 1870 1391 1939 jam
1413 1870 1516 1926 malum
1529 1886 1546 1925 a
1559 1870 1632 1926 bono
1653 1885 1709 1926 non
1732 1869 1836 1925 discer-

185 1982 216 2023 se
231 1962 444 2022 commendavit.
463 1961 548 2027 Vobis,
565 1976 582 2016 ο
604 1960 718 2027 Galata,
734 1959 768 2014 sit
782 1961 887 2031 pratia,
903 1958 988 2015 idest
1036 1957 1148 2013 nebant.
1165 1957 1334 2013 conturbant
1348 1973 1408 2027 ros,
1426 1962 1455 2014 et
1465 1958 1564 2015 volunt
1576 1962 1739 2016 convertere
1749 1959 1837 2014 Evau-

185 2053 229 2109 his
244 2052 290 2125 qui
303 2056 498 2123 peceaverunt,
514 2049 549 2105 sit
561 2048 679 2104 secunda
689 2046 825 2103 remissio.
842 2047 890 2102 llis
905 2045 987 2118 quiin
1036 2046 1143 2116 pelium
1172 2045 1285 2102 Christi.

183 2140 288 2212 justitia
300 2144 521 2210 permanserunt,
538 2136 573 2192 sit
588 2135 794 2208 perseverantia
816 2134 924 2208 gratia.
948 2133 989 2190 Sit
1075 2135 1240 2191 Convertere
1254 2133 1359 2190 dictum
1373 2141 1424 2201 est,
1441 2133 1642 2192 asimilitudine
1655 2135 1771 2206 alicujus
1785 2136 1836 2193 iter

187 2224 270 2281 etiam
282 2223 360 2280 robis
380 2241 451 2296 pac,
472 2222 499 2276 id
521 2228 561 2276 est
583 2219 762 2292 tranquillitas
785 2219 912 2285 animia
933 2220 988 2275 lieo
1037 2221 1154 2294 agentis,
1171 2221 1217 2294 qui
1232 2222 1267 2278 ab
1282 2222 1408 2278 obstante
1422 2223 1474 2278 sibi
1496 2231 1579 2290 retro,
1595 2223 1761 2281 convertitur
1775 2241 1783 2291 ;
1798 2223 1838 2281 sic

188 2314 274 2370 Patre
286 2314 421 2369 restruet
436 2309 553 2366 Domino
563 2310 630 2366 iesu
639 2307 756 2378 Christe,
779 2307 825 2384 qui
839 2314 951 2379 uterque
961 2313 989 2363 et
1037 2317 1065 2366 et
1079 2309 1124 2364 isti
1139 2309 1259 2377 Galatae,
1276 2318 1388 2382 accepta
1402 2309 1456 2366 ilde
1471 2310 1571 2367 Christi
1594 2328 1645 2383 per
1658 2312 1837 2386 Evangelium

186 2408 275 2473 potesl
290 2407 317 2457 et
335 2399 404 2456 vult.
1037 2397 1122 2466 Pauli,
1136 2398 1192 2466 jnm
1208 2397 1279 2454 bene
1294 2398 1390 2454 directi
1411 2397 1519 2454 inerant
1531 2399 1560 2454 in
1580 2399 1677 2455 semita
1691 2399 1757 2456 boni
1769 2415 1837 2478 opes

223 2488 305 2545 blodo
320 2485 523 2545 commendabit
534 2483 648 2557 gratiam
657 2484 758 2541 Christi
772 2499 823 2556 per
834 2482 989 2555 oppositum
1037 2485 1088 2552 ris,
1105 2501 1189 2558 aquo
1203 2486 1330 2542 volebant
1351 2502 1399 2542 eos
1420 2494 1580 2543 convertere
1594 2487 1633 2542 illi
1655 2487 1772 2559 pseudo.
1787 2486 1838 2545 libi

187 2575 369 2649 improbando
385 2574 475 2647 legem
492 2573 605 2629 dicans:
625 2575 677 2642 Qui
699 2572 824 2628 Christus
847 2572 924 2628 dedit
946 2587 989 2627 se·
1039 2573 1077 2628 ait
1092 2575 1201 2642 vetent,
1216 2574 1302 2628 innuit
1318 2575 1430 2630 Galatas
1444 2575 1565 2630 nondum
1585 2590 1668 2647 opere
1682 2575 1837 2632 consensis·

187 2667 339 2737 metipsum
354 2678 408 2718 non
429 2662 502 2717 aliud
524 2659 697 2728 sacrificium,
723 2660 784 2733 quia
799 2659 867 2715 nihil
891 2667 991 2731 prater
1038 2678 1069 2717 se
1083 2661 1147 2729 illis,
1163 2662 1226 2719 licet
1240 2677 1362 2718 assensu.
1379 2662 1421 2718 llli
1442 2663 1537 2718 rolunt
1551 2671 1712 2720 convertere
1727 2663 1776 2721 sed
1799 2664 1835 2720 ti-

188 2768 250 2809 eum
263 2750 406 2807 sufficeret.
434 2749 615 2820 semetipsum
639 2748 710 2814 dioc,
738 2747 785 2820 qui
809 2754 898 2802 tantus
920 2754 987 2804 eret.
1038 2754 1082 2805 cet
1092 2766 1153 2815 nos,
1169 2749 1252 2805 idest
1267 2749 1378 2821 egovel
1393 2750 1568 2821 ipsePetrua,
1584 2756 1637 2807 cut
1651 2752 1770 2824 erectas
1779 2766 1839 2807 ma-

188 2842 291 2910 Semct,
307 2839 341 2894 ad
356 2837 660 2911 discretionem,ipsum
671 2837 708 2892 ait
718 2835 753 2891 ad
762 2835 987 2907 magnitudinem.
1038 2836 1129 2909 lignus
1143 2837 1255 2894 veniens
1271 2838 1389 2909 decocto,
1406 2838 1433 2893 id
1448 2846 1488 2894 est
1503 2839 1531 2894 in
1544 2839 1688 2911 splendida
1701 2837 1792 2912 figura
1810 2846 1839 2895 ut

189 2927 270 2984 Dedit
278 2926 455 2998 semetipsum
463 2941 515 2997 pro
524 2926 647 2997 peccatis
657 2924 763 2981 ιιοιινιι
773 2922 897 2980 delendis
910 2939 989 2996 3quae
1040 2925 1145 2981 facilius
1160 2926 1275 2982 suadere
1290 2926 1386 2997 possit.
1403 2926 1431 2983 si
1448 2926 1520 2983 enim
1542 2943 1688 3002 emergens
1701 2927 1736 2983 de
1759 2935 1838 2984 tene-

188 3017 212 3073 al
226 3015 271 3072 lex
285 3016 427 3072 destruere
441 3021 544 3085 posset,
570 3019 720 3068 monstrum
744 3019 903 3083 putaretur;
926 2984 1022 3083 quiu0
1038 3013 1093 3068 bris
1107 3012 1206 3068 inferni
1225 3021 1333 3071 lorvum
1346 3022 1373 3070 et
1399 3015 1542 3072 informem
1565 3032 1627 3072 sese
1641 3016 1780 3088 ingereret
1802 3015 1837 3071 ad

185 3105 243 3176 jam
255 3105 337 3160 Pater
352 3102 489 3174 superflue
504 3100 532 3156 in
546 3100 791 3156 mortemtraderet
805 3098 914 3155 Filium.
930 3100 989 3157 Neo
1037 3099 1239 3172 decipiendum,
1255 3117 1311 3158 non
1326 3110 1380 3158 tam
1395 3102 1509 3159 idoneus
1540 3111 1622 3160 esset.
1645 3103 1707 3170 Vel,
1720 3103 1836 3176 angelus

189 3202 220 3249 ut
243 3199 356 3265 peccata
378 3189 563 3263 praecedentia
586 3187 758 3244 solummodo
778 3187 893 3255 tolleret,
918 3187 988 3243 mori
1038 3189 1127 3245 bonus
1141 3189 1254 3245 veniens
1273 3190 1307 3245 de
1322 3189 1401 3260 coelo,
1418 3191 1442 3246 si
1451 3192 1625 3264 eoccpstiact
1635 3196 1836 3266 preterquam,

189 3276 283 3346 voluit,
300 3276 349 3332 sed
362 3280 405 3344 ιιι,
431 3273 576 3331 destructis
597 3271 727 3344 peccatis,
751 3273 872 3347 eriperet
892 3289 944 3329 reos
955 3272 989 3329 dc
1038 3277 1067 3332 id
1081 3284 1122 3333 est
1136 3284 1236 3348 praeter
1249 3278 1301 3333 hoo
1314 3278 1385 3351 quod
1401 3280 1656 3351 evonpetiacvimas
1675 3279 1759 3349 vobit,
1778 3279 1836 3336 sire

190 3366 327 3439 prasenti
340 3365 452 3431 saceio,
468 3364 496 3418 in
510 3376 564 3434 quo
573 3361 640 3418 vidit
650 3361 785 3417 neminem
796 3376 878 3433 posse
887 3360 989 3417 morari
1039 3365 1074 3420 sit
1088 3365 1226 3437 apostolus
1248 3381 1296 3422 seu
1317 3365 1443 3438 angelus,
1468 3367 1544 3423 illum
1565 3384 1621 3424 non
1642 3368 1731 3424 solum
1751 3367 1838 3426 audeo

190 3453 249 3510 sine
262 3460 386 3525 peceato.
402 3452 432 3506 ln
447 3466 499 3524 quo
515 3458 623 3506 notatur
647 3449 766 3505 maxima
779 3449 865 3505 virtus
879 3448 987 3517 Christi,
1040 3469 1167 3525 separare
1182 3469 1199 3509 a
1214 3469 1330 3525 corpore
1344 3453 1455 3522 Christi,
1472 3455 1520 3511 sed
1534 3455 1615 3512 etiem
1628 3456 1668 3513 sit
1682 3457 1838 3513 anatim

190 3541 237 3616 qui
250 3540 279 3596 in
292 3540 402 3597 fornace
417 3548 590 3611 peccatomm
611 3552 662 3593 nos
685 3537 782 3593 liberat
805 3538 841 3592 ab
863 3537 990 3593 incendio
1039 3548 1068 3596 ut
1081 3542 1140 3612 ipse
1156 3550 1301 3613 seperatus
1315 3542 1350 3598 sit
1371 3543 1505 3614 separatio
1528 3543 1646 3599 illorum.
1667 3544 1719 3600 llio
1740 3543 1840 3600 callide

188 3629 298 3702 peccati
312 3628 445 3702 [eriperet
457 3628 636 3701 deprecanti
649 3627 753 3682 secuto
765 3641 896 3697 nequem,
911 3624 992 3681 idest
1040 3629 1189 3701 respondet
1199 3630 1262 3698 illis,
1276 3632 1323 3703 qui
1333 3630 1498 3700 objiciebant
1506 3631 1555 3699 illi,
1567 3630 1689 3690 206
1700 3632 1777 3704 quod
1788 3632 1839 3689 lu-

190 3718 226 3774 de
240 3715 431 3775 conformitate
454 3713 597 3785 praesentis
620 3713 733 3778 mundi,
758 3712 804 3784 qui
827 3728 881 3768 nou
896 3712 989 3779 allicit,
1040 3718 1134 3774 daioos
1158 3717 1227 3773 ritus
1248 3734 1303 3774 non
1323 3726 1464 3790 pateretur
1484 3719 1511 3774 in
1536 3720 1669 3777 Ecclesiis
1692 3721 1759 3788 suis,
1784 3735 1840 3777 non

191 3813 217 3862 el
232 3812 309 3860 tanto
322 3803 384 3875 plus
398 3802 480 3874 capit,
496 3810 597 3874 quanto
612 3809 714 3856 aeterna
734 3800 823 3857 miuus
842 3799 989 3873 ridentur1.
1040 3805 1224 3879 intelligentes
1239 3808 1349 3862 petrum
1359 3806 1493 3878 impari,
1509 3808 1647 3881 nonquffl
1657 3806 1724 3864 fflud
1738 3823 1840 3881 29910.

189 3892 326 3963 Eriperet,
360 3890 432 3959 dico,
457 3889 534 3960 quasi
555 3889 582 3946 ri
613 3887 829 3946 conversationis
858 3888 937 3945 honre
957 3889 992 3945 de
1040 3894 1128 3963 buret,
1145 3895 1240 3951 sedne
1255 3895 1400 3950 ruditatem
1413 3892 1478 3951 fidei
1492 3911 1587 3952 eorum
1610 3896 1700 3968 potius
1713 3894 1757 3952 bis
1771 3911 1840 3953 ron·

191 3979 303 4046 saeculo,
314 3978 363 4034 sed
374 3994 505 4051 nequam,
518 3977 546 4032 id
557 3985 598 4033 esi
608 3977 758 4034 secundum
768 3976 914 4048 nequitiam
924 3992 992 4048 pec·
1041 3981 1212 4038 cessionibus
1243 3981 1424 4050 nutriendam,
1467 3998 1549 4056 quam
1580 3983 1664 4040 nimia
1693 3982 1841 4056 asperitate

87 4072 96 4084 '
190 4067 255 4135 cati,
272 4065 394 4123 Christus
408 4081 424 4122 a
438 4065 539 4122 seculo
558 4081 623 4122 suos
648 4065 739 4136 eripit.
765 4065 846 4134 Quod
869 4065 992 4121 Christus
1041 4070 1235 4126 destruendam
1259 4079 1384 4127 terreret.
1408 4072 1467 4129 lioc
1484 4079 1574 4128 autem
1598 4071 1664 4128 solis
1687 4072 1843 4144 patiebatur

190 4156 382 4213 inmoriemse
390 4153 474 4220 dedit,
482 4152 638 4211 hoolactum
648 4154 992 4210 estseccradumoclentc·
1040 4159 1141 4214 ludaels
1158 4174 1164 4214 :
1180 4159 1230 4215 sed
1248 4159 1346 4214 Paulus
1371 4160 1418 4233 qui
1440 4160 1567 4234 gentibus
1587 4159 1761 4232 predicabat,
1784 4176 1841 4219 non

193 4249 250 4302 tem
265 4245 315 4301 Dei
329 4247 358 4300 et
371 4244 467 4300 Patris
489 4245 591 4313 ιιοιινι,
608 4241 654 4315 qui
675 4241 738 4314 quia
758 4242 848 4317 legem
871 4241 992 4297 inutilem
1041 4246 1158 4303 habebat
1179 4247 1220 4304 eis
1242 4247 1383 4320 indulgere
1407 4248 1435 4303 in
1457 4249 1508 4303 his·
1523 4249 1552 4303 in
1584 4248 1682 4321 quibus
1702 4264 1843 4320 nunquam

191 4332 268 4402 vidit,
284 4340 313 4387 ut
325 4347 377 4388 nos
401 4331 526 4399 salvaret,
542 4347 575 4387 ex
598 4331 699 4403 pietate
714 4330 810 4387 Filium
825 4330 853 4386 iu
872 4336 1025 4398 mortemn
1040 4335 1156 4393 fuerant.
1180 4335 1259 4405 Quod
1280 4336 1360 4392 eriam
1383 4336 1567 4409 postmodum,
1586 4325 1619 4392 'ut
1641 4335 1710 4394 fides
1740 4336 1843 4394 Christi

194 4419 313 4475 tradidit.
340 4421 373 4476 Et
396 4419 458 4491 quia
482 4418 604 4474 Christus
619 4419 725 4475 dederit
749 4434 778 4474 se
798 4434 848 4491 pro
870 4417 991 4490 peccatis
1041 4425 1128 4481 solida
1145 4431 1225 4490 esset,
1243 4423 1388 4481 difficiliori
1407 4425 1502 4480 labore
1525 4424 1668 4483 destruere
1692 4433 1842 4497 oporteret.

192 4507 293 4564 nostris
307 4506 336 4562 in
353 4515 468 4563 mortem
493 4522 543 4578 per
564 4508 731 4563 voluntatem
755 4507 816 4573 Dei,
841 4507 937 4563 scitote
959 4521 993 4561 ex
1041 4514 1075 4569 Ει
1105 4511 1165 4584 quia
1189 4527 1240 4568 neo
1266 4512 1403 4583 angelum,
1433 4528 1484 4569 nec
1506 4513 1657 4585 apostolum
1684 4520 1845 4584 pateremur

193 4611 237 4662 eo,
254 4595 318 4667 quia
333 4597 381 4652 coi
395 4594 504 4651 Christo
517 4611 579 4652 oum
594 4597 652 4650 Deo
666 4599 708 4650 ert
730 4595 821 4666 picria
835 4594 870 4649 de
894 4593 992 4649 remis·
1040 4600 1113 4655 aliud
1129 4599 1207 4655 vobis
1221 4599 1424 4670 predicantem,
1437 4600 1519 4672 igitur
1529 4601 1551 4656 si
1562 4601 1622 4674 quis
1636 4601 1741 4672 pseudo
1755 4616 1844 4659 evan-

192 4682 269 4740 sione
284 4691 468 4755 peccatomm,
485 4699 541 4739 uon
553 4682 608 4756 legi
623 4684 655 4739 in
669 4682 728 4738 bac
740 4681 886 4754 praesentia
900 4698 990 4738 seca·
1042 4686 1200 4760 gelizarerit
1220 4688 1297 4743 robis
1320 4697 1421 4760 praeter
1444 4687 1472 4743 id
1497 4688 1572 4760 quod
1593 4689 1737 4762 accepistis
1751 4705 1768 4745 a
1785 4706 1843 4759 me,

193 4773 221 4828 lu
237 4792 246 4828 .·
261 4778 288 4828 et
302 4770 474 4844 permanebit
484 4770 512 4826 in
523 4769 623 4827 secula
636 4771 734 4827 borum
749 4771 916 4827 secutorum
930 4785 995 4827 con·
1042 4776 1187 4831 anathema
1201 4775 1244 4830 sit.
1262 4778 1295 4831 Et
1309 4777 1361 4833 hoc
1379 4792 1452 4834 nuno
1475 4776 1573 4832 iterum
1587 4777 1650 4834 dico
1664 4778 1700 4835 de
1720 4778 1843 4851 pseudo,

190 4859 322 4916 secutiva.
334 4859 433 4926 Amen,
445 4858 472 4913 id
483 4865 525 4913 est
535 4874 598 4914 vere
608 4861 650 4915 ito
663 4863 716 4927 est,
728 4857 802 4931 quod
813 4858 919 4914 Chrialo
929 4857 993 4933 glo·
1043 4863 1208 4919 sicutmodo
1223 4863 1334 4935 praediri
1350 4865 1384 4921 de
1399 4865 1477 4921 uobis
1494 4872 1520 4921 et
1534 4865 1569 4922 de
1593 4865 1702 4939 angelo.
1719 4866 1770 4923 Vel
1781 4866 1821 4922 ita
1836 4884 1845 4924 s

191 4946 241 5013 ria,
277 4961 331 5002 non
365 4946 430 5020 legi.
462 4948 553 5002 Amen
587 4948 750 5019 quandoque
786 4945 992 5013 affirmativum,
1043 4951 1244 5008 Praedixirobis
1254 4969 1315 5008 cum
1323 4954 1394 5024 apud
1405 4969 1454 5010 roa
1466 4969 1567 5021 essem,
1578 4970 1623 5011 me
1633 4969 1728 5011 omnes
1738 4955 1845 5027 pseudo

192 5032 354 5105 quandoque
370 5034 521 5105 optativum
536 5040 587 5090 est.
603 5035 636 5090 Et
652 5035 716 5107 quia
734 5035 859 5091 Christus
873 5034 948 5090 dedit
962 5050 994 5092 ae
1044 5039 1357 5109 excommunicaturum,
1374 5041 1414 5098 sio
1425 5041 1507 5099 etiam
1517 5060 1596 5101 nunc
1610 5044 1717 5100 iterum
1731 5045 1804 5103 dice.
1814 5044 1847 5103 Si

191 5119 375 5193 propeccatis
391 5123 493 5178 nostris
517 5122 667 5179 secundum
691 5124 857 5180 voluntatem
880 5123 941 5192 Dei,
966 5129 993 5179 et
1044 5129 1671 5204 paisociiseonnectiaaverit,proeteridqaod
1680 5133 1843 5205 accepistis,

190 5209 282 5283 legem
298 5209 446 5280 evacuarit,
462 5212 552 5267 miror·
562 5227 631 5284 ergo
654 5213 725 5285 pucd
746 5215 797 5280 sic,
823 5212 851 5267 id
866 5218 916 5278 est,
940 5220 993 5267 tam
1044 5218 1197 5274 anathema
1211 5219 1258 5274 sit.
1276 5217 1344 5274 Dico
1359 5220 1514 5276 anathemo
1528 5220 1576 5289 sit,
1593 5227 1620 5275 et
1634 5219 1687 5276 hoo
1702 5227 1729 5275 et
1743 5227 1844 5277 caetera

189 5299 367 5354 vehementer
392 5297 518 5354 omnibus
545 5299 678 5355 mandatis
701 5299 770 5356 meis
800 5299 951 5369 derelictis3
968 5307 995 5356 et
1044 5305 1196 5378 praemissa,
1213 5305 1300 5361 zelum
1316 5305 1417 5362 Christi
1431 5306 1536 5362 habens
1551 5307 1622 5374 dico,
1638 5307 1701 5379 quia
1714 5323 1750 5363 an
1765 5308 1844 5365 modo

193 5390 253 5454 iam
267 5388 323 5446 cliv
338 5405 348 5443 ··
364 5399 463 5468 pirum
476 5386 547 5449 enlm
563 5395 604 5444 est
618 5388 750 5466 temporis
762 5404 795 5445 ex
810 5403 864 5466 quo
879 5388 995 5446 discessi
1044 5395 1146 5453 suadeo
1159 5395 1328 5464 hominibus,
1345 5395 1428 5453 idest
1449 5410 1484 5453 an
1507 5396 1657 5453 secundum
1678 5396 1843 5457 voluntatem
