3742 5986
104 217 157 274 '123
512 215 685 274 GUIGONIS
707 216 720 270 l
741 212 946 272 CaR'l'HUSIAE
967 212 1115 271 balottls
1136 213 1276 270 emotus
1299 214 1332 269 V.
1705 213 1752 270 tat

140 341 167 394 5.
182 338 310 394 Nostrum
325 337 512 410 qualecunque
526 340 580 395 vile
594 338 770 411 propositum,
785 338 935 410 penuriam,
957 338 1015 394 beo
1042 338 1151 410 gratias,
1177 353 1240 394 raro
1254 335 1336 393 sentit
1358 342 1405 391 ant
1427 331 1631 390 abundantiam.
1648 332 1720 389 Nam
1733 336 1752 390 si

105 435 251 507 quisquam
265 433 344 488 nobis
357 434 448 505 pisces
461 442 509 490 aut
522 435 677 505 hujusmodi
692 435 796 491 miserit
810 433 922 508 aliquid,
937 449 970 490 ea
985 449 1124 502 mensura,
1140 442 1167 491 et
1181 434 1226 490 die
1240 431 1396 516 reficiendis
1409 429 1523 487 inferttu
1536 431 1685 503 tratribus,
1705 448 1753 507 qna

106 531 274 606 propositum
289 530 376 602 poscit
389 539 415 586 et
435 531 575 588 institutio.

778 628 975 685 CAPITULUbl
998 628 1081 684 XLll.

645 728 684 783 lle
697 727 790 784 divino
806 728 895 798 officio
908 728 1034 798 fratrum
1051 726 1198 782 laieorum.

140 827 166 878 l.
183 821 298 892 Quaead
312 822 507 877 monachorum
531 822 666 893 pertinent
690 820 911 889 consuetudines,
938 829 1018 892 prout
1041 821 1187 893 potuimus,
1210 821 1361 893 explicatis,
1387 837 1419 878 ea
1442 839 1504 895 quae
1526 822 1662 879 laicorum
1689 830 1754 889 sunt,

106 934 174 992 quos
187 934 335 976 conversos
354 934 493 985 vocamus,
514 920 630 976 Domino
642 920 765 988 juvante,
782 919 914 974 dicamus.
931 919 1045 990 Semper
1059 935 1120 974 cum
1134 919 1169 974 ad
1184 920 1329 976 matutinas
1352 921 1521 992 surgendum
1544 929 1598 988 est,
1614 921 1662 976 bis
1675 935 1754 991 parvo

104 1017 264 1090 interposito
279 1017 365 1087 spatio
379 1017 487 1089 signum
500 1017 632 1088 pulsatur.
649 1016 738 1071 l‘rimo
752 1024 949 1086 praeparantur,
966 1015 1088 1072 secundo
1103 1017 1138 1072 ad
1152 1016 1297 1074 ecclesiam
1307 1024 1414 1074 servata
1428 1019 1563 1090 gravitate
1580 1024 1753 1075 eoncurmnt.

104 1114 139 1169 Et
154 1113 177 1168 si
191 1112 302 1184 quidem
317 1113 474 1179 monachus,
492 1113 539 1184 qui
553 1113 593 1168 eis
607 1112 770 1183 praepositus
786 1118 836 1178 est,
853 1111 930 1167 adest
945 1127 1078 1183 praesens,
1089 1112 1210 1167 divinum
1225 1113 1265 1169 eis
1276 1112 1484 1184 officium,pene
1494 1123 1523 1170 ut
1532 1116 1755 1188 suprascriptum

102 1220 152 1283 est,
169 1211 337 1269 festinantius
352 1218 454 1278 tamen,
470 1213 610 1283 persolvit.
628 1212 715 1281 Quem
730 1213 782 1284 ipsi
796 1227 902 1269 summo
917 1211 1016 1279 studio,
1033 1212 1174 1268 silentium
1190 1212 1361 1287 quietemque
1386 1223 1535 1284 servantes,
1551 1214 1589 1269 ad
1603 1212 1752 1270 inclinatio

101 1325 152 1364 nes
162 1317 188 1365 et
198 1317 312 1364 ceteros
327 1307 799 1380 religiososcorporismotussedulo
809 1310 956 1366 imitantur.

136 1413 163 1465 Ξ.
180 1409 220 1463 Ex
236 1408 332 1479 quibus
347 1408 375 1462 in
390 1407 489 1478 vigiliis
505 1407 715 1474 solemnitatum,
741 1409 768 1465 in
790 1409 889 1482 quibus
914 1408 1062 1481 capitulum
1087 1418 1205 1478 tenetur,
1229 1411 1371 1481 medietas,
1396 1419 1477 1483 prout
1500 1427 1599 1468 eorum
1621 1410 1757 1483 patiuntur

105 1504 277 1572 obedientia,
294 1505 330 1560 ad
345 1521 491 1576 vesperum
504 1522 566 1560 cum
581 1521 597 1561 a
612 1506 669 1560 suis
685 1506 876 1579 disjunguntur
890 1506 1040 1577 laboribus,
1058 1509 1093 1564 ad
1108 1509 1276 1591 superiorem
1291 1509 1478 1566 conscendunt
1492 1508 1654 1580 ecclesiam,
1670 1516 1755 1564 matu·

105 1603 177 1661 tinas
192 1611 218 1659 et
234 1611 363 1660 caeterum
377 1619 485 1660 sacrum
500 1603 619 1660 officium
634 1605 771 1672 audituri;
787 1605 879 1676 ibique
893 1613 954 1678 post
968 1608 1166 1664 monachorum
1175 1607 1330 1678 capitulum,
1347 1607 1461 1664 verbum
1472 1605 1522 1663 Dei
1536 1621 1553 1661 a
1567 1604 1665 1678 priore
1679 1603 1757 1662 velab

105 1717 138 1761 eo
155 1700 198 1758 cui
212 1701 265 1759 hoc
283 1701 342 1774 ipse
353 1700 497 1771 injunxerit
511 1701 633 1770 audiunt,
651 1702 711 1758 etsi
725 1717 793 1774 quas
806 1702 908 1758 habent
922 1703 1086 1761 confitentur
1101 1703 1229 1761 offensas.

793 1852 1080 1911 COMMENTARIUS.

105 1992 273 2048 rumcunque
288 1975 462 2048 religionum,
478 1977 502 2032 si
511 1976 573 2032 illos
586 1977 630 2034 hic
645 1977 720 2033 obire
735 1977 905 2051 contigisset.
921 1979 948 2040 Α
994 1978 1148 2051 Capitulum
1163 1977 1235 2033 istud
1250 1977 1365 2033 relatum
1382 1976 1500 2032 babetur
1523 1975 1552 2031 in
1568 1975 1693 2048 antiquis
1707 1983 1758 2031 sta·

140 2066 223 2123 Num.
240 2068 266 2120 a.
283 2066 388 2121 Nomen
399 2081 462 2121 uero
477 2067 656 2139 cujusquam,
670 2073 723 2122 etc.
738 2082 791 2123 nec
806 2067 906 2137 cujus·
957 2067 1021 2122 tutis
1036 2067 1157 2124 secunda
1167 2073 1255 2138 parte,
1270 2082 1330 2137 cap.
1346 2069 1390 2132 19,
1400 2080 1476 2120 num.
1494 2067 1528 2131 ¹3
1544 2079 1611 2136 cap.
1628 2063 1759 2135 adprime

106 2170 191 2227 quom
202 2155 432 2209 anniuersarium
442 2170 479 2209 cx
489 2170 566 2210 moro
584 2155 704 2224 socient,
716 2161 768 2210 etc.
793 2154 911 2211 audiui·
956 2156 1055 2228 partis,
1072 2172 1146 2212 uum.
1162 2158 1205 2210 all.
1221 2158 1253 2213 al
1270 2164 1296 2211 et
1312 2157 1389 2223 lbet
1403 2169 1462 2228 cap.
1475 2154 1509 2210 rt
1524 2153 1658 2212 secundae
1667 2152 1757 2227 partis,

109 2242 403 2312 musentmqnosdum,
418 2249 469 2296 etc.
485 2240 908 2298 llicrationemaliertlt.P.Gui·
957 2261 1035 2299 num.
1054 2247 1099 2301 20.

107 2346 144 2404 go
156 2345 205 2387 cur
215 2329 267 2385 ista
276 2329 459 2385 anniversaria
470 2330 634 2401 repudiaret.
649 2330 821 2386 Consuetudo
836 2332 910 2386 enim
994 2333 1060 2387 Car.
1072 2333 1156 2388 XLll.
1169 2332 1296 2388 -Num
1308 2335 1333 2387 l.
1345 2332 1379 2387 Et
1390 2331 1414 2386 st
1424 2329 1536 2403 quidem
1546 2330 1708 2388 monachus
1716 2330 1759 2404 qul

107 2419 167 2474 istis
182 2418 351 2488 temporibus
363 2417 483 2490 vigebat,
510 2418 543 2474 de
558 2434 613 2490 qua
628 2418 684 2488 jam
708 2435 767 2488 cap.
785 2421 818 2473 ll
841 2419 909 2473 dixi·
960 2421 1000 2477 et'r
1011 2419 1253 2493 pt·aepositnr,etc.
1266 2419 1757 2492 Diuinnmeisoffictum,pcucutra·

106 2523 178 2573 mus,
200 2514 226 2562 et
248 2504 287 2561 ibi
312 2506 490 2578 explicuimus
515 2506 629 2578 qualiter
653 2505 846 2578 intelligendus
869 2513 911 2562 est
958 2526 1011 2581 pro
1023 2511 1222 2582 scriptumest,
1235 2508 1425 2580 festinantius
1437 2511 1543 2575 tumen,
1554 2507 1759 2580 percoluitl’er

109 2595 186 2652 locus
200 2595 256 2664 illo,
273 2595 391 2651 eurohic
402 2597 491 2651 rotatu
501 2597 627 2662 canitur,
645 2595 718 2666 quod
728 2595 771 2651 bic
787 2603 910 2668 repetere
959 2598 1120 2653 monachum
1134 2605 1338 2668 procuratorem
1360 2594 1494 2667 iutelligit,
1514 2602 1541 2651 et
1565 2611 1599 2650 ex
1622 2595 1677 2652 boc
1701 2594 1758 2651 loco

110 2683 277 2754 superfluum
291 2690 373 2738 esset.
960 2684 1053 2759 colligi
1068 2692 1158 2756 potest
1172 2685 1244 2757 quod
1260 2683 1338 2755 primi
1354 2685 1448 2739 Patres
1471 2690 1548 2740 recto
1570 2690 1636 2741 tono
1659 2683 1758 2756 psalle-

145 2771 215 2826 lbid.
229 2772 474 2840 Quoeeonsuetudo
485 2771 690 2827 abstinentiam
709 2771 783 2827 toltit
792 2775 820 2827 et
831 2786 912 2826 veno·
960 2782 1028 2829 rent.
1044 2775 1113 2829 Nam
1127 2789 1189 2830 cum
1205 2781 1310 2829 certum
1325 2772 1360 2827 sit
1383 2779 1588 2843 procuratorem
1603 2772 1697 2827 solum
1710 2786 1758 2827 non

20 2862 23 2867 ’
111 2861 159 2924 les,
185 2866 237 2915 etc.
257 2858 326 2914 Hinc
350 2865 424 2930 patet
448 2874 502 2930 quo
526 2875 635 2930 sempor
663 2859 721 2915 zelo
737 2859 913 2933 flagraverint
961 2862 1082 2933 potuisse
1097 2878 1158 2918 cum
1174 2861 1244 2917 notis
1259 2868 1343 2916 totum
1356 2858 1666 2931 officiumpersolvere3
1681 2867 1708 2917 et
1720 2859 1760 2915 bic

112 2949 205 3005 Patres
221 2947 317 3012 nostri,
335 2963 415 3018 quem
440 2947 520 3002 etiam
543 2947 571 3001 in
596 2947 711 3012 statutis,
729 2955 780 3001 tam
796 2946 913 3019 antiquis
962 2950 1068 3006 dicatur
1083 2950 1158 3021 quod
1175 2949 1295 3005 divinum
1309 2947 1427 3003 osticium
1443 2947 1483 3003 eis
1504 2947 1640 3018 persolvit
1655 2963 1724 3020 pane
1735 2954 1761 3003 ut

111 3051 191 3109 quam
200 3035 339 3090 modernis
350 3051 509 3107 expressum
526 3034 660 3103 videmus,
670 3036 704 3090 ad
719 3034 914 3090 eliminandum
964 3054 1048 3108 snpra
1063 3039 1191 3109 scriptum
1206 3044 1247 3092 est
1262 3037 1295 3093 de
1309 3036 1461 3104 monachis,
1484 3051 1516 3091 ea
1531 3043 1641 3091 tautum
1660 3044 1761 3092 serrata

112 3124 222 3179 anobis
244 3123 374 3195 quidquid
397 3131 507 3193 pactum
530 3123 635 3180 redolet
650 3138 700 3195 pro
716 3122 854 3179 beneficiis
870 3123 914 3182 de.
964 3120 1123 3186 differentia,
1139 3128 1168 3176 ut
1191 3119 1360 3176 festinantius
1384 3117 1504 3175 officium
1526 3119 1689 3190 persolvat,·
1703 3118 1762 3175 inda

110 3210 274 3267 sancitorum.
298 3211 348 3267 llic
371 3219 462 3267 autem
485 3211 590 3267 videtur
614 3228 674 3284 quae
690 3220 716 3267 ot
740 3212 828 3283 qualis
854 3219 912 3266 erut
965 3210 1105 3266 evidenter
1118 3216 1232 3280 apparet
1242 3208 1314 3280 quod
1328 3215 1490 3279 procurator
1513 3214 1590 3263 recto
1612 3214 1681 3264 tono
1703 3222 1762 3265 cau·

111 3299 280 3357 consuetudo
313 3309 406 3355 contra
437 3316 519 3372 quam
552 3300 688 3356 invehitur
716 3300 758 3356 vir
792 3307 949 3397 sanctus,B
966 3306 1044 3365 taret,
1061 3298 1130 3354 sicut
1155 3297 1182 3353 in
1205 3296 1322 3368 antiquis
1347 3295 1452 3351 statutis
1475 3303 1569 3367 aperte
1593 3294 1760 3367 exprimitur.

111 3388 234 3444 modeste
250 3395 349 3456 tanton,
361 3403 424 3442 nam
435 3388 526 3443 statim
538 3388 629 3443 subdit
645 3404 651 3442 :
671 3388 746 3458 Quod
759 3388 853 3460 siquis
865 3392 911 3443 to·
962 3389 1058 3442 Exstat
1073 3394 1164 3442 tamen
1178 3385 1289 3456 quidum
1304 3383 1434 3456 prologus
1444 3383 1472 3439 in
1483 3382 1570 3455 capite
1585 3383 1764 3456 quorumdam

114 3478 168 3533 tem
188 3476 423 3534 cortsuctudt'ncm
442 3478 617 3534 contentiose
629 3479 712 3549 jurat
731 3475 911 3546 laudabilem,
962 3473 1219 3545 antiphonariorum
1234 3473 1348 3544 positus,
1364 3472 1411 3544 qui
1430 3472 1463 3529 rt.
1479 3473 1512 3526 P.
1531 3471 1655 3545 Guigoni
1670 3471 1763 3528 tribui·

112 3580 170 3621 non
181 3567 352 3628 resistimus,
363 3573 417 3620 etc.
431 3565 485 3620 Sed
495 3564 851 3620 nihilominusintralimites
861 3580 913 3635 ge·
963 3572 1013 3618 tur.
1030 3563 1084 3618 Sed
1099 3579 1161 3617 cum
1176 3561 1214 3617 ibi
1232 3569 1335 3616 tantum
1361 3561 1396 3616 de
1418 3559 1605 3631 antiphonarii
1621 3560 1764 3633 ,composi-

112 3653 203 3710 nerosi
217 3654 268 3709 zeli
283 3662 357 3710 stare
373 3670 427 3709 non
444 3653 558 3720 desistit,
575 3669 728 3725 provocans
743 3653 834 3709 talium
849 3668 914 3708 con·
963 3652 1035 3708 tione
1051 3658 1155 3722 agatur,
1173 3659 1200 3705 et
1220 3657 1313 3706 cantus
1337 3647 1456 3703 studium
1478 3648 1580 3704 ibidem
1603 3648 1764 3721 parvipendi

112 3741 283 3797 suetudiuum
307 3750 434 3797 auctores
457 3749 483 3796 et
507 3740 624 3798 lautores
651 3742 686 3798 ad
708 3741 840 3811 judicium
863 3740 913 3796 Dei
963 3739 1096 3806 videatur,
1119 3737 1211 3793 sortior
1235 3737 1340 3792 videtur
1364 3736 1507 3808 praesentis
1530 3735 1584 3792 loci
1603 3737 1764 3802 auctoritas,

112 3829 351 3886 considerandum.
963 3843 1041 3899 quam
1057 3822 1164 3899 prologi
1179 3825 1266 3890 istius,
1284 3824 1377 3897 quide
1398 3824 1458 3880 solo
1473 3823 1576 3881 selectu
1591 3832 1620 3880 et
1634 3823 1765 3896 composi

149 3917 231 3972 Num.
248 3920 274 3972 ὅ.
300 3918 432 3975 Nostrum
453 3919 657 3991 quotocunque,
682 3925 734 3972 etc.
748 3917 912 3988 penuriam,
964 3916 1035 3971 tione
1051 3914 1148 3970 litterae
1162 3912 1350 3984 antiphonarii
1363 3911 1477 3984 intelligi
1502 3919 1601 3983 potest,
1620 3912 1666 3969 vel
1679 3912 1704 3969 si
1716 3911 1764 3969 ali·

113 4008 168 4062 lico
178 4006 297 4077 quotins,
310 4021 375 4061 roro
386 4007 475 4061 sentit
488 4009 539 4061 out
548 4005 765 4061 abundantium.
778 4003 906 4060 llicvide-
965 4019 1044 4075 quem
1060 4009 1169 4059 cantum
1187 4001 1319 4068 admittat,
1344 4000 1481 4056 diversum
1494 4016 1510 4054 a
1525 4000 1699 4073 Gregoriano
1712 4015 1764 4073 quo

113 4101 157 4149 tur
170 4108 252 4166 quam
266 4093 389 4149 modeste
404 4101 430 4148 et
441 4093 579 4148 humiliter
592 4093 626 4148 de
643 4109 672 4148 sc
689 4093 820 4148 sentirent
835 4091 914 4164 primi
964 4107 1036 4147 nunc
1046 4091 1153 4158 utimur,
1171 4097 1197 4145 et
1220 4105 1253 4145 eo
1276 4088 1484 4146 succinctioreru
1512 4087 1597 4145 luisse
1612 4105 1670 4145 non
1684 4088 1763 4146 dubi-

114 4183 206 4238 Patres
220 4182 317 4249 nostri,
334 4182 379 4254 qni
394 4182 506 4238 vilitatis
534 4182 684 4253 epithetum
705 4198 753 4236 suo
775 4181 914 4252 proposito
964 4186 1065 4235 umus.

114 4278 251 4336 attexunt,
281 4279 309 4326 ut
332 4271 506 4327 ostenderent
521 4279 649 4343 quantum
665 4270 795 4325 distarent
820 4269 855 4324 ab
869 4270 913 4324 in·
1000 4267 1069 4322 lbid.
1087 4267 1172 4336 Quem
1187 4267 1243 4338 ipsi
1257 4282 1365 4324 summo
1375 4265 1480 4324 studio.
1496 4266 1537 4321 Ex
1552 4266 1605 4324 hoc
1619 4267 1682 4326 loeo
1696 4275 1762 4323 etex

112 4359 232 4414 tentione
244 4359 399 4430 opinionem
423 4359 561 4415 hominum
590 4359 642 4413 sibi
655 4359 718 4413 inde
741 4358 912 4422 conciliandi,
964 4355 1088 4428 sequenti
1107 4355 1225 4426 capitulo
1248 4362 1358 4426 apparet
1383 4355 1465 4426 quod,
1491 4362 1630 4426 praesente
1653 4355 1760 4421 clerico,

114 4453 141 4504 et
166 4456 295 4518 quantum
326 4447 474 4513 humilitas,
503 4446 619 4516 abjectio
643 4455 669 4502 et
693 4446 780 4502 vilitas
805 4445 914 4502 averia
965 4445 1010 4517 qui
1034 4444 1154 4500 divinum
1178 4441 1295 4499 officium
1316 4442 1356 4499 eis
1375 4443 1415 4499 sic
1436 4443 1617 4513 persolveret,
1643 4444 1711 4499 nibil
1732 4459 1763 4500 ax

115 4534 297 4590 Carthusianis
312 4542 403 4590 essent
427 4552 535 4607 semper
549 4535 577 4589 in
600 4534 686 4605 pretio
701 4534 840 4590 trahenda.
856 4536 914 4605 hp·
966 4549 1012 4587 sua
1027 4541 1103 4603 parte
1117 4532 1248 4598 dicerent,
1274 4531 1323 4587 sed
1347 4531 1405 4587 sola
1427 4531 1590 4600 assistentia,
1617 4530 1763 4589 attentione

115 4630 193 4696 paret
226 4622 307 4678 etiam
331 4623 404 4694 qnod
428 4640 471 4677 res
489 4630 596 4678 riostras
619 4622 647 4676 in
672 4637 705 4676 eu
730 4622 914 4678 mediocritate
966 4628 992 4677 et
1024 4620 1250 4676 ceremoniarum
1274 4619 1432 4690 imitatione,
1453 4635 1520 4691 quas
1543 4634 1593 4692 per
1622 4622 1764 4693 religiosor

117 4710 243 4767 constitui
262 4709 372 4778 vellent,
398 4725 481 4781 quam
494 4727 509 4764 a
524 4711 581 4764 lleo
605 4710 713 4780 petebat
726 4709 855 4764 Salomon
870 4709 914 4764 di·
930 4699 1056 4767 Cmotus
1070 4708 1196 4780 exprimit
1210 4706 1378 4763 reverendus
1392 4707 1517 4780 scriptor,
1543 4705 1637 4764 officio
1659 4708 1763 4765 satista-

116 4814 183 4856 ccns
196 4798 423 4854 :llerrdtottutem
434 4801 461 4853 et
472 4799 586 4854 diuitias
597 4813 632 4853 ne
644 4797 751 4854 dederis
766 4797 847 4866 milti,
861 4805 912 4853 otc.
965 4805 1068 4856 cerunt.
1690 4870 1695 4879 =

118 4888 210 4957 (Pron.
224 4902 296 4954 xxx,
313 4886 350 4958 8).
989 4886 1308 4958 hamalumburc
1319 4885 1421 4956 capitit.
1434 4885 1651 4941 solemnitatum
1661 4888 1694 4942 in
1703 4888 1764 4960 qui·

153 4976 300 5031 lbid.ltcnt
310 4973 489 5046 atquisuobis
496 4976 588 5044 pisces
599 4978 649 5029 aut
660 4974 820 5044 lrnjnsrnodi
830 4975 914 5029 rn-ise-
965 4976 1015 5031 bns
1029 4975 1188 5046 capitulum
1205 4978 1328 5039 tenetur,
1341 4980 1393 5028 etc.
1404 4973 1443 5026 Ex
1459 4972 1510 5029 hoc
1525 4972 1587 5029 loco
1601 4974 1717 5030 evidens
1727 4980 1765 5030 est

116 5065 156 5121 rit
172 5063 289 5134 aliquid,
306 5070 357 5117 etc.
373 5062 423 5116 llic
437 5061 556 5133 loquitur
570 5078 620 5133 per
634 5061 832 5132 oppositionem
847 5077 914 5117 con·
965 5058 1038 5130 quod
1054 5059 1085 5114 tt.
1102 5058 1131 5112 P.
1145 5056 1233 5130 Guigo
1244 5056 1418 5129 quidcunque
1428 5054 1526 5112 festum
1538 5056 1650 5130 capituli
1664 5059 1764 5115 solem·

118 5150 255 5209 suetudini
269 5149 307 5204 illi
322 5167 402 5221 quam
416 5165 498 5220 supra
522 5151 697 5220 reprehendit
716 5150 743 5204 in
759 5149 857 5204 missas
871 5148 915 5204 la·
965 5147 1077 5202 nitatem
1092 5153 1178 5202 sucat.

117 5256 180 5300 cere
194 5238 294 5310 paratis
309 5238 388 5293 toties
403 5253 501 5308 nempe
516 5239 658 5308 splendido
668 5238 794 5309 epulandi
809 5238 915 5310 quoties
1002 5235 1070 5289 lbid.
1084 5235 1237 5290 llotctinus
1248 5238 1420 5290 etcoetcrum
1431 5250 1544 5290 sucrum
1555 5235 1767 5306 officiumaudt·

116 5328 199 5401 aliqui
213 5343 262 5397 pro
288 5326 344 5380 suis
365 5326 405 5380 eis
425 5326 558 5381 volueriut
572 5327 699 5383 exhibere
720 5326 873 5393 defunctis;
890 5335 916 5382 et
967 5326 1036 5390 turi,
1053 5330 1104 5378 etc.
1120 5323 1160 5377 De
1176 5322 1267 5376 auditu
1283 5322 1341 5376 solo
1361 5321 1442 5377 ollicii
1466 5321 1510 5378 hic
1525 5319 1554 5375 bt
1567 5324 1682 5391 mentio,
1712 5339 1765 5381 nun

118 5415 245 5488 exprimit
258 5413 374 5486 qualiter
389 5413 518 5468 utendum
540 5415 619 5470 nobis
639 5415 674 5469 sit
699 5414 857 5470 muneribus
882 5414 916 5468 ad
966 5411 1125 5467 recitatione
1141 5410 1241 5481 aliqua.
1258 5410 1312 5464 Cur
1329 5417 1418 5464 autem
1445 5408 1472 5463 id
1487 5416 1620 5465 mutatum
1636 5411 1727 5478 luerit,
1742 5419 1768 5468 ct

118 5520 170 5560 nos
192 5503 284 5559 missis
305 5518 356 5574 pro
375 5508 456 5573 pastu
478 5510 638 5573 conventus,
662 5518 721 5574 quae
748 5502 790 5557 his
813 5508 915 5557 tantum
967 5515 1039 5555 nunc
1060 5498 1146 5554 nostri
1179 5497 1315 5554 conversi.
1338 5504 1452 5554 canente
1474 5505 1622 5566 conventu,
1645 5499 1768 5558 officium

119 5590 215 5652 diebus
229 5590 424 5658 ministrantur,
441 5588 539 5667 quibus
553 5586 603 5668 per
617 5597 715 5647 statuta
728 5589 804 5651 licet.
967 5602 1045 5646 suum
1058 5585 1224 5664 persolvant,
1248 5594 1329 5660 prout
1355 5585 1468 5645 absente
1491 5585 1594 5648 clerico
1618 5587 1682 5649 illos
1705 5596 1767 5649 tunc
