3750 5984
126 158 183 216 137
267 177 273 183 ·
443 160 632 220 Exeosmo
647 163 684 220 IN
701 161 892 222 aristonis
914 161 1028 220 rahtt.
1044 193 1079 205 —
1093 162 1132 221 IN
1146 162 1255 222 arist.
1280 164 1293 221 1
1310 163 1359 221 ob
1380 164 1452 222 Tibi.
1721 165 1775 222 688

128 291 165 340 ιει
177 300 210 343 ex
226 300 268 352 eo,
284 286 351 360 quio
363 303 439 343 onus
453 292 496 345 est
517 290 599 356 bees,
614 288 643 344 id
668 297 710 346 est
731 298 841 347 creator
863 304 925 345 om·
938 287 1075 350 Adicaut.
1089 286 1160 357 Quia
1175 288 1199 344 si
1212 288 1339 360 discipuli
1359 289 1415 345 mei
1430 289 1487 347 reri
1511 296 1591 360 sunt,
1608 295 1715 346 constat
1728 304 1774 346 mc

128 372 216 430 nium.
233 374 355 448 Cumque
370 376 443 432 Deus
471 376 591 433 omnium
613 385 719 434 creator
740 378 792 446 sit,
818 385 930 434 nonest
979 375 1120 434 doctorem
1136 393 1232 434 eorum
1248 393 1304 433 non
1314 393 1375 433 esse
1387 377 1634 447 mendacemQuia
1646 377 1777 449 praedica-

128 476 211 517 causa
232 478 317 535 quare
341 463 534 538 benignitatem
559 481 635 521 suam
651 473 735 540 neget
748 466 805 536 uui,
835 474 861 521 et
884 465 930 523 det
979 471 1064 521 torem
1080 471 1107 521 et
1120 465 1280 538 Apostolum
1294 482 1324 521 εε
1338 466 1470 533 nominat,
1485 481 1540 524 nou
1555 465 1678 522 elationis
1692 464 1777 521 verba

129 549 209 606 alteri
241 558 382 621 creaturae,
404 568 486 625 quam
511 553 609 625 impius
643 554 737 627 utiquc
761 554 813 610 sibi
835 562 927 628 negat,
978 561 1049 619 suut,
1066 554 1116 610 sed
1130 562 1160 609 ut
1180 570 1228 626 per
1251 555 1321 611 hanc
1344 554 1532 610 auctoritatem
1553 554 1687 610 dictorum
1708 568 1776 610 suo-

129 636 194 709 quia
207 637 290 710 impie
305 640 370 713 agit,
388 641 462 696 salva
477 649 504 697 et
517 641 625 716 integra
640 644 804 714 perdurante
819 643 853 699 ad
866 659 928 698 om·
977 658 1039 696 rum
1053 641 1135 698 tidem
1160 643 1329 699 corroboret.
1746 690 1749 697 .

128 741 178 782 nes
193 726 360 800 benignitate
375 730 435 785 Dei.
448 730 513 787 lude
524 730 604 786 etiam
614 731 705 803 palam
719 739 760 787 est
770 732 844 804 quod
854 732 928 787 Deus
1016 730 1136 787 319
1151 731 1285 801 Quoniam
1308 731 1418 804 quidem
1443 730 1608 788 sufficienter
1630 731 1774 804 probatum

128 815 193 872 velit
207 831 304 872 omues
317 817 408 873 salvos
422 816 492 888 heri,
509 819 571 891 quia
584 836 653 876 unus
671 827 713 877 est
726 820 865 877 mediator
879 820 929 877 Dei
978 826 1019 875 est
1028 820 1163 876 orandum
1179 836 1240 876 esse
1256 836 1307 891 pro
1322 821 1448 876 omuibus
1461 821 1626 885 homiuibus,
1639 836 1701 892 erpo
1715 821 1775 878 voto

128 907 159 960 et
173 905 335 973 bominem,
350 913 377 962 et
390 922 444 963 non
459 907 551 978 plures
575 907 750 964 mediatores.
766 908 845 965 Unde
859 923 927 965 con·
977 910 1169 975 emecachor,
1186 916 1212 964 ει
1227 907 1357 966 mulieres
1371 925 1462 977 orcre,
1478 917 1507 965 ιιι
1516 909 1667 966 secundum
1681 907 1777 964 volun-

128 994 256 1064 statquia
271 995 397 1050 omnibus
419 1011 496 1068 seque
519 996 584 1053 velit
604 996 748 1068 proficere,
778 996 864 1052 tactus
887 1005 929 1053 cst
977 1004 1059 1052 tatem
1073 997 1124 1052 Dei
1139 997 1287 1052 salventur.
1314 997 1381 1053 Volo
1403 997 1494 1069 utique
1522 997 1597 1054 viros
1619 1013 1698 1054 orare
1721 1012 1777 1053 uon

127 1082 248 1136 omnium
263 1083 406 1139 mediator.
431 1083 554 1140 Christus
576 1085 710 1141 mediator
730 1085 839 1153 dicitur,
864 1086 928 1158 quia
978 1091 1081 1140 tanturn
1095 1084 1123 1139 in
1137 1085 1263 1153 ecclesia,
1281 1085 1329 1140 sed
1340 1085 1462 1141 ctiamirs
1474 1089 1552 1142 omni
1563 1087 1631 1152 loco,
1644 1086 1777 1142 babentes

126 1169 314 1225 duocxtrcmc
329 1178 356 1226 et
369 1186 386 1226 a
400 1188 430 1227 se
443 1188 556 1243 prorsus
579 1173 676 1241 divisa,
702 1175 791 1230 Deum
813 1172 926 1242 scilicet,
975 1188 1064 1245 puros
1079 1181 1257 1238 morsus‚etc.
1274 1173 1324 1230 llic
1348 1173 1428 1230 docet
1451 1172 1546 1246 quales
1569 1189 1600 1229 se
1624 1189 1776 1245 praeparare

124 1257 155 1311 in
171 1274 226 1329 quo
240 1258 329 1314 omnis
340 1260 453 1340 justitia,
470 1267 496 1317 et
526 1261 593 1316 nihil
617 1261 763 1331 iniustitiae,
788 1269 814 1317 et
836 1263 927 1317 homi·
977 1261 1094 1316 debeant
1112 1262 1146 1315 ad
1165 1261 1309 1317 orandum.
1333 1263 1417 1317 Purus
1439 1277 1537 1318 manus
1559 1271 1637 1319 vocat
1659 1261 1776 1317 mundas

125 1361 200 1414 nem,
218 1347 245 1401 iu
260 1363 314 1418 quo
330 1349 418 1404 omnis
433 1349 564 1418 iniustitia
578 1357 606 1405 et
621 1350 688 1405 nihil
709 1350 834 1420 justitia,
858 1364 926 1407 con·
977 1347 1145 1418 affectiones,
1170 1357 1199 1404 ut
1220 1349 1287 1404 nihil
1317 1349 1401 1406 velint
1421 1349 1481 1405 dari
1505 1350 1588 1405 sibia
1610 1351 1678 1417 Deo,
1703 1348 1776 1422 quod

125 1433 227 1490 cordes
241 1434 305 1491 tecit
318 1452 370 1507 per
384 1445 550 1509 assumptam
565 1438 617 1493 sibi
633 1439 835 1506 humanitatem,
847 1438 926 1508 iusti·
976 1438 1063 1492 Deum
1078 1437 1144 1493 dare
1164 1436 1242 1492 naias
1268 1438 1311 1504 sit,
1328 1437 1377 1493 sed
1404 1438 1518 1494 maxime
1539 1437 1659 1493 omnium
1681 1437 1775 1493 solra·

126 1520 213 1579 licens
228 1524 376 1581 hominem.
393 1525 492 1582 Probat
515 1527 606 1583 adhuc
628 1529 716 1583 Deum
737 1527 807 1584 selle
830 1543 926 1583 omnes
976 1525 1076 1581 tionem
1092 1525 1242 1596 postulent.
1271 1528 1362 1582 Poros
1380 1525 1442 1583 dico
1467 1527 1592 1583 levantes
1610 1541 1659 1596 per
1681 1525 1774 1581 incre·

124 1611 224 1666 salvari
239 1613 334 1669 dicens
352 1628 358 1668 :
374 1614 423 1669 Hic
439 1623 527 1670 autem
543 1615 688 1684 mediator,
708 1632 768 1672 cum
782 1616 810 1670 in
825 1616 926 1672 deitate
940 1621 1068 1706 Bmeuta
1082 1612 1147 1668 boui
1161 1614 1253 1685 operis
1263 1621 1290 1669 ει
1299 1614 1351 1684 piac
1371 1614 1511 1681 orationis,
1527 1622 1554 1670 ει
1567 1615 1621 1670 hoc
1638 1615 1700 1670 sire
1719 1615 1774 1679 iro,

125 1699 263 1772 gloriosus
279 1710 361 1767 esset,
377 1703 459 1758 homo
470 1702 557 1759 tactus
571 1712 622 1769 est,
633 1712 688 1758 tam
699 1704 760 1759 vilis
771 1720 816 1759 res
828 1711 855 1760 ει
870 1712 926 1759 tam
976 1699 1003 1755 id
1018 1708 1060 1755 est
1074 1701 1133 1757 siue
1147 1701 1210 1757 odio
1230 1701 1355 1773 proximi.
1372 1700 1425 1770 Qui
1439 1701 1510 1757 enim
1533 1702 1590 1758 odit
1612 1700 1774 1773 proximum,

126 1788 322 1845 contumeliosa
342 1791 414 1861 quod
430 1807 569 1863 nunquam
593 1790 680 1859 tieret,
696 1792 749 1847 nisi
773 1792 854 1848 vellet
868 1793 926 1848 sul-
976 1788 1012 1843 ab
1023 1789 1773 1862 unitateEcclesiaesediscerpit.Etsinedicceptctione,

124 1890 191 1932 vare
213 1877 347 1934 homiues.
374 1879 423 1935 llic
447 1888 538 1935 autem
559 1880 694 1937 mediator
717 1888 759 1936 est
784 1881 924 1948 Christus,
975 1876 1003 1931 id
1019 1878 1130 1932 estsine
1142 1876 1399 1946 diffidentia,orate‚
1416 1876 1479 1932 tacti
1490 1876 1557 1932 tales
1568 1876 1663 1949 quoles
1678 1875 1776 1933 timore

123 1963 271 2020 immolans
286 1966 451 2023 sacrificium
476 1984 526 2040 pro
551 1969 629 2024 uobis
657 1969 833 2040 semetipsum
846 1971 924 2039 Deo,
975 1965 1080 2035 peccati
1093 1981 1148 2020 uon
1166 1973 1293 2036 oporteat
1307 1965 1458 2036 disceptare
1471 1980 1507 2020 on
1519 1967 1593 2020 Deus
1613 1965 1726 2020 daturus
1740 1964 1776 2021 sit

124 2047 153 2107 ει
167 2068 216 2108 rex
231 2053 353 2127 dirigens
368 2069 418 2111 uos
433 2056 467 2110 ad
491 2057 680 2113 salvationem.
705 2058 755 2113 llic
774 2066 865 2113 autem
885 2065 927 2113 est
975 2052 1053 2109 robis
1078 2053 1152 2124 quod
1185 2053 1285 2124 petitis,
1311 2068 1407 2110 necne.
1428 2052 1510 2121 Quasi
1541 2053 1665 2109 diceret:
1692 2051 1775 2108 Orate

121 2141 204 2196 tesns
220 2142 338 2199 salrator
352 2160 432 2215 quem
447 2144 499 2200 hoc
515 2160 614 2200 nomen
622 2145 748 2219 designat
759 2145 926 2202 Salvatorem
975 2156 1037 2197 cum
1055 2141 1201 2198 dilectione
1219 2142 1268 2197 Dei
1287 2150 1313 2198 ει
1333 2141 1459 2213 proximi.
1472 2143 1600 2199 Mulieres
1613 2143 1701 2198 etium
1712 2155 1774 2197 cum

123 2229 256 2298 omnium,
283 2233 333 2304 poi
356 2232 481 2288 Christus
502 2233 581 2288 iesus
595 2234 673 2289 dedit
691 2234 923 2307 redemptionem,
974 2229 1039 2284 viris
1054 2229 1115 2285 volo
1132 2245 1221 2297 orere,
1238 2229 1362 2286 similiter
1386 2230 1445 2286 sine
1466 2230 1507 2285 ira
1529 2238 1556 2285 et
1578 2229 1775 2300 disceptatione

120 2332 175 2374 nec
189 2332 286 2373 aarum
302 2319 345 2376 vel
360 2329 523 2394 argentum,
540 2321 589 2378 sed
611 2323 796 2396 semetipsum
810 2323 925 2394 pretium
974 2318 1121 2374 existentes
1135 2319 1168 2374 in
1179 2319 1288 2384 babitu,
1300 2334 1355 2374 nou
1371 2319 1416 2390 qui
1425 2326 1502 2374 ornet
1510 2318 1580 2386 illas,
1597 2318 1647 2374 sed
1662 2321 1773 2387 armato,

121 2405 200 2462 dedit
213 2422 265 2479 pro
280 2409 411 2465 omnibus
426 2410 603 2466 redimendis.
972 2405 1001 2461 id
1015 2413 1056 2462 εει
1071 2407 1115 2478 qui
1130 2415 1239 2462 ornetur
1253 2406 1366 2473 abillis,
1382 2407 1455 2479 quod
1477 2413 1551 2461 tanta
1565 2406 1601 2461 sit
1622 2405 1775 2463 reverentis

162 2495 217 2551 Sed
239 2494 303 2552 licet
326 2512 381 2553 non
403 2498 529 2554 omnibus
550 2498 667 2569 pretium
691 2498 757 2554 illud
781 2498 921 2570 profuerit,
973 2495 1116 2550 mulierum
1131 2503 1160 2549 ιιι
1175 2495 1255 2551 ειιειιι
1269 2510 1360 2550 εειιιιιι
1382 2494 1545 2550 ιεειιιιιειιιιι
1567 2494 1710 2550 videantur
1724 2509 1773 2550 or·

123 2582 189 2655 quia
218 2584 245 2638 in
269 2583 407 2656 impietate
438 2586 660 2658 perduraverunt,
687 2587 811 2643 Christus
835 2594 923 2643 tamen
972 2592 1044 2651 nata,
1062 2583 1125 2654 quia
1140 2591 1242 2640 sauctae
1262 2582 1391 2638 mulieres
1412 2583 1466 2638 iilis
1488 2590 1607 2639 utantur.
1631 2584 1773 2638 blaneutea

120 2671 240 2742 pretium
256 2672 340 2738 dedit,
357 2674 430 2746 quod
445 2674 581 2731 sufficiens
595 2683 667 2731 essct
692 2675 769 2730 soluti
791 2677 921 2746 omnium,
973 2688 1038 2728 cum
1051 2673 1231 2737 verecundie,
1244 2670 1658 2743 utpudibuudaeomniaiaciant,
1669 2675 1771 2727 etcum

122 2759 147 2814 si
162 2774 259 2816 omnes
274 2762 338 2818 boni
353 2779 414 2819 esse
433 2764 546 2820 vellent.
576 2766 611 2820 Et
633 2764 696 2836 quia
723 2780 774 2836 pro
797 2764 923 2821 omnihus
972 2761 1124 2817 sobrietate
1132 2759 1196 2831 cibi,
1211 2768 1292 2831 potus
1307 2767 1334 2816 ει
1348 2759 1505 2816 verborum.
1526 2759 1595 2815 Cum
1610 2759 1671 2815 aliis
1685 2759 1771 2815 virtu-

121 2846 339 2919 redemptionem
362 2852 447 2918 dedit,
472 2867 569 2908 omues
592 2868 669 2924 aeque
691 2852 797 2908 salvare
818 2852 920 2921 voluit,
972 2848 1044 2904 tibus
1058 2849 1108 2904 has
1123 2849 1193 2905 duas
1207 2848 1325 2904 maxime
1340 2848 1513 2904 commendat
1522 2847 1691 2916 mulieribus,
1707 2848 1772 2920 quia

121 2937 205 3007 cujus
216 2936 256 2992 rei
271 2937 396 3010 (scilicet,
413 2939 487 3011 quod
501 2955 596 2996 omues
610 2940 666 2995 vult
689 2940 779 2997 salvos
796 2939 864 3012 fieri)
882 2944 923 2997 te·
973 2937 1040 2992 vidit
1061 2952 1110 2992 ess
1132 2937 1250 2993 maxime
1282 2937 1406 2993 laborare
1426 2937 1524 2992 morbo
1545 2935 1721 3007 impudicitias
1744 2943 1772 2993 ει

120 3024 292 3082 stimonium
301 3028 502 3097 confirmatam
511 3036 562 3095 εει,
573 3028 635 3101 quia
647 3030 719 3100 quod
729 3030 869 3100 propheta
883 3036 921 3085 ιε
934 3000 957 3061 ⁰
971 3025 1201 3096 intemperantiae.
1212 3026 1339 3082 Mulieres
1351 3026 1413 3082 dico
1423 3029 1558 3083 omcrites
1568 3041 1662 3081 senon
1676 3024 1769 3080 intor-

121 3112 185 3167 stati
199 3121 262 3168 aunt
275 3122 338 3170 ante
353 3115 491 3171 Christum
505 3116 540 3172 de
554 3133 588 3173 eo
603 3116 751 3183 salvatore,
773 3116 919 3173 confirma-
970 3114 1149 3182 thematibus,
1162 3119 1212 3172 cut
1224 3131 1306 3183 curo,
1319 3116 1554 3185 cutmcrgoritia
1566 3114 1608 3171 uel
1618 3117 1769 3186 vestepre-

121 3199 162 3256 sit
174 3200 311 3269 Christus,
327 3203 465 3275 implendo
478 3204 570 3260 omnio
594 3221 655 3277 quaa
668 3205 703 3261 de
723 3221 753 3260 se
777 3206 919 3277 prophetae
971 3204 1053 3268 tiosc,
1071 3202 1099 3257 id
1113 3211 1155 3258 εει
1170 3219 1227 3260 nou
1242 3203 1383 3258 studentes
1392 3202 1476 3258 cultui
1485 3218 1641 3274 corporum,
1658 3202 1708 3258 scd
1718 3218 1770 3274 per

119 3285 309 3356 pmdixerant.
325 3288 390 3344 Haec
404 3296 492 3344 autem
503 3305 553 3360 per
563 3289 747 3360 impletionem
760 3288 919 3345 confirmato
969 3290 1041 3346 bona
1050 3306 1133 3361 opera
1144 3307 1205 3363 quae
1215 3291 1282 3347 toris
1293 3299 1451 3363 operantur,
1463 3293 1663 3363 promittentes
1676 3291 1769 3364 pieto-

119 3380 183 3428 aunt
198 3376 369 3447 temporibus
382 3378 461 3444 scis,
477 3378 561 3432 idest
583 3377 731 3450 magmis,
747 3385 777 3433 ut
791 3377 918 3433 ιιειιιιιιιε
970 3383 1038 3446 tem,
1054 3379 1082 3433 id
1096 3386 1137 3434 est
1151 3379 1178 3434 iu
1194 3380 1336 3451 propatulo
1355 3379 1492 3435 mittentes
1514 3379 1674 3452 religionem
1687 3395 1767 3435 men-

117 3460 217 3517 Cbristi
232 3464 349 3535 quodam
368 3472 489 3536 tempore
512 3465 541 3520 iu
563 3465 626 3529 alio.
652 3465 745 3536 passio
769 3473 796 3521 ει
818 3474 918 3522 caetera
968 3467 1002 3521 tis
1015 3482 1066 3539 per
1075 3468 1377 3540 touomopercticcem
1387 3467 1532 3522 exhibitam
1542 3466 1619 3522 toris.
1639 3468 1670 3522 ln
1684 3483 1769 3523 orau-

117 3548 153 3606 de
166 3550 276 3607 Christo
290 3552 408 3608 dirersis
423 3554 601 3625 temporibus.
618 3553 678 3608 Nisi
692 3553 765 3609 enim
780 3554 917 3609 Christum
967 3554 1004 3610 do
1019 3553 1081 3610 volo
1096 3554 1171 3609 viros
1182 3561 1208 3609 et
1218 3553 1345 3609 mulieres
1358 3553 1460 3608 similes
1471 3568 1552 3620 esse3
1570 3553 1618 3609 sed
1628 3554 1656 3608 in
1665 3554 1768 3610 docen-

117 3639 272 3695 testimonia
299 3643 492 3713 prophetarum
516 3642 731 3713 precessissent,
755 3658 851 3714 parum
873 3644 917 3699 vel
967 3643 1013 3709 do,
1029 3641 1072 3698 vel
1091 3641 1286 3713 interrogando
1315 3641 1377 3698 volo
1400 3641 1547 3697 dissimiles
1569 3657 1641 3697 esse.
1667 3642 1768 3698 ttulier

117 3726 185 3782 nihil
199 3729 359 3786 crederetur
373 3731 407 3797 ei,
426 3732 497 3803 quod
521 3730 594 3787 idem
617 3731 713 3797 innuit,
733 3747 794 3787 cum
809 3731 917 3789 duobus
967 3731 1040 3787 enim
1054 3731 1156 3799 diseat,
1173 3729 1265 3786 audiat
1286 3744 1440 3787 sermonem
1454 3729 1482 3784 in
1506 3729 1631 3796 ecclesia,
1650 3746 1705 3785 non
1719 3729 1765 3785 in-

115 3815 258 3887 discipulis
281 3826 343 3889 post
365 3819 596 3875 resurrectionem
626 3835 762 3890 apparens
784 3819 821 3875 ait
837 3836 844 3876 ι
863 3841 874 3871 ι
891 3820 915 3878 0
967 3819 1141 3890 terrogando‚
1159 3835 1248 3890 neque
1263 3817 1466 3889 respondendo,
1482 3818 1531 3873 sed
1545 3819 1579 3872 sit
1595 3820 1625 3874 irs
1639 3819 1764 3887 silentio,

115 3903 189 3959 stulti
204 3913 231 3960 ει
245 3906 313 3961 tardi
328 3908 412 3963 corde
427 3907 462 3962 ad
477 3908 646 3964 credendum
661 3909 688 3962 in
703 3908 745 3963 his
759 3925 821 3981 que
834 3908 916 3965 locuti
966 3915 993 3963 et
1007 3908 1030 3962 si
1046 3908 1072 3962 iu
1087 3907 1177 3979 aliquo
1193 3907 1310 3972 haesitat,
1325 3906 1508 3963 cumvenerit
1529 3907 1651 3973 domum,
1674 3907 1764 3962 virum

117 4000 180 4049 suut
189 3995 330 4066 prophotas
340 3997 418 4064 (tue.
428 4011 509 4062 xxxv,
520 3998 577 4066 25),
590 4019 601 4044 ι
614 4004 666 4052 ειε.
678 3996 758 4066 Quod
766 3996 846 4052 etiam
856 3997 916 4068 ipse
965 3995 1125 4069 interroget.
1140 3995 1234 4051 Discat
1248 4002 1338 4050 autem
1353 3995 1380 4049 in
1395 3994 1503 4050 silentio
1523 4011 1588 4051 cem
1604 3997 1683 4051 omni
1697 3995 1763 4051 sob-

114 4079 180 4136 alibi
195 4081 224 4135 in
237 4079 388 4152 Evangelio
402 4079 439 4136 ait
455 4097 462 4134 ι
478 4082 508 4135 ln
524 4080 576 4136 hoc
598 4088 640 4135 est
662 4081 775 4136 verbum
796 4097 913 4137 verum:
961 4085 1095 4156 jectione,
1109 4091 1171 4155 post
1184 4083 1257 4139 viros
1272 4084 1370 4139 stando
1385 4083 1474 4155 capite
1494 4083 1594 4150 velato,
1610 4092 1721 4154 aspectu
1736 4084 1764 4138 in

115 4169 194 4240 quod·
204 4168 274 4224 alius
287 4176 329 4223 est
343 4167 389 4240 qui
404 4168 530 4233 seminat,
546 4177 573 4224 ει
588 4168 656 4223 ειιιιε
669 4168 716 4240 qui
729 4169 806 4224 metit
820 4171 912 4238 (toan.
965 4179 1066 4226 terram
1082 4169 1145 4226 hxo.
1163 4172 1230 4228 Cum
1246 4172 1319 4226 euim
1337 4172 1366 4226 in
1387 4172 1502 4228 ccclesia
1521 4172 1707 4237 convenimus,
1723 4171 1762 4226 ibi

114 4270 154 4327 tv,
184 4257 271 4328 37).ι
301 4257 443 4328 Prophetae
468 4257 580 4328 quidem
603 4258 814 4324 seminaverunt,
838 4257 914 4313 Chri·
963 4259 1052 4315 iudici
1066 4267 1305 4331 repraeseutamur,
1322 4276 1403 4330 quem
1418 4276 1469 4331 per
1487 4259 1676 4316 seductionem
1697 4276 1762 4314 mu-

115 4352 174 4401 stus
187 4353 280 4401 autem
294 4360 356 4401 cum
370 4345 500 4416 apostolis
515 4346 572 4400 suis
587 4345 700 4400 seminis
723 4345 827 4402 tructus
851 4345 910 4402 col·
925 4347 1038 4414 nlieris
1052 4347 1080 4401 iu
1099 4348 1167 4403 iram
1182 4347 1412 4418 provocavimus;
1429 4347 1506 4416 cuius
1519 4347 1558 4403 rei
1578 4363 1684 4404 memor
1696 4363 1760 4404 mu-

112 4432 191 4508 legit.
208 4434 248 4490 xd
264 4434 335 4489 idem
351 4434 532 4505 probandum,
549 4434 622 4506 quod
640 4435 715 4490 Deus
738 4434 794 4490 vult
815 4450 911 4491 omnes
960 4436 1021 4500 lier,
1038 4435 1111 4508 quod
1125 4435 1207 4491 totius
1221 4434 1381 4507 perditionis
1403 4443 1497 4491 auctor
1519 4434 1610 4503 tuerit,
1640 4435 1669 4492 iu
1695 4452 1762 4504 pras-

111 4522 288 4590 columbari,
304 4522 493 4579 auctoritatem
508 4537 588 4578 suam
604 4522 723 4589 adducit,
743 4522 838 4579 dicens
854 4539 861 4579 :
878 4524 911 4579 lc
962 4524 1048 4579 sentia
1061 4523 1164 4580 iudicis
1179 4524 1293 4578 multum
1309 4523 1391 4579 debet
1406 4523 1593 4580 verecundari.
1610 4524 1644 4581 Ut
1658 4525 1760 4593 discat,

111 4627 176 4685 quo,
192 4610 221 4665 id
235 4619 276 4666 εει
291 4610 318 4666 in
335 4625 388 4683 qua
404 4627 432 4666 re
442 4611 627 4682 praedicanda,
639 4611 742 4668 scilicet
751 4612 824 4684 quod
836 4612 911 4681 Dcps
961 4613 1083 4669 concedo
1096 4612 1214 4669 mulieri.
1231 4615 1332 4669 Docere
1346 4616 1444 4668 actem
1462 4611 1551 4669 virum
1565 4612 1690 4668 doctrina
1704 4613 1760 4683 spi-

109 4714 161 4771 pro
176 4699 265 4757 solute
278 4699 401 4755 omnium
414 4699 530 4770 pretium
558 4699 664 4755 dederit
685 4699 861 4771 semetipsum
884 4708 911 4756 ει
961 4701 1032 4756 ritali
1042 4701 1107 4757 illud
1116 4703 1198 4758 nullo
1207 4701 1289 4758 modo
1297 4702 1433 4774 permitto
1442 4701 1664 4771 muliebreque
1673 4700 1759 4755 domi-

110 4794 212 4843 otetera
227 4804 287 4859 quae
300 4787 445 4859 praemissa
459 4796 531 4854 suut,
543 4803 596 4861 ego
608 4791 717 4860 positus
732 4805 794 4844 soor
805 4788 910 4862 predi·
960 4791 1026 4846 cori
1035 4790 1125 4862 aliquo
1140 4789 1253 4861 spiritali
1276 4787 1443 4845 dominicis
1460 4790 1562 4854 cirum,
1586 4788 1634 4844 sed
1648 4803 1758 4859 semper

109 4880 191 4932 ector
203 4891 220 4929 a
233 4877 302 4942 Deo,
318 4883 348 4931 ut
361 4877 412 4932 hoc
432 4876 576 4947 praedicem
600 4876 736 4943 omnibus,
753 4884 780 4931 et
802 4891 911 4948 magnas
960 4894 1085 4935 essenon
1097 4879 1185 4935 solum
1200 4879 1232 4934 trs
1246 4878 1361 4934 silentio
1383 4874 1569 4950 interrogandi
1584 4876 1628 4931 vel
1642 4891 1758 4948 respou-

108 4962 250 5037 dignitatis
263 4964 437 5035 praedicator,
453 4965 518 5036 quia
542 4965 621 5020 etiam
643 4966 792 5038 Apostolos
808 4965 910 5022 adhoc
960 4966 1052 5035 dandi,
1068 4967 1116 5022 sed
1132 4967 1211 5023 etiam
1227 4966 1255 5022 in
1278 4965 1385 5022 silentio
1411 4965 1603 5023 contabulandi
1627 4982 1689 5023 cum
1705 4966 1758 5022 ali-

108 5051 315 5122 praedicandum
327 5052 502 5120 constitutus,
519 5059 612 5123 elego
630 5054 727 5123 procul
750 5053 834 5109 dubio
849 5053 909 5111 dico
960 5071 1015 5127 quo
1027 5055 1055 5110 iu
1074 5055 1190 5112 ecclesia

105 5141 259 5210 veritates,
276 5156 328 5197 nec
341 5141 369 5196 in
384 5141 505 5213 qualibet
526 5156 580 5197 uua
603 5149 680 5213 parto
702 5141 750 5197 sed
770 5143 808 5197 itu
836 5142 910 5214 quod
995 5144 1060 5200 ldeo
1073 5144 1170 5201 mulier
1183 5158 1238 5199 nou
1263 5144 1345 5200 debet
1368 5141 1503 5199 dominari
1521 5141 1548 5197 in
1568 5142 1665 5214 virum,
1689 5146 1756 5218 quic

106 5244 166 5284 nora
180 5228 279 5284 alicubi
304 5230 437 5296 mentior,
462 5237 489 5285 ει
510 5245 563 5300 ego
583 5229 639 5299 jam
663 5231 824 5286 constitutus
848 5247 909 5287 sum
959 5232 1048 5287 Adam
1063 5233 1172 5304 primus
1181 5235 1322 5304 formatus
1331 5234 1384 5297 est,
1396 5230 1567 5288 deindelivc.
1579 5230 1654 5288 Ordo
1664 5239 1756 5289 autem

104 5317 204 5373 doctor
216 5319 346 5388 pestium
360 5321 392 5374 ic
400 5319 455 5388 fide
465 5321 494 5374 et
504 5319 635 5384 veritate,
647 5319 674 5373 id
686 5326 728 5374 est
741 5318 798 5388 jam
808 5319 909 5375 multos
959 5321 1106 5376 creationis
1119 5336 1215 5376 eorum
1230 5320 1320 5392 signat
1338 5319 1427 5377 uirum
1450 5318 1550 5375 debere
1573 5320 1707 5376 dominari
1729 5320 1757 5377 ιιι

105 5404 258 5480 discipulos
272 5407 364 5474 docui,
380 5406 427 5479 qui
441 5405 538 5464 fideles
560 5415 623 5462 ειιιιι
638 5415 665 5463 ει
679 5406 821 5464 veritatem
834 5424 907 5480 prae-
958 5409 1110 5477 mulierem,
1126 5425 1181 5466 nou
1195 5409 1339 5466 mulierem
1353 5408 1381 5464 iu
1396 5407 1492 5465 virum
1512 5407 1579 5464 Gum
1604 5407 1677 5466 enim
1692 5416 1756 5469 autc
