3742 5986
112 189 169 244 209
428 184 619 244 Exrosmo
634 187 673 244 IN
684 185 875 246 EPISTOLAS
903 187 1015 246 PAULI.
1031 218 1066 232 -
1079 189 1117 246 IN
1132 188 1241 246 EPIST.
1262 189 1340 269 1qu
1359 189 1439 248 COR.
1705 194 1759 250 210
1804 165 1805 169 Ἰ

115 309 213 366 dicens
230 324 236 363 :
253 309 325 365 Mors
340 325 390 382 per
413 309 551 367 Christum
566 311 729 380 destruetur,
746 320 774 369 et
786 310 949 374 huminesA
963 311 1045 370 fidem
1060 314 1281 372 resurrectionis.
1300 313 1354 371 Per
1361 316 1415 372 hou
1429 313 1501 387 quod
1515 313 1580 370 dicit
1593 315 1698 386 reduci,
1710 317 1768 372 no-'

116 405 183 454 tune
198 405 346 470 resurgent
362 413 369 453 :
390 399 527 473 alloquin,
542 399 570 455 id
586 408 626 456 est
641 400 664 455 si
679 401 755 457 dicas
783 417 838 457 non
852 417 913 457 esse
962 408 1001 457 tat
1016 402 1176 460 seductores
1190 419 1252 459 esse
1266 403 1338 458 inter
1352 419 1410 459 eos.
1435 402 1524 459 Nolite
1544 403 1659 459 credere
1673 404 1758 459 sedu-

117 486 348 543 resurrectionem
358 495 536 554 mortuorum,
547 489 613 561 quid
623 491 733 561 fument
744 489 782 544 illi
792 491 840 563 qui
849 490 914 561 bup-
963 490 1092 546 oloribus.
1108 491 1178 546 Nam
1193 492 1450 564 culluqnlnillornrn
1463 492 1541 548 mula
1551 507 1606 547 non
1620 491 1707 547 solum
1722 489 1757 545 fr-

118 576 252 631 tinuntur
264 593 316 647 pro
340 577 485 634 mortuis?
504 577 601 651 Tangit
616 577 661 635 bic
688 579 837 650 reprobum
852 595 912 634 mu·
962 579 1141 635 demviolant
1158 595 1164 634 :
1181 580 1325 636 sedetiam
1355 585 1543 654 corrumpunt
1556 580 1639 636 bunus
1654 596 1755 639 mures.

114 680 173 719 rem
189 664 382 737 quorumdam,
402 666 458 738 qui,
484 666 574 722 audito
590 666 663 738 quod
691 666 854 723 resurrectio
868 666 913 722 fu·
962 665 1013 734 Qui
1028 667 1101 722 enim
1115 667 1233 723 futuram
1248 667 1331 724 vitam
1350 684 1405 724 non
1429 668 1523 736 credit,
1552 668 1645 725 nescio
1673 684 1759 740 quare

116 758 179 807 tura
208 759 280 808 esset
308 767 401 808 eorum
431 753 476 825 qui
504 753 716 825 baptizarentur,
733 771 793 812 cum
822 762 914 811 essent
962 754 1041 810 bonis
1056 755 1177 812 moribus
1190 756 1296 812 laboret
1315 757 1464 813 adhaerere.
1480 757 1515 812 Et
1533 756 1758 813 neaseduutori-

114 839 258 911 baptizati,
273 840 372 896 iterum
395 841 457 898 locu
484 841 601 897 infidelis
629 843 714 914 patris
729 845 785 914 jam
812 843 913 900 rnortui
963 842 1013 898 bus
1028 844 1248 915 corrumpamini,
1264 845 1397 918 eulqilutu
1412 845 1446 900 ad
1461 846 1514 901 hoc
1541 853 1570 900 ut
1597 844 1657 900 sitis
1669 845 1755 917 justi,

113 929 290 1000 baptizabant
304 945 334 984 se
350 944 357 983 τ
374 937 403 985 ut
417 930 456 986 sic
470 939 545 1002 pater
566 931 609 987 vel
630 941 718 988 mater
744 932 913 988 salvarentur
962 940 989 988 et
1000 940 1028 986 ut
1039 931 1172 1001 justitiam
1186 933 1364 989 conservetis.
1383 934 1475 990 Nolite
1490 933 1604 989 ulterius
1620 949 1757 1007 percura:

113 1017 142 1072 in
156 1017 371 1074 resurreetione.
396 1019 430 1074 Et
449 1019 501 1076 hoc
527 1019 633 1077 adducit
658 1020 691 1075 ad
719 1022 913 1077 verecundiam
961 1020 1147 1076 necessarium
1156 1028 1197 1076 est
1207 1029 1235 1075 ut
1250 1021 1397 1095 evigiletis.
1411 1021 1531 1089 Quidum
1540 1023 1618 1078 enim
1628 1021 1698 1077 inter
1707 1035 1758 1077 vos

115 1105 318 1161 Corinthiorum
335 1124 341 1161 :
357 1106 421 1178 quia
437 1106 460 1161 si
473 1107 510 1163 illi
525 1108 649 1178 perversi
664 1117 764 1165 tantam
783 1108 863 1165 fidem
877 1110 912 1165 de
962 1109 1066 1164 babent
1080 1109 1274 1179 incurrentium
1282 1109 1341 1178 Dei,
1356 1110 1383 1164 id
1394 1117 1435 1165 est
1450 1109 1575 1181 ignorant
1589 1109 1754 1181 nequitatem,

115 1194 315 1250 resurrectione
342 1194 489 1262 habebant,
527 1204 629 1268 quanto
666 1197 753 1270 magis
782 1197 912 1253 Corinthii
962 1204 989 1253 et
1008 1195 1091 1251 fidem
1099 1196 1202 1253 Deizet
1217 1197 1269 1253 hoc
1280 1198 1375 1270 luquur
1384 1198 1457 1254 uubis
1471 1198 1507 1253 ud
1522 1200 1720 1264 reuerentiam,
1730 1196 1758 1251 id

114 1282 249 1339 deberent
264 1282 492 1339 resurrectionem
511 1284 648 1340 credere?
665 1285 764 1340 Littera
792 1285 831 1342 sic
846 1294 887 1341 est
904 1304 910 1341 :
961 1285 1052 1340 estad
1068 1284 1308 1356 erubescentiam),
1324 1293 1353 1341 ut
1366 1285 1587 1343 verecundemini
1607 1286 1641 1342 de
1655 1300 1755 1357 pecca-

114 1369 187 1440 Quid
202 1370 303 1426 facient
326 1370 364 1425 illi
380 1371 426 1443 qui
452 1371 622 1443 baptizantur
649 1389 697 1444 pro
720 1373 834 1429 mortuis
863 1391 912 1446 spe
961 1373 994 1428 tis
1017 1373 1125 1429 vestris.

112 1459 291 1533 resurgendi,
308 1460 458 1515 siumninu
473 1463 580 1517 mortui
595 1477 653 1518 nun
681 1463 860 1534 resurquntl
877 1466 911 1522 Ut
997 1462 1143 1534 Postquam
1157 1462 1258 1518 Paulus
1272 1478 1321 1534 per
1331 1462 1501 1518 necessarias
1511 1462 1638 1530 rationes,
1654 1478 1704 1533 per
1718 1462 1756 1517 in·

111 1549 179 1622 quid
189 1548 281 1604 ctiam
290 1548 474 1620 baptizantur
489 1565 540 1621 pru
557 1550 617 1605 illia
625 1549 807 1619 justificandis
823 1566 830 1604 ε
849 1567 909 1606 cum
961 1550 1148 1606 convenientia
1163 1567 1224 1623 quae
1238 1550 1301 1606 inde
1316 1551 1487 1623 proveniunt,
1517 1551 1614 1608 iterum
1639 1567 1688 1623 per
1703 1566 1756 1623 po-

111 1651 162 1692 nec
200 1635 240 1690 illi
273 1635 474 1706 justificentur?
498 1637 525 1692 Si
559 1637 631 1693 enirn
661 1637 872 1708 justificarentur
894 1654 946 1727 “B
962 1638 1073 1693 tentiam
1088 1638 1197 1707 Christi,
1214 1638 1332 1694 futuram
1361 1639 1592 1695 resurrectionem
1620 1639 1756 1712 approba-

109 1723 234 1796 pecoatis
264 1731 291 1779 et
315 1732 498 1797 resurgerent.
519 1725 569 1781 Vel
588 1726 666 1781 aliter
688 1725 728 1782 sic
745 1742 751 1780 :
767 1727 909 1800 Alioquin,
961 1725 1008 1792 vit,
1020 1725 1076 1782 vult
1091 1726 1164 1781 illam
1178 1728 1328 1798 approbare
1354 1743 1403 1798 per
1432 1727 1521 1799 legem
1548 1735 1653 1783 naturae
1670 1743 1675 1781 :
1693 1727 1756 1799 quia

110 1813 136 1866 id
153 1820 199 1868 est
213 1812 238 1866 si
252 1813 415 1868 resurreetio
430 1829 483 1868 non
494 1820 544 1880 est,
555 1813 739 1886 quidsucient
750 1814 911 1888 illiquibup·
960 1814 1079 1869 humana
1107 1814 1239 1885 sapientia
1261 1814 1351 1888 magis
1380 1823 1583 1887 argumentatur
1606 1815 1755 1871 secundum

112 1901 435 1972 linunturprumurtuis
451 1900 589 1972 operibus,
602 1901 629 1956 id
653 1909 694 1957 est
711 1917 761 1972 pro
777 1902 908 1973 peccatis,
963 1902 1171 1974 passibilitatem
1200 1902 1427 1976 [possibilitatem]
1453 1910 1566 1959 naturae.
1582 1903 1668 1972 Quasi
1681 1903 1757 1960 dice·

111 2005 174 2061 qua*
186 1996 303 2044 mortem
311 1989 665 2060 operantur‘lllaptizantur
674 1989 736 2046 dico
760 2006 808 2061 spe
817 2007 910 2046 resur·
959 1998 1000 2046 ret
1016 2006 1022 2046 :
1038 1991 1113 2048 Licet
1128 1991 1254 2062 superius
1269 1991 1496 2047 resumectionem
1513 1992 1579 2047 satis
1615 1991 1755 2063 approba-

111 2076 252 2132 rectiunis.
277 2077 310 2131 Et
329 2075 394 2148 quid
426 2075 535 2143 facient,
557 2077 579 2131 si
603 2077 714 2133 omnino
736 2078 834 2134 mortui
854 2095 911 2133 non
959 2078 1056 2145 verim,
1075 2083 1170 2134 lumen
1184 2079 1335 2136 secundum
1350 2079 1439 2152 legem
1467 2087 1571 2135 naturae
1588 2079 1752 2149 objiciendo,

110 2163 286 2238 resurgunt?
297 2166 330 2222 tn
344 2164 410 2237 quid
430 2164 512 2220 etiam
536 2166 720 2238 baptizantur
733 2182 784 2239 pru
795 2167 866 2235 illia,
882 2167 909 2222 id
960 2167 1031 2223 dicit
1040 2166 1107 2221 mibi
1121 2168 1249 2240 uliquis:
1272 2166 1406 2239 quumudu
1434 2173 1588 2240 resurgunt
1606 2169 1713 2225 mortui
1726 2168 1755 2223 in

111 2261 161 2322 est,
178 2259 210 2307 ut
221 2250 405 2321 justificentur
419 2267 435 2307 a
450 2246 594 2323 peccatis?
610 2254 657 2310 Vel
668 2254 765 2312 aliter:
776 2256 909 2328 Alioquin
961 2254 1100 2326 pulverem
1114 2255 1170 2324 jam
1182 2253 1441 2311 dissolutifNatura
1451 2255 1618 2311 nonvidetur
1627 2256 1678 2311 hoc
1687 2255 1754 2327 pati.

110 2341 130 2396 si
145 2356 205 2396 non
220 2348 368 2412 resurgunt
382 2340 493 2407 mortui,
510 2341 577 2414 quid
586 2343 695 2414 socient
707 2342 745 2396 illi
756 2343 908 2416 qulbupll·
959 2343 1061 2398 lterum
1076 2342 1099 2397 si
1113 2343 1304 2414 aliquomodo
1318 2343 1407 2414 pulvis
1421 2343 1468 2399 ille
1494 2343 1705 2416 conglutinatur,
1721 2351 1758 2398 ta·

111 2433 279 2502 nanturpru
290 2431 456 2494 scmurluir,
473 2429 501 2495 id
517 2438 557 2486 est
566 2429 761 2487 mortificandis
775 2439 906 2502 peccato:
960 2447 1023 2486 men
1036 2432 1115 2504 quula'
1127 2447 1241 2504 corpure
1257 2433 1370 2488 venunt
1392 2431 1515 2487 homines
1530 2431 1575 2504 qui
1588 2432 1756 2504 resurgent?

110 2517 159 2574 Vel
175 2534 230 2590 pro
241 2533 271 2573 se
296 2516 466 2574 mortificatis
479 2534 530 2589 per
556 2527 698 2590 peccatum
713 2520 784 2575 Deo.
804 2520 909 2576 Caetera
959 2520 1031 2574 Num
1052 2519 1127 2576 credi
1141 2527 1230 2590 potest
1244 2526 1273 2574 ut
1287 2527 1362 2574 tanta
1377 2519 1464 2591 gloria
1478 2519 1565 2591 possit
1588 2519 1681 2575 venire
1695 2519 1755 2574 dis-

111 2607 182 2664 sicut
196 2606 270 2662 dicta
284 2613 354 2661 sunt.
380 2607 480 2661 lterum
495 2607 517 2661 si
547 2608 711 2664 resurrectio
739 2615 907 2663 mortuorum
960 2605 1049 2663 soluto
1057 2607 1173 2679 pulveri,
1186 2615 1215 2662 ut
1226 2614 1254 2663 tu
1264 2608 1516 2679 praedicasfPriori
1526 2608 1674 2679 respondet
1683 2624 1756 2679 quae-

110 2711 165 2751 non
181 2701 234 2763 est,
246 2695 352 2764 utquid
359 2695 448 2750 utinm
458 2710 508 2751 nus
516 2695 631 2767 apostoli
640 2697 841 2768 periclitamur
849 2714 907 2754 una-
959 2696 1051 2751 stioni.
1068 2697 1169 2751 Natura
1184 2696 1253 2752 bene
1269 2696 1369 2767 patitur
1394 2704 1517 2752 mortuus
1544 2711 1698 2768 resurgere.
1714 2697 1752 2750 ll·

109 2786 140 2840 ni
149 2783 223 2838 burn
233 2784 314 2838 fNon
321 2782 395 2837 enim
405 2781 486 2838 finem
495 2784 593 2839 habent
603 2783 788 2840 tribulationes
796 2792 905 2854 nostrae,
958 2785 1005 2840 lud
1016 2784 1168 2857 enimquod
1184 2792 1211 2839 tu
1225 2785 1374 2858 insipiens,
1387 2784 1474 2856 quide
1487 2784 1690 2842 resurrectione
1702 2785 1753 2840 du·

109 2869 556 2944 quasgandemuspatispefuturae
567 2871 905 2929 149resurrectionis.
959 2873 1039 2940 bitas,
1054 2888 1158 2940 semen,
1175 2872 1295 2945 inquam,
1311 2872 1387 2940 illud,
1413 2873 1484 2946 quod
1501 2877 1533 2929 lu
1555 2873 1679 2929 ruminus
1693 2889 1752 2928 non

109 2960 185 3016 Vere
212 2958 401 3030 periclitamur
417 2977 424 3013 ι
440 2975 502 3013 nam
530 2960 654 3032 quotidie
677 2961 790 3028 munior,
814 2961 841 3015 id
866 2967 907 3016 est
958 2962 1129 3031 vivificatur,
1145 2961 1173 3016 id
1200 2968 1242 3017 est
1265 2961 1339 3017 nullu
1354 2962 1436 3018 modo
1464 2962 1556 3018 rivere
1583 2968 1683 3033 potest,
1695 2962 1753 3018 nist

107 3046 337 3118 periculamortis
350 3048 447 3119 patior,
459 3051 567 3115 fratres,
581 3053 697 3121 propter
715 3053 837 3106 uestrum
847 3050 905 3121 qlu-
956 3052 1039 3121 priua
1062 3051 1211 3117 moriatur,
1229 3057 1255 3105 et
1277 3056 1478 3121 computrescat
1495 3064 1501 3105 :
1521 3049 1750 3121 quemadmodum

107 3138 196 3203 mum,
221 3143 253 3191 ut
266 3151 316 3191 vos
346 3135 422 3207 digni
437 3136 496 3191 sitis
522 3136 609 3208 gloria
623 3136 839 3193 resurrectionis.
857 3138 906 3193 Vel
956 3137 1034 3193 vides
1059 3138 1131 3209 quod
1149 3145 1257 3209 oportet
1272 3154 1367 3194 semen
1395 3136 1545 3209 putrefieri,
1559 3144 1589 3193 ut
1602 3137 1642 3194 sio
1655 3145 1749 3209 postea

108 3223 262 3280 secundnm
289 3224 612 3297 Augustinumzblurior,
642 3232 669 3280 et
696 3225 749 3280 hoc
777 3225 837 3295 juro
856 3242 907 3296 per
956 3226 1094 3281 vivat:ne
1109 3226 1216 3281 dubites
1228 3226 1286 3295 iam
1300 3226 1437 3282 bominem
1452 3226 1547 3282 iterum
1561 3234 1624 3298 post
1638 3234 1751 3282 mortem

106 3319 230 3368 vestram
241 3311 367 3385 gloriam,
380 3311 478 3368 fratres
497 3330 503 3368 :
519 3330 602 3386 quum
613 3312 729 3386 gloriam
737 3330 786 3384 spe
796 3313 906 3385 quidem
957 3314 1048 3369 vivere
1062 3328 1155 3385 posse,
1168 3329 1230 3369 cum
1245 3330 1296 3385 per
1309 3316 1663 3385 mortemoporteatvivere.
1681 3315 1750 3370 Pro-

104 3402 160 3471 jam
191 3400 288 3467 babeo,
318 3402 349 3456 in
374 3400 484 3458 Christo
498 3403 565 3459 lusu
590 3402 709 3458 Domino
722 3406 819 3460 nuslru
835 3423 844 3458 :
860 3401 906 3473 qui
956 3401 1000 3455 bat
1014 3400 1095 3456 aliam
1110 3400 1296 3473 questionem,
1313 3400 1429 3456 futuram
1444 3401 1546 3458 scilieet
1560 3401 1749 3475 gloriamcor-

104 3490 161 3560 jam
178 3488 306 3563 ingloria
320 3504 473 3545 cumcurne
488 3505 549 3545 mea
564 3490 724 3546 resurrexit.
746 3488 809 3557 'Qut
824 3490 906 3546 etiam
958 3505 1066 3560 porum,
1083 3489 1206 3558 ejusdem
1221 3488 1333 3544 seminis
1357 3489 1541 3559 similitudine,
1556 3489 1650 3546 dicens
1662 3503 1668 3543 :
1681 3491 1751 3545 Vere

107 3586 137 3633 nt
150 3594 248 3633 secum
263 3593 435 3649 resurgerem
448 3579 609 3649 promeruit.
632 3578 660 3634 Si
688 3579 784 3633 iterum
809 3579 906 3634 mortui
956 3577 984 3631 in
999 3577 1096 3647 majori
1111 3576 1201 3650 gloria
1215 3592 1361 3648 corporum
1375 3577 1569 3633 venient.Nam
1585 3576 1749 3649 quodsumi·

106 3682 163 3722 non
178 3674 348 3739 resurgunt:
365 3666 430 3738 quid
440 3666 506 3721 mihi
520 3667 631 3738 prodest
646 3668 671 3723 sl
684 3667 838 3723 secundum
854 3666 905 3722 bu·
956 3682 1010 3721 nur
1026 3673 1063 3734 tu,
1079 3681 1138 3721 non
1149 3665 1268 3721 seminas
1282 3665 1455 3737 illudcurpus
1470 3664 1541 3738 quod
1554 3669 1747 3737 futurumusf,

104 3757 227 3823 minem,
239 3755 266 3809 id
281 3763 323 3810 est
337 3755 488 3811 secundum
511 3756 637 3812 humanas
664 3755 777 3810 rationis
805 3764 904 3827 poten·
954 3754 1135 3810 aedsemlnua
1145 3755 1255 3810 nudum
1268 3768 1410 3826 qrunum:
1426 3769 1523 3824 corpus
1531 3761 1621 3809 autern
1629 3752 1664 3807 de
1673 3752 1747 3808 nudo

103 3843 179 3898 tiam.
197 3841 407 3898 Velseuundum
428 3843 566 3898 bominem
582 3858 588 3896 :
605 3843 668 3915 quia
684 3858 736 3914 ego
751 3844 849 3909 humo,
865 3843 904 3897 illi
955 3858 1042 3915 gram
1059 3841 1175 3897 futurum
1202 3843 1287 3897 multa
1301 3857 1398 3914 grana,
1422 3842 1517 3914 paleas
1533 3850 1559 3897 et
1574 3841 1678 3898 culmos
1706 3847 1748 3896 est

102 3930 212 3987 bastire.
228 3930 382 3986 Secundum
395 3929 532 3986 hominem
555 3931 646 4003 utique
666 3932 789 4003 puqnuui
804 3935 904 3988 contro
953 3930 1116 3985 habiturum.
1129 3930 1257 3985 Similiter
1271 3947 1325 3986 non
1341 3931 1374 3985 sit
1386 3930 1433 3985 tibi
1456 3930 1616 4000 absurdum,
1633 3929 1655 3985 si
1669 3929 1747 3986 dica·

103 4021 211 4076 bustim
226 4018 336 4092 llpltcrl,
353 4018 380 4073 id
396 4026 437 4074 est
451 4026 547 4076 contra
566 4019 736 4091 Ephesianos
750 4019 901 4075 bestiales:
953 4035 1013 4074 mus
1030 4033 1146 4090 corpora
1161 4027 1255 4075 nostra
1270 4019 1299 4073 iu
1322 4019 1420 4089 majori
1447 4018 1535 4090 gloria
1561 4025 1748 4074 resurrectura

103 4108 168 4181 quia
205 4106 431 4163 resurrectionem
460 4106 597 4180 negando,
627 4108 766 4164 hominem
792 4108 820 4161 in
850 4109 903 4164 huc
953 4123 1034 4178 quam
1049 4107 1094 4164 hic
1109 4107 1284 4163 seminentur.
1300 4107 1339 4162 Tu
1352 4107 1471 4162 seminas
1494 4107 1594 4161 nudum
1618 4121 1744 4179 granum,

102 4197 208 4252 mundo
246 4194 333 4251 solum
360 4196 452 4252 vivere
479 4196 594 4263 dicunt,
625 4196 697 4268 quod
740 4204 767 4252 et
808 4196 903 4253 bestiae
952 4198 1065 4266 utputa,
1077 4194 1104 4249 id
1119 4202 1160 4249 est
1176 4195 1245 4250 sicut
1256 4202 1298 4250 est
1313 4211 1427 4266 granum
1438 4195 1539 4262 tritici,
1555 4197 1606 4249 unt
1617 4209 1745 4266 granum,

103 4284 221 4342 iaciunt.
952 4283 1077 4353 alicujus
1091 4286 1263 4338 craterarum
1277 4286 1413 4355 sequium.
1426 4284 1464 4337 Tu
1493 4281 1614 4337 seminas
1641 4281 1745 4336 nudum

140 4373 225 4442 Quid,
241 4372 361 4444 inquam,
378 4371 424 4428 illa
442 4389 532 4445 pugna
547 4373 757 4446 minimulum,
774 4372 825 4427 uisi
839 4361 1086 4444 posthranum3
1116 4370 1164 4425 red
1191 4373 1266 4427 Deua
1286 4371 1336 4426 dut
1360 4371 1406 4426 illi
1446 4385 1532 4442 granu
1547 4385 1647 4443 corpus
1671 4370 1747 4425 nunt

102 4470 221 4518 mortem
236 4460 377 4515 habiturus
393 4461 444 4515 sim
471 4460 610 4532 gloriam?
627 4461 740 4531 Ephesii
763 4461 902 4534 negabant
950 4461 1022 4522 vulf,
1040 4456 1178 4513 fertilitate
1192 4473 1356 4531 granorum,
1373 4458 1511 4529 spicarum
1540 4464 1566 4514 et
1593 4457 1745 4514 culmorum

103 4549 338 4606 resurrectionem
355 4564 362 4603 τ
381 4556 475 4604 contra
489 4565 557 4620 quos
581 4548 681 4604 Paulus
695 4549 779 4604 multo
807 4549 901 4604 labore
951 4545 1101 4618 gloriosum
1118 4563 1125 4601 z
1141 4551 1170 4602 et
1193 4548 1346 4620 unicuique
1363 4555 1452 4603 tamen
1471 4545 1589 4603 150
1604 4547 1746 4603 seminum

102 4637 262 4710 disputavit,
279 4637 433 4708 approbans
447 4636 564 4692 futuram
580 4654 641 4693 esse
662 4637 900 4693 resurrectionem.
952 4635 1041 4690 reddit
1063 4638 1210 4708 proprium
1233 4652 1333 4707 corpur
1351 4655 1361 4691 .·
1379 4635 1442 4707 quia
1469 4635 1492 4689 si
1515 4634 1675 4691 seminatum
1705 4640 1747 4689 est

104 4727 142 4782 Et
169 4725 391 4798 quandoquidem
416 4725 565 4782 secundum
595 4741 644 4782 vos
668 4726 722 4781 vita
744 4741 799 4779 non
819 4732 902 4780 restat
951 4723 1078 4787 triticum,
1094 4723 1204 4794 pullulat
1233 4723 1368 4790 triticum;
1385 4723 1466 4779 etsie
1491 4723 1520 4776 in
1548 4721 1686 4777 identitate
1703 4737 1746 4776 se-

103 4821 168 4887 post
183 4816 254 4870 banc
271 4832 277 4868 :
294 4814 360 4868 nibil
387 4814 441 4883 jam
467 4813 540 4869 aliud
568 4814 702 4886 agendum
727 4821 769 4869 est
785 4829 791 4867 :
808 4813 860 4868 nisi
873 4820 902 4868 ut
951 4812 1053 4867 minum
1065 4811 1172 4884 singula
1186 4827 1273 4885 grana
1300 4817 1456 4885 resurgunt,
1477 4819 1501 4866 et
1529 4811 1582 4866 hoc
1602 4809 1630 4864 in
1654 4825 1747 4866 exem·

103 4903 284 4974 desperantes
312 4901 517 4958 manducemus
544 4906 572 4958 ct
600 4903 725 4958 libamen
741 4922 750 4957 .·
768 4901 901 4972 quianon
951 4900 1025 4971 plum
1039 4900 1186 4956 meliorata
1213 4899 1434 4969 resurrectionis,
1463 4914 1517 4954 non
1545 4897 1653 4954 amissae
1681 4898 1747 4954 sub-

102 4991 177 5046 ultra
202 4989 299 5045 victuri
326 4990 476 5046 moriemur
499 4991 563 5058 (lau.
590 4993 723 5056 xr11,13;
738 4991 802 5062 Suq.
819 4989 901 5060 ruti.)
952 4988 1066 5043 stantiae.
1083 4988 1203 5060 Cumque
1218 5003 1313 5044 omnes
1328 4988 1356 5043 in
1384 4989 1436 5043 boc
1463 4986 1644 5051 conveniant,
1672 4986 1746 5058 quod

102 5080 163 5135 lloc
182 5078 297 5134 verbum
321 5078 449 5135 dixemnt
476 5079 571 5144 ludaei,
589 5093 650 5134 cum
672 5077 860 5151 affligerentur
873 5078 901 5132 in
951 5076 1156 5131 resurrectionis
1184 5076 1300 5149 gloriam
1333 5083 1395 5131 sunt
1423 5074 1540 5130 habituri
1563 5075 1590 5129 in
1605 5089 1639 5130 eo
1654 5082 1747 5130 lamen

103 5167 263 5239 captivitate
283 5166 437 5238 Babylonis,
455 5175 481 5222 et
504 5167 680 5238 desperarent
706 5167 740 5221 de
768 5166 901 5235 adjutorio
951 5164 1077 5219 differunt
1106 5164 1179 5234 quod
1203 5165 1311 5236 quidam
1340 5163 1526 5237 gloriosiorem
1540 5170 1602 5219 sunt
1616 5163 1746 5230 babituri,

101 5256 165 5312 Dei.
178 5254 309 5311 Similiter
322 5254 368 5326 qui
382 5255 609 5311 resurrectionem
624 5262 734 5328 negant,
751 5255 785 5310 de
800 5253 901 5310 auxilio
952 5251 1060 5324 quidam
1088 5267 1142 5307 non
1157 5252 1235 5318 adeo,
1259 5253 1407 5309 secundum
1422 5251 1601 5308 differentiam
1629 5251 1745 5306 merito-

102 5351 131 5400 et
144 5343 267 5416 potentia
281 5343 331 5398 Dei
346 5342 502 5415 desperant.
520 5345 554 5398 Et
577 5343 650 5415 quia,
668 5342 776 5409 fratres,
793 5359 846 5398 non
861 5343 900 5400 sic
950 5357 1020 5396 rum.
1036 5340 1146 5396 Diceret
1160 5341 1257 5413 aliquis
1274 5358 1280 5395 :
1297 5340 1365 5396 Cum
1379 5340 1468 5397 omnis
1496 5341 1633 5397 bominum
1661 5345 1749 5393 mate·

101 5441 146 5489 est
157 5431 370 5503 desperandum,
387 5431 435 5487 sed
443 5432 477 5486 de
486 5431 686 5488 resurrectione
697 5430 899 5499 confidendum,
952 5429 992 5485 rin
1007 5447 1040 5485 ex
1055 5429 1158 5486 eisdem
1173 5436 1277 5486 constet
1293 5429 1446 5497 elementis,
1462 5428 1568 5484 videtur
1576 5424 1607 5482 ut'
1614 5425 1748 5497 quidquid

100 5521 165 5580 ldcu
181 5521 272 5577 nolite
285 5520 382 5578 reduci
397 5520 670 5593 apseuduapostulis,
683 5520 728 5593 qui
739 5520 902 5578 nonhabent
951 5518 999 5577 uni
1015 5517 1178 5588 conferetur,
1200 5526 1286 5575 toturn
1300 5518 1329 5574 in
1344 5520 1396 5578 alio
1424 5515 1564 5593 possideat
1576 5513 1673 5572 similis
1687 5530 1749 5572 ma-
