3742 5986
99 127 152 184 943
293 72 296 77 Ι
493 122 496 127 ’
529 122 562 179 S.
585 120 744 186 HUGONIS
762 119 872 178 urtsc.
893 118 1054 177 LINCOLN.
1076 119 1159 178 otto.
1180 119 1307 178 cautu.
1702 119 1754 174 stt

101 251 181 307 4485.
195 246 336 305 Nominari
355 255 447 304 autem
467 247 588 319 potuisse
610 262 627 303 a
649 263 717 319 rege
743 246 1043 319 walterum-pragam
1058 245 1210 317 anglorum
1237 243 1391 302 infirmitate
1410 251 1511 302 tactum
1537 242 1660 300 visitavit
1673 258 1695 298 44
1710 242 1750 298 44.

101 334 173 378 anuo
188 323 268 387 4488,
297 319 370 376 circa
385 333 509 375 mensem
531 318 665 386 Martium,
696 325 789 398 posset
818 333 851 373 ex
866 333 899 373 eo
950 316 1021 373 Nou.
1041 316 1270 372 »Etdemumad
1284 319 1465 372 4444444488
1481 330 1488 370 :
1507 313 1751 387 «Rexllnglomm

103 390 197 465 colligi
212 387 285 463 quod
299 388 425 446 Galterus
439 401 512 445 anno
536 392 615 458 4484,
636 388 664 443 in
677 387 899 459 dreEpiphaniae,
951 402 1092 444 unacum
1121 388 1216 469 regina
1243 386 1271 441 in
1295 389 1336 442 An
1357 387 1420 442 liam
1457 386 1592 442 transiens
1617 385 1647 439 in
1672 392 1752 456 portu

102 461 294 535 resignaverit,
323 459 462 517 Walterus
477 459 502 514 ei
516 458 626 531 quidem
650 459 823 525 successerit,
852 457 901 514 sed
952 459 1086 514 Hamtone
1095 457 1222 529 applicuit
1237 474 1254 514 4
1267 457 1326 512 4444.
1338 403 1412 513 §laih
1430 477 1441 507 ι
1459 456 1488 513 Si
1502 456 1586 538 igitur
1601 472 1653 511 rex
1679 470 1752 510 anno

34 584 37 589 .
105 532 228 590 nonnisi
250 531 331 587 unius
344 530 408 586 anni
432 530 579 602 episcopus
600 528 748 585 Lincolnire
770 528 861 595 luerit,
876 535 902 584 et
951 528 1058 601 integro
1076 529 1155 584 haesit
1169 528 1197 583 in
1210 528 1481 595 Northmannia,non
1493 526 1753 598 rudenturpotuisse

104 603 243 660 llotrodus
257 617 329 658 anuo
345 603 413 656 4483
428 616 522 657 mense
538 608 629 656 tamen
644 600 759 665 incerto,
782 599 900 655 obierit:
951 597 1012 654 lieri
1026 614 1098 655 anno
1113 602 1183 654 ttae
1196 598 1224 654 in
1239 604 1281 654 An
1302 598 1348 667 444,
1366 614 1427 671 quae
1450 597 1552 654 ibidem
1573 596 1647 654 lacta
1667 596 1752 652 luisse

104 683 132 731 44
150 673 225 746 quod
239 670 381 728 Walterus
395 671 467 734 ideo.
484 679 554 727 44444
569 670 691 737 Giraldo,
702 669 842 725 lincolnia
851 669 903 725 llo-
951 669 998 725 lib.
1015 686 1056 737 ru,
1072 685 1137 740 444.
1157 673 1169 724 4
1187 669 1266 741 hujus
1283 616 1353 726 litae
1381 675 1534 726 narrantur.
1562 667 1668 724 Verum
1697 675 1753 722 toto

103 746 263 817 tbomagum
277 743 426 799 translatus
448 741 492 810 sit,
509 749 538 797 ut
551 740 609 814 regi
628 741 657 796 iu
672 739 794 797 consiliis
809 747 836 797 et
857 755 902 795 ar·
951 755 1022 796 anno
1037 757 1132 813 regem
1147 747 1223 795 extra
1237 739 1365 813 angliam
1379 739 1492 796 haesisse
1503 738 1689 796 rixcredibile
1699 746 1750 793 est.

104 816 166 873 duis
177 813 294 887 negotiis
304 813 429 886 proprius
436 812 561 868 adesset:
574 827 634 884 quae
643 810 713 868 44444
723 825 816 878 causa,
828 808 901 882 quod
952 811 1041 866 Potuit
1054 812 1127 867 enim
1142 827 1192 867 rex
1205 811 1311 867 Pascha
1325 810 1482 867 celebrasse
1497 809 1664 881 llotbomagi
1679 822 1752 864 anno

104 903 120 942 4
134 902 202 958 rege
216 900 272 941 non
285 883 368 956 longe
381 884 416 938 ab
432 883 508 938 obitu
521 881 635 940 Rotrodi
648 880 799 939 Walterius
814 880 842 935 in
856 896 901 935 44·
953 884 1023 937 4485
1035 899 1043 949 ;
1060 897 1094 938 44
1108 881 1281 937 44444444444
1294 881 1423 953 angliam
1436 896 1532 938 mense
1555 879 1629 937 llaio
1647 879 1753 946 redire,

106 957 311 1038 chlepiscopurn
323 954 518 1011 nominaretur.
952 951 1075 1025 Hugonis
1098 952 1227 1010 electioni
1256 951 1358 1019 444444,
1388 952 1503 1024 ipsoque
1537 958 1700 1008 consecrato
1727 950 1753 1005 in

140 1027 189 1082 llus
203 1034 318 1099 quatuor
332 1024 481 1081 rationibus
494 1023 618 1090 inducor,
634 1022 790 1089 utoredam,
800 1036 901 1078 secun·
949 1023 1177 1078 Nortbmanniam
1191 1023 1299 1090 reverti,
1319 1022 1421 1078 ibidem
1434 1021 1463 1077 in
1477 1022 1625 1079 adversum
1642 1021 1752 1078 444444·

105 1097 170 1155 dum
182 1104 301 1153 mentem
314 1095 431 1152 auctoris
446 1095 514 1153 Vitae
525 1094 554 1151 S.
569 1095 713 1167 Hugonem
733 1107 806 1148 4444
821 1095 899 1161 4485,
951 1093 1043 1151 dinem
1057 1093 1189 1160 incidere,
1204 1108 1220 1147 4
1234 1109 1300 1165 rege
1313 1094 1478 1150 Francorum
1488 1092 1578 1160 invisi,
1595 1107 1629 1149 44
1641 1091 1753 1149 demum

105 1168 150 1225 die
165 1168 193 1223 S.
210 1166 338 1234 llatthaei,
356 1166 383 1222 iu
398 1165 556 1237 episcopum
571 1163 789 1220 lincolniensem
804 1178 902 1220 conse·
951 1163 1080 1238 angliam
1094 1164 1219 1236 sequenti
1233 1179 1305 1220 anno
1320 1172 1458 1236 repetere.
1482 1162 1542 1232 Quo
1556 1164 1634 1234 dato,
1659 1162 1753 1235 dispa-

105 1245 210 1296 cratum
225 1237 320 1293 luisse.
336 1237 415 1293 Ratio
429 1235 516 1316 prima
531 1243 557 1291 et
572 1234 693 1292 secunda
706 1250 756 1307 444
766 1235 819 1290 hoo
828 1248 901 1289 anno
951 1243 1013 1290 4444
1027 1235 1114 1290 nubes
1128 1251 1190 1307 444
1203 1250 1237 1291 ex
1250 1234 1371 1291 Trivetto
1385 1240 1481 1292 contra
1495 1240 1618 1290 nostram
1647 1242 1755 1290 senten·

105 1309 172 1366 satis
188 1308 340 1381 perspicua
354 1316 381 1363 44
395 1306 534 1363 evidentes
548 1313 621 1371 sunt,
636 1319 688 1361 nec
705 1303 818 1360 minoris
829 1320 901 1376 pon·
951 1305 1016 1360 tiam
1031 1314 1059 1361 et
1071 1305 1161 1377 ipsum
1175 1305 1318 1378 praesentis
1333 1306 1394 1363 uitae
1409 1313 1547 1367 auctorem
1561 1303 1664 1362 adduci
1671 1320 1755 1377 posse

105 1380 180 1437 deris
199 1379 268 1436 ratio
296 1378 383 1445 tertia,
406 1392 469 1433 cum
495 1377 709 1432 Bartholomaeus
737 1374 901 1431 oxoniensis
951 1375 1124 1433 videbantur.

9 1450 13 1457 '
103 1451 180 1521 Juxta
198 1450 318 1506 Annales
336 1446 542 1504 wintonienses
570 1448 724 1502 44444485
752 1445 858 1514 obierit,
874 1452 901 1502 et
986 1446 1070 1503 444444
1085 1447 1174 1503 adbuc
1188 1446 1339 1515 loviusest,
1355 1447 1653 1529 quodoontraannum
1685 1447 1756 1502 4485

105 1521 203 1577 eodem
227 1535 299 1577 4444
326 1518 477 1574 secundum
493 1517 642 1573 Trivettum
664 1516 782 1572 loannes
811 1515 900 1572 eidem
952 1516 1067 1573 forsitan
1080 1517 1161 1586 objici
1174 1525 1278 1589 posset,
1294 1532 1328 1573 eo
1338 1517 1524 1575 anticessum
1534 1516 1750 1573 lestumS.llat-

105 1590 280 1648 successerit.
295 1589 398 1658 Quarto
412 1604 478 1645 vero
502 1588 568 1643 ratio
582 1603 644 1643 cum
673 1603 707 1644 ex
722 1585 814 1642 multis
842 1586 938 1665 cir-B
951 1587 1024 1653 tbaei,
1041 1587 1069 1642 in
1083 1588 1412 1670 quoseoundumpmnes
1427 1587 1456 1644 S.
1473 1589 1551 1658 Ilugo
1573 1594 1755 1644 consecratus

106 1661 275 1719 oumstantiis
291 1659 453 1732 dependeat,
469 1673 530 1730 quae
544 1659 587 1714 441
599 1674 669 1714 verae
689 1656 733 1713 vol
747 1656 824 1713 444444
838 1672 901 1713 4444
951 1657 1009 1724 4444,
1026 1659 1054 1712 44
1069 1658 1214 1714 Sabbatum
1231 1659 1370 1728 incidisse,
1384 1667 1409 1714 44
1420 1674 1492 1715 auno
1507 1659 1617 1714 demum
1628 1658 1756 1731 sequenti

104 1741 227 1804 possunt,
244 1730 342 1788 eruditi
355 1730 466 1787 lectoris
482 1728 584 1799 judicio
594 1737 621 1785 et
634 1727 751 1784 examini
778 1728 899 1798 subjecta
951 1728 979 1783 in
993 1729 1066 1784 diem
1080 1729 1260 1797 Dominicam,
1297 1746 1338 1786 uae
1361 1729 1615 1786 consecrationibus
1644 1729 1755 1785 eiseo-

104 1810 174 1859 esto.
624 1830 635 1845 ·
951 1813 1047 1871 pamm
1061 1799 1194 1856 destinata
1217 1808 1268 1856 est.
1317 1816 1361 1855 nm
1388 1808 1570 1871 preterquam
1599 1817 1636 1872 qu
1706 1814 1757 1857 nec

141 1874 227 1929 Porro
241 1871 307 1944 quid
320 1871 383 1928 huic
398 1886 449 1942 pro
464 1884 536 1928 anno
552 1872 621 1924 4485
636 1869 778 1924 sententiae
801 1876 903 1925 nostras
952 1877 1049 1927 auctor
1063 1871 1140 1939 vita,
1156 1887 1207 1927 neo
1221 1871 1262 1927 lio
1284 1870 1355 1926 erius
1370 1887 1421 1927 nec
1440 1871 1571 1940 Parisius,
1595 1885 1649 1927 nec
1676 1871 1755 1943 quis-

104 1960 138 2001 44
152 1944 205 2001 bac
219 1943 282 2000 Vita
295 1942 397 2014 opponi
409 1941 505 2013 possit,
521 1957 575 1996 non
591 1940 680 1997 video.
693 1940 809 1996 Dubium
838 1939 900 1995 uni·
953 1955 1034 2013 quam
1049 1940 1119 1996 alius
1134 1950 1239 1997 asserat
1253 1887 1282 1997 ξ
1296 1941 1439 2012 liugonem
1453 1940 1498 1996 die
1513 1939 1660 1997 Dominica
1674 1956 1755 1998 sacra

105 2029 168 2072 cum
183 2020 275 2071 moret
286 2014 431 2079 Trivettus,
447 2013 568 2067 adhunc
587 2026 687 2066 annum
702 2011 739 2066 ita
756 2010 878 2067 scribens
894 2026 901 2066 :
953 2011 1120 2083 episcopalia
1134 2012 1298 2084 suscepisse,
1320 2012 1540 2068 consecrationes
1559 2012 1756 2094 episcoporum

105 2085 191 2141 illex
205 2084 355 2157 anglorum
369 2099 442 2138 mare
457 2083 590 2138 transiens
614 2082 687 2137 diem
711 2081 824 2137 Paschae
846 2081 903 2136 lio-
953 2082 1035 2139 etiam
1065 2082 1094 2137 in
1121 2081 1198 2139 lestis
1220 2083 1404 2154 apostolorum
1427 2080 1488 2139 fieri
1510 2090 1643 2154 potuisse,
1675 2090 1757 2140 extra

103 2156 225 2229 thornagi
239 2154 397 2213 celebrarit.
415 2174 427 2206 ι
445 2154 479 2209 Ε4
492 2153 610 2210 iterum:
629 2174 640 2201 a
662 2152 720 2209 llex
737 2153 903 2208 Francorum
953 2153 1168 2210 controversiam
1184 2153 1301 2210 videtur.
1314 2153 1369 2210 Sed
1383 2155 1418 2210 de
1431 2154 1473 2209 bis
1496 2153 1573 2209 satis.

512 2439 853 2576 stuctt
937 2418 1377 2578 ttttoottts

365 2659 521 2718 nutscort
540 2658 809 2716 LINCOLNIENSIS
827 2659 865 2714 IN
883 2659 1015 2717 undula
1035 2659 1179 2720 ORDlle
1198 2661 1487 2721 cuntuustunsts.

784 2822 1059 2981 VITA

439 3071 640 3177 brouls
679 3072 959 3199 QUINQUE
999 3071 1415 3180 consulatum.

216 3397 419 3465 PROLOGUS
441 3397 757 3464 ABREVIATIONIS
779 3398 891 3461 VITAE
911 3398 1091 3466 HUGONIS
1111 3398 1298 3464 EPISGOPI
1316 3401 1640 3469 LINCOLNIENSIS.

139 3559 263 3629 lnspecta
278 3556 350 3613 44444
373 3556 566 3629 descriptionis
580 3557 649 3614 Vitae
672 3557 744 3612 beati
767 3556 901 3631 liugouis,
917 3557 942 3621 0
987 3556 1121 3615 Dividitur
1135 3565 1225 3616 autem
1239 3560 1367 3617 volumen
1376 3560 1449 3617 istud
1478 3560 1696 3618 abbreviationis
1709 3578 1758 3635 per

104 3662 184 3719 quam
208 3645 361 3718 composuit
389 3645 508 3701 iraterA
525 3686 543 3716 .,
559 3645 595 3702 de
615 3660 669 3717 quo
687 3645 716 3700 in
742 3646 904 3702 salutatione
953 3645 1063 3703 libellos
1077 3647 1206 3719 quinque,
1223 3648 1369 3706 sioutliber
1394 3649 1537 3706 continens
1561 3651 1700 3721 majorem
1714 3667 1756 3707 44·

104 3742 167 3791 4444
182 3732 329 3807 prologum
349 3734 450 3790 mentio
471 3732 501 3789 fit
526 3749 668 3806 expressa,
697 3733 837 3790 inventum
862 3741 904 3790 est
953 3734 1023 3791 riem
1033 3744 1221 3792 memoratam.
1237 3736 1268 3792 44
1282 3753 1399 3809 quorum
1413 3738 1503 3810 primo
1526 3737 1617 3810 agitur
1632 3739 1670 3796 de
1699 3740 1754 3797 rita

104 3823 141 3877 ibi
155 3822 289 3878 contineri
305 3823 452 3878 uerborum
467 3821 648 3889 dilatationes,
666 3837 734 3895 quas
748 3837 799 3894 pro
809 3830 905 3878 ornatu
954 3832 980 3880 et
994 3825 1202 3882 conversatione
1216 3824 1408 3899 gloriosissimi
1419 3826 1507 3883 nostri
1517 3827 1646 3900 Hugonis
1661 3844 1681 3884 a
1693 3844 1760 3900 pne·

104 3918 132 3966 ct
145 3908 326 3966 aedificatione
341 3909 467 3981 apposuit
481 3908 731 3980 fraterpraedictus,
745 3923 798 3965 nec
811 3917 904 3966 tamen
953 3911 1015 3967 ritia
1031 3929 1079 3968 sua
1093 3929 1180 3986 usque
1194 3914 1229 3969 ad
1244 3928 1321 3970 suam
1335 3915 1364 3970 in
1384 3915 1512 3987 angliam
1538 3917 1759 3989 transmigratio-

105 4005 168 4053 sunt
177 3996 212 4052 de
227 3996 377 4052 substantia
391 3996 431 4051 rei
447 4004 542 4068 444444.
572 3997 731 4052 4444444444
751 3997 830 4052 etiam
859 3997 904 4054 di·
953 4015 1027 4056 nem.
1044 4002 1075 4056 ln
1090 4002 1211 4058 secundo
1226 4001 1261 4058 de
1279 4003 1518 4077 transmigratione
1542 4012 1569 4061 et
1597 4006 1688 4077 gestis
1701 4005 1758 4061 suis

106 4084 264 4159 pressiones
277 4083 370 4151 444444,
395 4083 503 4156 quibus,
518 4100 574 4140 non
601 4084 688 4140 nostri
702 4085 834 4157 lingonis,
855 4086 906 4142 sed
954 4086 982 4142 in
996 4088 1129 4162 regimine
1137 4089 1235 4146 domus
1250 4090 1408 4147 Witbamiae
1423 4100 1486 4148 ante
1510 4093 1755 4165 episcopationem.

106 4174 218 4229 aliarum
228 4172 282 4229 uita
297 4172 460 4229 describitur
483 4187 674 4244 personarum.
691 4174 789 4230 Adhuc
815 4182 905 4230 autem
954 4175 985 4230 ln
1003 4177 1092 4244 tertio,
1110 4178 1225 4250 qualiter
1238 4178 1267 4233 in
1280 4180 1437 4252 episcopum
1452 4187 1495 4237 est
1508 4188 1629 4251 creatus,
1642 4189 1759 4255 olquam

107 4261 142 4317 ad
156 4262 228 4318 hunc
241 4269 365 4317 nostrum
379 4262 522 4334 Hugonem
541 4261 760 4334 contingentibus
784 4263 905 4335 interpo·
954 4271 1062 4321 strenue
1072 4266 1317 4338 coepitepiscopale
1330 4266 1449 4324 officium
1459 4284 1599 4326 exercere.
1623 4269 1656 4325 ln
1664 4278 1760 4342 quarto

107 4356 207 4405 nuntur
232 4348 322 4421 aliqua
345 4349 434 4405 miuus
466 4349 602 4420 notabilia,
632 4366 693 4422 quae
720 4365 769 4423 pro
796 4351 906 4408 vitanda
954 4360 1043 4408 nutem
1059 4361 1086 4409 et
1112 4355 1206 4426 quinto
1227 4355 1353 4425 adjicitur
1376 4356 1410 4413 de
1438 4356 1563 4429 pluribus
1588 4358 1651 4427 eius
1681 4357 1763 4416 lactis

107 4435 261 4510 prolixitate
289 4436 371 4492 nimiu
390 4437 516 4494 videntur
533 4438 624 4511 potius
648 4438 806 4495 omittenda.
833 4440 905 4497 Sane
954 4440 1143 4510 laudabilibus,
1158 4450 1213 4498 tam
1228 4444 1411 4513 miraculosis,
1441 4460 1523 4518 quam
1537 4445 1608 4501 aliia.
1639 4447 1698 4505 Nec
1716 4448 1760 4505 vi·

107 4525 245 4597 proliritas
256 4525 312 4595 jam
339 4533 469 4597 praetacta
490 4526 518 4581 in
544 4541 627 4583 causa
654 4526 739 4583 luisse
775 4528 903 4596 creditur,
955 4529 1033 4585 detur
1047 4531 1144 4586 horum
1170 4531 1323 4588 libellorum
1338 4533 1409 4590 inter
1437 4548 1468 4589 44
1491 4541 1518 4590 44
1539 4549 1557 4588 4
1579 4535 1665 4591 tertio
1692 4534 1760 4592 ratio

107 4612 290 4685 quereminus
303 4612 419 4670 libenter
433 4614 564 4671 hacteuus
584 4614 669 4671 lectus
684 4621 737 4683 est,
752 4622 779 4671 et
799 4615 906 4671 auditus
955 4617 1008 4673 4444
1023 4618 1216 4689 4444444444444,
1231 4619 1285 4676 nisi
1309 4627 1339 4676 ut
1361 4638 1412 4693 par
1441 4621 1648 4679 distinctionem
1670 4624 1760 4696 ipsam

105 4700 175 4760 liber
189 4700 331 4759 continens
341 4702 441 4758 seriem
455 4701 630 4759 antedictam.
646 4701 711 4760 Ideo
738 4717 787 4774 pro
801 4703 906 4761 honore
954 4706 1090 4762 minuatur
1108 4707 1219 4779 legendi
1234 4716 1260 4764 et
1274 4709 1403 4766 audiendi
1418 4709 1566 4774 fastidium,
1584 4712 1662 4782 quod
1672 4713 1760 4783 majus

106 4790 203 4858 sancti,
220 4797 247 4846 et
270 4797 327 4847 tam
344 4789 453 4846 lectoris
467 4805 548 4862 quam
575 4789 706 4848 auditoris
733 4789 840 4849 fastidio
866 4808 907 4849 44·
954 4793 1033 4865 44444,
1045 4796 1068 4850 44
1079 4796 1376 4868 comprehenderentur
1392 4798 1558 4856 tresiuuno.
1570 4800 1762 4875 Prologivero

106 4879 253 4946 movendo,
271 4879 358 4936 visum
373 4886 414 4934 est
427 4877 494 4933 mibi
518 4877 664 4949 plurimum
687 4879 825 4952 expedire,
855 4880 941 4977 subD
955 4882 989 4938 de
1005 4883 1089 4940 verbo
1100 4885 1135 4940 ad
1150 4885 1263 4941 verbum
1288 4885 1342 4952 bic,
1358 4886 1428 4943 sicut
1455 4887 1484 4942 in
1505 4887 1599 4957 majori
1622 4889 1763 4947 uolumine

107 4967 236 5025 breuiore
257 4965 447 5038 compilatione
470 4966 601 5037 praesenti
629 4966 759 5024 volumini
783 4968 904 5025 inserere
956 4979 1124 5043 supratacto,
1139 4972 1239 5029 libellis
1253 4973 1369 5048 siugulis
1394 4983 1591 5047 proponuntur.
1617 4976 1761 5049 Capitulo·

104 5054 153 5110 illa
168 5070 228 5127 (444
248 5055 283 5111 44
312 5054 371 5111 Vita
396 5061 423 5110 et
450 5054 660 5113 conversatione
687 5057 774 5113 sancti
788 5058 823 5114 de
852 5071 906 5130 quo
957 5077 1015 5115 rum
1031 5076 1098 5117 vero
1113 5061 1266 5133 aliquorum
1289 5078 1345 5119 non
1370 5071 1494 5120 servatur
1519 5064 1598 5120 ordo.
1626 5065 1683 5122 Sed
1709 5082 1761 5123 nec

105 5141 199 5217 igitur,
230 5142 317 5215 magis
339 5141 471 5199 notabilia
495 5150 558 5199 sunt
583 5141 704 5201 inuenta.
730 5144 790 5202 Nec
816 5145 906 5219 aliqua
956 5148 1047 5204 omnia
1062 5149 1180 5221 capitula
1193 5150 1360 5222 inseruntur,
1373 5152 1437 5225 quia
1450 5151 1541 5225 aliqua
1555 5159 1619 5207 sunt
1635 5153 1759 5224 sublata,

103 5230 227 5288 invenies
241 5229 269 5285 in
281 5232 334 5288 hoc
347 5230 495 5300 volumine,
510 5230 563 5287 nisi
588 5239 697 5304 sumpta
725 5233 760 5290 de
775 5232 845 5291 serie
864 5251 908 5291 su·
957 5245 984 5294 et
1011 5246 1136 5295 contenta
1153 5240 1278 5311 quadam
1300 5240 1338 5296 ibi
1355 5241 1406 5297 sub
1431 5240 1592 5314 quibusdam
1616 5243 1758 5315 capitulis,

104 5318 238 5393 prodicta.
956 5326 1016 5384 haec
1026 5327 1062 5382 ad
1076 5327 1198 5400 capitula
1211 5327 1263 5384 alia
1277 5328 1485 5386 transferuntur.

677 5503 805 5576 Explicit
821 5503 954 5578 44444444
972 5506 1182 5567 abbreviatoris.
