3742 5986
75 181 127 234 5113
802 182 993 244 Epistola.
1422 216 1426 223 ·
1669 197 1722 254 1191
1829 249 1832 253 .

65 329 138 385 verit
153 330 316 387 etiannum
341 332 562 403 comportaverit.
578 333 713 407 Guigonis
730 335 781 393 hac
794 336 829 393 de
844 345 909 405 rep
928 336 1062 408 prioratus
1076 336 1118 392 sui
1132 350 1224 407 xxvu,
1239 336 1282 394 vel
1297 337 1413 405 circiter,
1428 355 1482 397 non
1501 340 1560 398 sina
1574 346 1723 406 raucitatis

67 400 212 482 epistolam
227 402 313 484 habes
328 403 372 459 hic
395 419 428 483 ex
448 411 522 460 torno
536 405 547 458 l
562 406 762 462 Andectorurn.
788 407 874 463 Porro
926 407 1053 464 oinione
1067 406 1191 489 spiritum
1205 408 1321 464 Domino
1330 409 1447 466 reddidit
1459 426 1505 467 an.
1516 413 1626 471 Domini
1641 420 1720 486 1137,
1771 432 1774 436 ·

66 487 325 554 quinquagesimum
340 482 427 530 aetatrs
442 489 529 548 agens
543 490 655 545 annun,
680 477 767 548 inquit
782 477 872 545 Sutor,
924 425 961 533 11
975 477 1146 535 inchoatione
1159 493 1225 550 pero
1239 479 1343 535 ordinis
1355 495 1413 538 utu.
1428 481 1467 538 lta
1481 482 1537 540 ille.

65 540 115 597 hb.
133 558 154 598 u
169 544 220 599 Vrt.
238 543 342 615 carth,
366 559 427 616 cap.
453 547 479 612 5,
505 546 693 603 conversionis
711 563 778 604 vero
799 563 872 616 xxx,

71 690 1714 738 ΜΞ

631 820 1072 974 (11116οΝ18
1131 841 1147 972 Ι

271 1049 520 1116 CARTHUSIAE
544 1055 718 1121 MAJORIS
743 1055 848 1121 POST
873 1057 907 1118 S.
933 1057 1164 1120 BRUNONEM
1186 1055 1350 1121 PRIORIS
1373 1057 1511 1132 QUINTI

722 1220 1063 1326 EPlSTOLAE.

455 1404 479 1460 1.
876 1413 960 1474 Best
976 1427 982 1467 :
1000 1420 1057 1467 tum
1080 1411 1142 1484 quia
1165 1411 1270 1483 praelati
1293 1412 1421 1468 doctores
1444 1427 1580 1485 nunquam
1601 1414 1673 1471 inter
1690 1431 1721 1473 sa

63 1535 107 1592 Ad
119 1535 316 1596 Durboaeases
326 1537 366 1612 (3)
381 1542 534 1612 fratrea·
542 1543 580 1599 lle
594 1545 781 1617 supposititiis
796 1547 871 1606 beati
919 1500 1129 1661 ffiffialenoesr
1143 1507 1205 1645 {¹2¹3
1212 1499 1720 1660 αΐὲἒᾘὲῗοὲῃὲέθῆἶῑζέἓέῗὲο

289 1628 452 1702 1111111111
466 1632 602 1706 11111111·
919 1629 1035 1734 cruores
1050 1631 1140 1735 11111
1154 1693 1242 1750 usque
1265 1677 1350 1748 potuit
1364 1677 1467 1749 liquido
1491 1677 1607 1736 aerata.
1630 1680 1717 1750 nujus

173 1750 300 1820 (1111111.
316 1753 445 1811 inoleat.
460 1772 524 1814 nov.
540 1755 617 1823 edit,
633 1773 662 1828 p.
685 1758 760 1829 161.)
918 1766 1109 1837 disputationis
1123 1765 1177 1822 tale
1201 1765 1334 1837 reperitur
1352 1765 1538 1838 principium:
1556 1768 1626 1824 Cum
1640 1770 1716 1842 opud

100 1871 203 1928 Amicis
218 1880 245 1928 et
272 1873 405 1931 iratribus
420 1877 447 1932 in
471 1877 577 1934 Christo
600 1877 793 1937 dilectissimis.
817 1881 869 1937 La-
918 1871 964 1913 111
982 1854 1717 1927 1111111111111111111111111111111111(111111·Ν1111111θῐ11

63 1974 135 2016 mo
150 1961 324 2018 nusgumensi
339 1964 432 2035 priori,
450 1971 476 2020 ey
492 1965 598 2023 weris
613 1966 640 2022 jn
664 1967 760 2024 eadam
775 1985 868 2027 eremo
918 1943 1041 2014 praedicti
1069 1942 1190 1999 doctoris
1219 1941 1341 2014 epistola
1372 1942 1431 1999 sine
1452 1942 1606 2000 rationabili
1630 1959 1715 2002 causa

61 2048 122 2104 Deo
138 2048 340 2118 famulantibus,
370 2052 519 2110 carthusiae
540 2054 617 2126 prior
637 2063 749 2112 vocatus
764 2056 865 2124 Gurco,
917 2031 990 2102 111111
1016 2031 1228 2104 1111111111111
1260 2030 1404 2088 1111111111
1426 2032 1713 2103 111111111111111111111

61 2143 220 2194 aeygmgmg
234 2138 351 2195 nomino
367 2140 490 2197 sayuyem·
917 2120 967 2175 has
982 2127 1084 2176 nostrae
1095 2119 1235 2191 parvitatis
1248 2119 1352 2176 litteras
1374 2119 1401 2175 in
1415 2119 1549 2192 principio
1571 2121 1712 2179 collocate.

99 2225 175 2282 luter
188 2234 288 2283 catera
302 2228 498 2286 catholicorum
508 2229 640 2298 virorum,
652 2248 713 2304 quae
727 2231 762 2289 ad
777 2233 866 2290 erudi.
916 2208 1020 2266 Vilete·
1037 2208 1182 2280 0111111110
1197 2207 1287 2265 nobis.

62 2312 292 2371 tionemlidelium
301 2316 513 2374 elaboraverunt
518 2334 613 2391 opera,
624 2328 784 2392 quaenostra
794 2338 865 2395 quo·
1297 2351 1331 2408 fl·

60 2403 243 2476 queparritas
254 2419 426 2478 congregare
438 2407 542 2463 studuit
552 2407 596 2465 vel
607 2409 754 2466 emendare
764 2428 771 2477 ;
783 2411 865 2467 etiam

61 2491 193 2562 epistolas
209 2492 281 2549 bem
301 2493 468 2567 Hieronymi,
494 2504 626 2569 ququuoy
650 2497 796 2568 potuimus,
811 2517 864 2555 un,
950 2475 1117 2533 AdPetrum
1132 2475 1331 2540 Venerabilem,
1348 2473 1709 2532 Cluuiaasusemabbatem.

60 2578 205 2652 docunque
219 2581 354 2653 quesitas,
372 2590 398 2638 et
413 2599 464 2654 pro
478 2598 612 2641 concessa
626 2599 642 2640 a
657 2585 716 2641 Deo
736 2585 864 2645 facultate
1027 2595 1030 2600 ’
1055 2545 1240 2618 (mmmm
1255 2546 1458 2612 mmmm
1475 2561 1503 2617 p'
1524 2545 1606 2617 ⁶⁵3’)

58 2667 210 2725 mendaciis
223 2677 400 2743 expurgatas,
416 2672 444 2727 iu
459 2688 541 2727 unum
556 2672 662 2746 grande
677 2674 806 2732 volumen
816 2693 861 2733 ra·
949 2669 1066 2727 Domino
1081 2678 1107 2727 et
1121 2668 1192 2725 Patri
1206 2668 1234 2735 in
1257 2668 1365 2725 Christo
1385 2668 1607 2726 reverentissimo
1620 2667 1713 2725 abbati

59 2755 197 2830 degimus.
222 2757 396 2814 abscidimus
410 2767 500 2815 autern
523 2760 558 2816 ab
573 2760 613 2816 eis
627 2762 771 2834 quasdam,
793 2781 862 2838 quas
875 2769 899 2832 0
913 2759 1084 2817 diuniacensi
1096 2759 1201 2826 Parao,
1216 2757 1383 2832 dignationis
1404 2758 1463 2826 ejus
1477 2773 1574 2814 servus
1588 2755 1710 2828 attilius,

58 2843 285 2903 relaxationem
305 2847 447 2904 doctorum
469 2848 584 2920 scriptis,
601 2849 644 2905 vel
661 2866 695 2906 ex
719 2852 781 2923 styli
796 2869 861 2910 sen·
913 2846 1145 2905 Canthusiensium
1164 2861 1316 2919 pauperum
1341 2845 1444 2902 inutilis
1468 2845 1559 2903 Gurco
1582 2844 1708 2914 famulus,

59 2933 260 3007 tertiarumque
275 2934 413 3005 distantia,
433 2937 512 2994 titulo
531 2936 598 2993 tanti
612 2937 663 2993 viri
678 2941 861 3011 comperimus
911 2944 1043 3008 perpetua
1056 2951 1125 3007 paca
1140 2935 1259 3009 gaudere
1273 2950 1324 3006 per
1338 2933 1485 2991 Christum.

57 3021 187 3095 indignas
202 3039 209 3076 :
225 3038 259 3078 ex
284 3023 384 3094 quibus
406 3024 454 3080 illa
477 3031 518 3081 est
541 3025 618 3094 cujus
642 3035 684 3083 cst
707 3027 801 3084 titulus
825 3028 861 3084 ad
947 3023 1121 3092 crucifixum,
1145 3021 1291 3081 crucifixus
1316 3030 1342 3080 et
1363 3022 1432 3096 ipse,
1447 3020 1641 3096 crucifigendis
1654 3022 1709 3079 mi·

58 3110 271 3179 Demetriadem,
288 3111 341 3168 boc
354 3111 458 3169 babens
473 3112 578 3168 initium
592 3129 598 3168 :
610 3115 641 3172 st
654 3126 763 3173 suamc
777 3118 860 3188 inpe—
911 3112 995 3169 sistis.
1012 3112 1119 3169 Gratias
1139 3112 1230 3185 itaque
1250 3111 1400 3176 reddimus,
1425 3126 1475 3184 pro
1497 3110 1624 3184 qualitate
1644 3126 1708 3167 rnu-

58 3200 108 3256 uia
122 3200 341 3274 pariqactretur
351 3202 484 3258 seientia.
502 3201 577 3258 Hanc
588 3202 688 3274 quippe
699 3205 794 3260 heatus
804 3208 860 3261 itu·
910 3201 994 3268 neris,
1010 3201 1136 3258 charitati
1150 3199 1341 3258 muneratoris.
1366 3200 1560 3272 Verumtamen
1573 3207 1666 3258 vestra
1679 3200 1708 3257 in

58 3287 184 3361 gustinus
197 3287 226 3343 in
239 3302 322 3359 opere
337 3296 430 3345 contra
444 3288 584 3360 Pelagium
600 3291 640 3347 De
656 3291 746 3365 gratia
761 3292 859 3350 Christi
909 3289 1006 3346 litteris
1020 3305 1087 3362 quas
1101 3288 1213 3345 misistis
1236 3303 1366 3361 expressa
1389 3289 1518 3356 charitas,
1541 3296 1643 3347 nostra
1656 3289 1708 3347 etsi

59 3384 86 3433 et
100 3375 139 3435 de.
149 3384 263 3449 peccato
278 3376 415 3450 originali,
433 3377 555 3448 ejusdam
570 3378 673 3452 Pelagii
697 3396 759 3437 esse
783 3381 858 3453 dicit,
909 3394 1037 3451 magnam
1050 3385 1159 3450 praestat
1173 3377 1388 3435 consolationem
1407 3375 1565 3445 infirmitati,
1581 3393 1636 3435 non
1650 3377 1705 3434 rni-

58 3463 185 3538 quaedam
199 3463 285 3536 ipsius
308 3464 407 3522 trustra
423 3466 548 3522 tractatui
572 3483 622 3522 suo
636 3467 798 3525 interferens
814 3477 858 3525 at·
908 3483 1004 3525 norem
1018 3476 1110 3524 tamen
1124 3466 1261 3522 humilitas
1284 3464 1472 3523 confusionem
1489 3465 1590 3537 ingerit
1611 3473 1703 3524 extre·
1772 3469 1778 3475 ’

58 3569 113 3625 qne
128 3552 309 3626 redarguens.
326 3553 395 3610 Huic
410 3553 546 3610 adduntur
560 3563 587 3611 et
599 3555 669 3624 istae,
685 3556 719 3612 ad
733 3557 858 3614 Titatiurn
908 3556 1004 3612 mitati.
1018 3555 1097 3613 Unde
1111 3555 1228 3629 petimus
1238 3570 1289 3627 per
1302 3569 1372 3620 eam,
1398 3570 1450 3627 qna
1464 3552 1492 3608 in
1509 3569 1561 3610 nos
1575 3552 1703 3628 indignos

56 3641 91 3697 de
105 3648 193 3698 morte
203 3639 274 3711 filia,
287 3641 366 3710 cujus
376 3641 482 3697 initium
493 3642 547 3699 tale
558 3651 599 3698 est
612 3660 618 3698 :
633 3643 787 3704 1111111111
802 3649 858 3705 tuoe
908 3654 996 3702 vestra
1010 3644 1117 3701 fervent
1131 3643 1246 3712 viscera,
1269 3642 1451 3708 dilectionem,
1476 3647 1505 3698 ut
1528 3641 1636 3714 quando
1650 3657 1702 3699 no·

54 3731 166 3803 scripta
177 3730 300 3803 percepi.
316 3730 357 3785 nd
374 3730 513 3788 Oceanum
528 3731 724 3800 consolatoria,
741 3733 794 3791 tale
808 3735 857 3791 ha·
908 3741 972 3790 strae
999 3732 1138 3806 exiguitati
1161 3739 1252 3789 vestra
1271 3730 1392 3789 scribere
1415 3730 1544 3804 dignatur
1557 3730 1700 3800 serenitas,

54 3817 125 3874 bens
139 3818 243 3873 initium
260 3819 460 3879 :Diuersarum
478 3821 641 3893 opprobria,
659 3823 857 3880 tribulationes
906 3821 943 3877 ita
955 3821 989 3878 de
1005 3821 1115 3894 propria
1135 3821 1260 3894 cogitetis
1283 3818 1461 3876 adifimtione
1475 3827 1504 3875 ut
1517 3816 1702 3876 infirmitatem

54 3907 241 3980 multiplices.
256 3906 300 3963 ad
322 3905 444 3976 viduam,
461 3924 521 3980 quae
536 3908 576 3966 sic
596 3908 690 3981 incipit
707 3912 856 3982 :Mapuam
906 3918 1026 3967 nostram
1050 3908 1203 3981 periculosa
1230 3924 1285 3966 non
1308 3907 1409 3965 infletis
1432 3907 1557 3965 elatione.
1578 3907 1614 3963 Et
1636 3906 1701 3964 illud

55 3994 215 4053 humilitati
225 3999 331 4052 uostroe
341 3997 477 4065 fiduciam
486 3997 637 4054 scabendi.
650 3997 691 4052 Ad
706 3997 851 4071 virginem,
905 4016 961 4071 prae
976 3999 1103 4056 omnibus
1117 4006 1144 4053 et
1164 4013 1247 4068 super
1268 3996 1359 4054 omnia
1382 4011 1549 4068 quesumus,
1564 4003 1591 4053 et
1605 3994 1701 4052 defixis

51 4083 111 4141 sive
126 4083 162 4140 ad
176 4082 262 4139 tiliam
276 4084 395 4141 llauricii
417 4084 573 4156 (dupliciter
599 4085 700 4159 quippe
722 4085 856 4145 intitulata
869 4088 934 4184 Diu
948 4095 1048 4144 terram
1062 4087 1179 4160 genibus
1194 4086 1378 4153 obsecramus,
1389 4101 1425 4141 ne
1438 4084 1567 4141 vilitatem
1583 4091 1702 4141 nostram

52 4171 201 4244 reperitur)
225 4172 368 4229 exordium
391 4173 464 4229 istud
489 4172 627 4244 accipiens
644 4189 651 4228 :
668 4174 809 4242 Quantam
823 4176 855 4232 iu
905 4176 992 4232 Patris
1014 4174 1125 4231 nomine
1146 4174 1259 4249 dignam
1278 4173 1389 4230 ulterius
1406 4172 1556 4230 estimetis.
1586 4170 1658 4228 Satis
1672 4179 1700 4231 ei

51 4261 212 4320 celestibus
222 4261 439 4319 beatitudiuem.
451 4262 518 4318 Item
528 4260 651 4333 delapsu
661 4260 786 4334 virginis,
797 4263 855 4321 sive
904 4280 997 4337 super,
1013 4263 1080 4320 satis
1094 4271 1146 4334 est,
1161 4263 1185 4318 ai
1199 4261 1291 4329 irater,
1307 4262 1332 4319 si
1345 4261 1458 4330 amicus,
1476 4259 1499 4317 si
1517 4258 1589 4316 filius
1602 4259 1701 4334 appal-
1765 4266 1770 4270 '

48 4349 85 4408 de
99 4349 268 4421 poenitentia,
285 4351 320 4406 ad
346 4351 499 4407 Susannam
515 4367 523 4406 ε
539 4358 655 4423 uterque
676 4351 749 4406 enim
762 4351 855 4409 titulus
903 4351 983 4418 latur,
1000 4352 1045 4425 qui
1059 4365 1111 4407 nec
1125 4350 1197 4407 servi
1210 4349 1319 4407 nomine
1333 4349 1434 4424 dignus
1453 4347 1576 4406 habetur.
1593 4348 1697 4414 valeta

47 4438 78 4495 in
92 4437 212 4495 diversis
226 4439 367 4496 codicibus
381 4437 528 4495 invenitur.
541 4437 609 4506 Quas
619 4446 675 4494 tarn
688 4438 805 4496 diversis
821 4441 855 4497 ti-
904 4441 1023 4498 Salutate
1037 4438 1203 4497 reverendos
1217 4440 1311 4496 Patres
1325 4446 1352 4496 et
1366 4437 1491 4496 dominos
1504 4443 1621 4507 nostras,
1638 4437 1700 4512 qui-

48 4526 153 4584 tnlatur
166 4527 334 4594 auctoribus,
356 4535 385 4582 ut
411 4542 506 4584 eorum
530 4526 629 4584 nullius
645 4527 680 4584 sit
701 4528 854 4587 decoranda
904 4530 956 4586 bus
970 4537 1112 4602 paternam
1127 4543 1219 4585 curam
1243 4526 1410 4600 impenditis,
1429 4542 1545 4599 quornm
1558 4527 1659 4599 pariter
1674 4535 1701 4584 et

48 4614 198 4682 vocabulo,
216 4616 293 4686 cujus
308 4616 361 4672 hoc
375 4622 417 4672 est
430 4616 458 4671 in
467 4615 630 4688 quibusdam
645 4615 723 4672 libris
736 4617 852 4675 initium.
903 4618 1003 4675 vestris
1017 4617 1146 4691 precibus
1160 4624 1281 4673 nostram
1305 4615 1452 4672 illuminari
1470 4615 1628 4682 cecitatem,
1653 4631 1700 4671 ro·

48 4705 126 4761 Pata
139 4705 197 4762 teve
207 4705 395 4762 csseerimeu.
412 4704 444 4759 ln
453 4704 513 4761 aliis
521 4704 593 4761 istud
611 4720 617 4758 :
634 4706 704 4774 Quid
711 4707 779 4777 apis,
791 4710 855 4764 aui·
904 4707 994 4763 borari
1007 4705 1190 4762 infirmitatem
1205 4713 1232 4761 et
1248 4705 1350 4762 aboleri
1376 4703 1494 4776 petimus
1518 4703 1698 4774 iniquitatem.

49 4796 123 4849 mai
136 4793 202 4866 qaid
209 4794 425 4865 capitationibus
435 4796 561 4850 estuari
575 4793 617 4848 Ad
632 4793 805 4851 Desiderium
819 4796 854 4852 da
902 4795 1002 4852 Domui
1022 4794 1130 4851 arberti
1153 4793 1265 4862 majoris
1289 4792 1389 4865 prioris
1411 4790 1621 4857 infirmitatibus,
1637 4799 1699 4846 tan-

47 4895 93 4938 xn
107 4879 257 4939 lectoribus
273 4896 290 4936 a
308 4881 402 4938 nescio
426 4896 480 4953 quo
495 4882 523 4937 in
545 4881 700 4938 irrisionem
714 4883 855 4940 doctorum
903 4900 984 4958 quarn
1006 4882 1116 4959 antiqui
1146 4898 1176 4938 ac
1200 4881 1340 4938 familiaris
1370 4878 1461 4948 amici,
1488 4878 1700 4936 nastro'dolore

47 4970 212 5042 composita.
224 4969 266 5026 nd
281 4970 431 5027 celantiam
447 4969 644 5042 sicincipiens:
665 4972 853 5029 Veterisscri-
903 4972 1094 5045 compatimur.
1109 4972 1246 5028 Damnum
1267 4985 1375 5044 quoque
1398 4970 1518 5036 Petrum,
1541 4967 1700 5026 vestrislit-

43 5063 142 5134 ptaroe
155 5059 296 5116 celebrata
305 5061 451 5116 scatentia
460 5063 514 5116 est.
526 5060 591 5115 llaec
601 5059 671 5130 stylo
682 5060 791 5132 quidem
801 5076 853 5117 no·
903 5061 967 5118 teris
982 5059 1136 5132 specialiter
1159 5058 1285 5125 inditum,
1310 5056 1466 5132 specialiter
1486 5064 1514 5113 et
1526 5054 1578 5128 ipsi
1593 5056 1699 5114 saluta·

47 5146 149 5204 biliore
161 5155 203 5204 esi
215 5147 326 5219 scripta,
343 5147 393 5204 sed
408 5163 460 5204 nec
474 5148 514 5203 sic
528 5148 610 5204 beato
625 5148 791 5220 Hieronymo
805 5150 849 5206 di·
902 5165 972 5206 mus.
989 5149 1041 5204 Pro
1064 5146 1216 5206 visitatione
1239 5148 1321 5204 etiarn
1353 5161 1434 5218 quam
1451 5145 1531 5202 nobis
1551 5144 1595 5202 vir
1617 5161 1701 5219 egre-

45 5251 114 5311 gna.
140 5236 281 5293 Postrema
305 5244 347 5292 est
370 5236 405 5291 de
428 5235 536 5310 origine
565 5237 663 5292 animae
683 5237 850 5309 disputatio,
902 5239 964 5312 gius
978 5237 1055 5310 prior
1067 5237 1247 5294 claustrensis
1271 5245 1298 5292 et
1311 5236 1429 5292 domnus
1444 5235 1524 5309 liuga
1539 5233 1574 5291 de
1589 5232 1703 5292 (lrecaia

44 5324 126 5399 quasi
141 5325 212 5381 inter
227 5324 322 5380 beatos
337 5325 533 5395 Hieronymum
548 5333 575 5381 et
590 5325 789 5398 augustinum,
806 5325 853 5382 ubi
902 5339 988 5394 nuper
1002 5322 1160 5388 exhibuere,
1176 5320 1329 5394 paternitati
1353 5328 1451 5378 restrae
1473 5318 1577 5394 gratias
1591 5319 1700 5392 agimus

42 5412 112 5472 licet
126 5413 209 5471 multa
224 5429 257 5469 ex
272 5427 366 5471 eorum
390 5413 498 5486 scriptis
512 5421 655 5487 ponantur,
678 5412 745 5470 falsa
760 5422 852 5472 tamen
901 5412 1069 5471 incolumem
1084 5426 1134 5471 vos
1151 5409 1263 5468 assidua
1286 5408 1416 5469 virtutum
1439 5407 1574 5480 proiectu,
1598 5406 1634 5464 ad
1647 5419 1701 5461 no-

80 5565 121 5636 (3)
145 5565 278 5621 carthusia
303 5566 470 5621 bubonensis
507 5567 533 5618 in
567 5566 714 5632 ruitaria,
745 5566 1040 5633 hemisphaeriis.
