3742 5986
164 136 217 192 263
440 136 469 193 S.
489 134 669 193 BRUNONIS
688 130 1013 193 cauruustauouuu
1031 131 1274 191 msruuroms
1293 131 1369 190 OPP.
1392 134 1481 192 PARS
1501 132 1539 191 11.
1766 135 1820 194 ibt

164 275 233 315 nere
248 258 399 317 seducitur.
424 259 534 316 Diceret
553 259 651 332 aliquis
668 275 675 315 ε
692 259 920 333 Quandoquidem
940 256 968 312 iu
978 256 1005 321 Α
1017 257 1093 314 modi
1107 263 1160 328 est,
1175 258 1203 314 id
1218 267 1260 315 est
1282 258 1329 332 qui
1342 275 1387 315 me
1399 258 1465 317 dicit
1488 257 1722 331 contemptibilem
1732 265 1759 316 et
1773 259 1819 314 iu·

164 356 291 419 promptu
306 350 392 405 babes
406 349 511 417 ulcisci,
535 365 618 421 quare
641 365 709 422 ergo
725 366 778 405 non
794 346 967 406 ulcisceris?
1016 344 1133 403 firmum.
1151 348 1267 420 Cogitet,
1285 348 1406 420 iuquam,
1423 349 1592 422 quiaquates
1602 365 1701 406 sumus
1714 349 1817 406 obrem

167 436 287 494 Ulciscar
300 437 401 510 utique,
418 454 472 493 nou
487 446 579 493 tamen
593 437 685 504 modo,
700 438 749 493 aed
764 455 830 495 cnm
847 441 968 513 impleta
1018 440 1071 505 tes,
1082 437 1115 492 in
1128 437 1210 493 verbo
1225 439 1419 511 perepistolas
1432 439 1525 507 misso,
1538 437 1818 495 taleserimusetiam

165 527 257 597 tuerit
269 530 364 583 vestra
374 527 546 593 obedientia,
561 525 590 581 id
604 534 656 595 est,
672 541 736 582 cum
751 543 916 597 separavero
931 531 967 587 de
1015 530 1178 598 praesentes,
1194 541 1248 581 non
1263 526 1349 582 solum
1364 526 1392 581 in
1406 527 1500 597 verbo,
1517 527 1566 584 sed
1581 526 1664 582 dmm
1679 528 1713 582 in
1723 529 1817 598 factm·

165 613 256 670 medio
281 613 416 671 malorum
443 631 494 687 per
516 614 676 686 patientiam
693 616 905 687 exspectationis
918 634 968 675 eos
1018 616 1083 687 quis
1111 615 1184 688 quod
1212 631 1262 687 per
1285 615 1426 687 epistolam
1440 616 1588 683 minamur,
1601 615 1675 672 idem
1688 615 1777 672 verbo
1792 623 1818 671 ct

165 702 210 774 qui
225 702 259 758 de
275 703 352 759 vobis
366 703 502 759 obedituri
517 709 579 758 sunt
593 702 657 758 tidei
672 719 705 759 ex
719 703 866 760 voluntate.
1017 718 1099 774 opere
1125 712 1276 775 praesentes
1300 703 1502 761 exercebimus.
1522 705 1592 762 Vere
1612 704 1709 777 quales
1722 719 1817 759 sumus

200 790 353 864 Diligenter
375 791 507 848 intuenda
527 798 569 847 est
592 791 699 846 subtilis
722 793 857 848 modestia
880 795 966 866 Pauli,
1016 792 1144 848 absentes
1173 793 1266 859 verbo,
1295 793 1366 848 tales
1392 800 1542 865 praesentes
1566 793 1670 848 erimus
1684 792 1715 847 in
1728 791 1812 849 iacto.

165 880 211 951 qui
226 879 354 935 ultionem
378 880 559 952 reproborum
582 878 681 947 differt,
699 879 796 936 videns
809 881 838 936 in
851 884 903 940 baa
917 899 968 940 sus
1016 881 1078 936 Non
1092 881 1170 936 enim
1184 897 1277 936 sumus
1291 880 1326 936 de
1341 881 1439 938 vestris
1452 882 1569 953 pseudo,
1580 883 1625 954 qui
1634 897 1664 937 se
1674 880 1819 952 impuden-

167 969 368 1038 exspeetatione
398 969 547 1025 electorum
573 969 697 1024 salutem.
723 969 752 1025 Si
771 970 843 1026 enim
868 972 968 1029 inultos
1017 975 1059 1024 ter
1073 968 1205 1036 iusemnt,
1222 969 1249 1024 id
1264 977 1306 1024 eat
1321 969 1458 1042 ingerunt,
1480 985 1535 1025 non
1547 968 1624 1025 missi
1648 970 1750 1034 alteo,
1767 984 1818 1025 nea

166 1065 305 1128 pateretur
333 1057 475 1127 reprobos,
505 1064 587 1129 atque
613 1058 664 1113 hac
692 1072 775 1113 causa
803 1076 867 1115 reus
883 1070 966 1129 esset,
1018 1065 1090 1113 certe
1103 1058 1240 1115 nudemus
1254 1074 1305 1114 nos
1314 1059 1448 1124 inserere,
1463 1066 1492 1113 ut
1504 1057 1589 1130 (quod
1599 1057 1678 1114 nobis
1688 1058 1816 1115 commis·

167 1144 218 1199 hos
233 1152 322 1200 tamen
339 1145 458 1218 benigue
486 1145 614 1217 patiendo
630 1145 745 1216 iudicat,
769 1163 804 1203 ne
827 1163 890 1204 oum
904 1148 968 1206 lolio
1018 1158 1078 1197 sum
1093 1158 1148 1197 non
1176 1148 1261 1213 esset)
1283 1158 1444 1215 usurpemus
1466 1142 1568 1199 illicite.
1586 1144 1644 1198 Aut
1657 1157 1714 1198 nou
1728 1142 1816 1198 aude·

167 1230 332 1289 trumentum
361 1234 493 1290 eradicet.
521 1232 592 1303 Quia
613 1249 667 1290 non
691 1236 842 1291 secuudum
858 1253 967 1293 carnem
1017 1247 1079 1287 mus
1092 1231 1187 1287 inserti
1202 1247 1219 1286 u
1233 1232 1291 1287 Deo
1305 1246 1355 1287 uos
1370 1247 1533 1304 comparare
1548 1231 1726 1304 quibusdam,
1738 1230 1818 1310 idest

166 1321 322 1389 militemus,
340 1322 455 1393 probavi
469 1339 519 1394 per
531 1323 584 1379 hoc
607 1323 680 1394 quod
695 1323 859 1380 destruimus
874 1326 968 1381 altitu·
1016 1320 1131 1391 pseudo,
1159 1321 1207 1394 qui
1229 1335 1315 1375 noua
1334 1321 1392 1375 Deo
1415 1319 1599 1376 commendati
1615 1319 1719 1391 seipsos
1741 1335 1818 1377 eom·

167 1409 258 1465 dinem
285 1410 430 1466 mundanae
458 1410 589 1476 scientiae,
616 1419 643 1466 et
671 1411 789 1468 rebelles
803 1414 969 1485 captivamus
1016 1409 1165 1475 mendant,
1189 1408 1424 1464 commendatitias
1443 1408 1574 1479 epistolas
1588 1408 1651 1464 binc
1665 1407 1818 1464 indedele-

166 1496 196 1554 iu
234 1498 397 1571 obsequium
425 1499 542 1566 Christi3
572 1516 634 1571 quae
670 1500 790 1556 rationes
819 1518 873 1558 non
900 1503 969 1558 adeo
1017 1504 1110 1552 rentes
1126 1513 1133 1552 :
1148 1496 1192 1552 his
1206 1513 1260 1553 nou
1281 1497 1413 1552 audemus
1435 1513 1485 1552 nos
1499 1511 1671 1567 comparare,
1695 1504 1725 1552 ut
1739 1512 1819 1552 men-

168 1585 294 1641 videutur
319 1586 458 1660 singulis,
487 1588 537 1643 sed
559 1587 641 1643 modo
656 1587 745 1644 videte
769 1598 796 1646 et
812 1591 968 1662 cognoscite
982 1601 1110 1674 Bsumm
1126 1584 1205 1642 officii
1220 1585 1305 1641 nostri
1319 1584 1481 1657 inexpletam
1497 1585 1679 1658 negligamus.
1703 1582 1820 1654 Quidum

168 1672 253 1742 idem,
284 1674 397 1746 scilieet,
422 1677 496 1748 quod
523 1693 581 1732 non
616 1677 787 1733 ambulamus
813 1680 969 1735 secundnm
1019 1674 1091 1730 enim
1105 1691 1139 1730 ex
1153 1673 1285 1731 electione
1295 1674 1457 1748 regulariter
1467 1674 1571 1742 inserti,
1583 1681 1678 1746 postea
1688 1688 1820 1745 perverse

171 1779 297 1819 carnem.
313 1764 415 1831 Videte,
426 1764 548 1837 inquam,
560 1781 610 1836 per
618 1781 651 1821 ea
665 1783 727 1839 quae
736 1771 804 1822 sunt
814 1766 970 1823 seeundum
1018 1764 1136 1837 agendo,
1148 1763 1285 1834 perversis
1296 1771 1498 1835 seeomparant.
1509 1764 1572 1819 Non
1578 1763 1638 1818 ausi
1644 1778 1738 1818 sumus
1747 1761 1821 1819 inse·

169 1853 284 1922 faeiem,
314 1850 406 1908 idest
435 1869 495 1926 qua
525 1862 588 1908 sunt
621 1853 769 1909 secuudum
797 1854 969 1926 corporalem
1019 1868 1080 1908 rere
1088 1853 1207 1919 nos;sed
1216 1853 1528 1925 ipstsumusmetientes
1542 1852 1820 1924 nosmetipsosinno·

170 1939 313 2008 visionem,
343 1949 370 1997 et
399 1941 458 1997 siue
481 1942 555 1999 omui
579 1942 721 1999 obstaculo
735 1943 823 1999 videri
838 1952 966 2015 possunt.
1020 1939 1820 2007 bis,utmensuramaDeovobiatraditamuoucxcedamus:

168 2028 218 2084 Vel
233 2029 271 2084 ita
286 2047 294 2084 ι
310 2029 375 2085 lllos
390 2031 436 2102 qui
450 2031 599 2087 secuudum
624 2030 721 2087 taciem
736 2039 809 2099 sunt,
826 2031 854 2087 id
869 2031 971 2105 estqui
1021 2030 1093 2102 quod
1106 2029 1226 2085 alienum
1236 2036 1278 2085 est
1290 2029 1458 2101 usurpando,
1479 2036 1508 2084 ut
1521 2028 1559 2084 illi
1573 2028 1620 2101 qui
1634 2044 1664 2084 se
1677 2027 1815 2084 inserunt.

167 2116 195 2172 in
223 2117 293 2173 lucie
316 2134 346 2173 se
362 2118 449 2174 bonos
465 2119 592 2174 simulant
608 2137 615 2174 ε
631 2119 796 2175 intrinsecus
809 2129 900 2176 autem
915 2120 971 2192 lupi
1021 2118 1120 2174 Sumus
1131 2118 1211 2173 etiam
1226 2117 1409 2188 nosmetipsos
1423 2121 1620 2190 comparantes
1638 2116 1738 2175 mdis:
1752 2114 1821 2170 nibil

169 2212 239 2273 sunt,
269 2205 330 2261 illos
357 2206 439 2262 modo
467 2206 566 2263 videte.
592 2207 620 2263 Si
648 2207 709 2278 quis
730 2209 844 2279 pseudo,
860 2207 972 2266 contidit
1021 2206 1133 2276 injuncti
1147 2205 1230 2263 officii
1257 2205 1411 2278 linquentes
1425 2205 1603 2277 inexpletum.
1621 2205 1820 2276 comparantes

169 2308 224 2349 nou
234 2294 292 2349 Deo
308 2295 356 2349 seb
372 2294 423 2349 sibi
436 2312 442 2351 :
455 2304 637 2366 presumptor
650 2296 723 2351 enim
731 2303 773 2352 est
788 2312 843 2353 non
857 2298 970 2365 electus;
1021 2311 1072 2351 nos
1091 2295 1181 2362 nobis,
1204 2310 1260 2351 non
1284 2295 1463 2351 subsistentes
1482 2295 1554 2350 intra
1576 2294 1744 2366 propositam
1758 2308 1820 2348 me·

169 2383 194 2437 si
208 2385 280 2455 quis,
297 2382 420 2455 iuquam,
450 2384 567 2454 confidit
581 2384 635 2440 sibi
648 2400 677 2441 se
687 2401 745 2441 esse
762 2385 877 2453 Christi,
887 2386 915 2441 id
930 2394 972 2442 est
1022 2392 1086 2439 tam.
1096 2385 1130 2439 Et
1139 2383 1202 2439 licet
1212 2383 1354 2439 metiamur
1367 2390 1394 2439 et
1408 2399 1599 2455 comparemus
1613 2397 1665 2438 nos
1678 2381 1770 2450 nobis,
1781 2389 1821 2436 ta·

169 2470 243 2542 quod
257 2471 317 2542 ipse
332 2472 366 2526 sit
381 2471 521 2543 apostolus
543 2472 653 2540 Christi,
671 2490 726 2529 non
742 2473 792 2530 bae
807 2475 905 2542 solum,
922 2475 971 2530 sed
1021 2488 1084 2527 meu
1095 2487 1211 2529 nosnon
1221 2471 1407 2544 plantabimur
1420 2472 1452 2527 in
1472 2474 1656 2529 immensum.
1669 2470 1721 2527 Vel
1729 2476 1821 2542 potest

171 2559 224 2615 boc
239 2560 345 2616 iterum
357 2560 483 2616 similiter
498 2562 603 2632 sopitat
611 2582 621 2628 ,·
635 2578 687 2619 nec
699 2562 824 2630 inaniter,
834 2565 883 2619 sed
897 2563 972 2635 apud
1022 2562 1163 2633 bucusque
1186 2560 1354 2617 constructio
1382 2559 1455 2627 duci,
1481 2577 1537 2616 uon
1558 2559 1711 2632 supplendo
1726 2573 1821 2614 sumus

167 2662 206 2715 se,
218 2647 350 2702 subtiliter
359 2647 507 2704 discutiens
519 2666 526 2703 :
539 2650 605 2721 quia
614 2651 690 2706 sieut
700 2655 728 2706 et
738 2652 797 2722 ipse
812 2651 917 2706 Christi
929 2654 971 2707 est
1022 2649 1069 2704 ita.
1099 2650 1156 2704 Nos
1184 2648 1327 2704 metientes
1351 2655 1377 2704 et
1401 2656 1591 2720 comparantes
1605 2664 1656 2704 nos
1670 2647 1752 2704 uobis
1765 2662 1821 2702 non

168 2734 328 2807 discipulus,
356 2737 399 2792 ita
426 2740 455 2792 et
484 2753 535 2793 nos
549 2753 652 2794 sumus.
677 2738 750 2794 Vere
769 2737 887 2795 190
903 2739 973 2795 sicut
1022 2737 1209 2811 gloriabimur.
1225 2738 1283 2793 Nos
1297 2746 1386 2793 autem
1401 2737 1448 2809 qui
1460 2736 1552 2810 utique
1565 2737 1650 2811 digne
1662 2751 1820 2808 possemus,

168 2821 228 2893 ipse
243 2831 284 2878 est
298 2823 408 2891 Christi,
424 2825 462 2879 ita
478 2831 505 2880 et
519 2840 579 2881 nos.
601 2826 671 2880 Nam
685 2842 736 2882 nos
750 2842 844 2881 sumus
858 2827 896 2882 ita
910 2843 972 2882 am·
1022 2843 1077 2883 non
1104 2825 1282 2898 gloriabimur
1309 2825 1337 2880 in
1366 2826 1539 2895 immensum,
1567 2826 1616 2883 sed
1642 2824 1823 2899 gloriabimur

170 2911 242 2981 plius
256 2927 299 2967 eo.
312 2909 392 2980 Quod
407 2912 447 2969 sie
456 2913 494 2968 ait
511 2931 517 2968 :
532 2913 810 2986 Siattquidamnls'us
820 2918 901 2986 suero
909 2918 972 2988 pto·
1022 2913 1178 2972 secundum
1205 2930 1371 2970 mensuram
1393 2916 1506 2987 regula,
1530 2929 1585 2986 qua
1598 2929 1642 2969 me
1656 2920 1683 2969 et
1698 2911 1823 2968 subditos

169 3000 262 3056 riatur
277 3001 311 3056 de
322 3005 464 3072 potestate
478 3006 587 3069 nostra,
613 3018 665 3073 qua
680 3002 848 3058 incorrectos
863 3003 898 3058 ab
912 3004 969 3062 lic-
982 2968 1005 3029 ⁰
1020 3004 1117 3060 idonee
1132 3002 1267 3076 regulavi.
1286 3003 1361 3058 Tunc
1371 3002 1488 3059 tortasse
1502 3003 1606 3060 diceret
1614 3001 1714 3074 aliquis
1725 3018 1732 3056 :
1743 3000 1823 3056 llaue

169 3087 255 3144 clesia
283 3104 411 3160 separare
440 3106 563 3161 possum,
593 3097 620 3146 et
639 3091 674 3146 de
689 3091 797 3147 aeteus
811 3092 969 3162 apostolicas
1019 3106 1176 3148 mensuram
1204 3090 1252 3145 tibi
1279 3091 1424 3163 usurpasti.
1463 3091 1565 3147 Contra
1593 3090 1666 3163 quod
1696 3086 1821 3161 Paulus:

170 3178 314 3247 potestatis
330 3194 337 3234 :
354 3194 438 3250 quam
457 3186 621 3250 potestatem
636 3178 714 3236 dedit
731 3180 803 3236 milvi
822 3182 967 3249 Darninus,
1022 3182 1111 3249 Quam
1121 3195 1286 3236 mensuram
1298 3196 1414 3236 mensus
1425 3185 1467 3237 est
1480 3180 1559 3238 nobis
1572 3181 1652 3237 Deus.
1664 3179 1768 3234 lterum
1775 3175 1822 3232 ille

171 3265 220 3321 sed
248 3266 327 3323 vobis
348 3267 453 3338 pseudo
477 3282 532 3323 non
546 3268 639 3324 dedit:
655 3267 748 3341 utique
770 3268 836 3323 mihi
850 3269 924 3324 dedit
937 3271 970 3325 in
1020 3269 1068 3325 sed
1083 3285 1138 3325 nou
1149 3268 1279 3339 usquead
1290 3284 1350 3323 nos.
1362 3269 1523 3326 Mansuram
1532 3273 1630 3343 utique
1639 3267 1700 3324 disc
1707 3266 1824 3340 pertiu-

172 3363 389 3433 oedifieatianem
404 3369 537 3431 uestram,
553 3365 580 3420 id
594 3372 636 3421 est
648 3373 678 3420 ut
689 3381 737 3421 vos
751 3365 779 3420 iu
789 3365 842 3421 lide
852 3374 879 3422 et
889 3366 971 3423 virtu·
1020 3359 1106 3429 uendi
1114 3357 1246 3430 usquead
1255 3372 1311 3412 vos.
1321 3358 1355 3412 Et
1365 3358 1710 3432 verepertingimususque
1716 3359 1751 3415 ad
1761 3370 1821 3418 vos.

170 3452 242 3507 tibus
256 3451 433 3522 aedificarem,
444 3461 471 3509 et
483 3471 541 3510 nan
556 3454 631 3510 dedit
641 3455 672 3510 tn
687 3455 911 3512 destructionem
921 3470 970 3511 ve·
1021 3447 1081 3503 Non
1096 3446 1173 3502 enlm
1182 3445 1451 3518 superextendimus
1461 3450 1596 3520 nosquust'
1606 3447 1719 3520 quinon
1728 3464 1823 3505 sumus

169 3548 263 3610 stram,
295 3541 365 3598 siout
390 3542 462 3598 male
490 3542 635 3614 opinantur
657 3543 778 3614 quidam,
808 3543 911 3600 scilieet
926 3560 971 3600 me
1020 3535 1216 3608 pertingentes
1229 3534 1476 3590 advossecuudum
1486 3536 1822 3594 mensummnobisaDco

172 3630 371 3686 destructorem
394 3630 549 3688 Ecclesia:
573 3631 606 3700 si,
623 3631 742 3704 inquam,
766 3632 883 3703 amplius
906 3632 971 3704 glo·
1021 3629 1218 3677 mensuratam·
1242 3622 1313 3677 Vere
1328 3639 1383 3678 non
1407 3624 1659 3695 superextendimus
1673 3640 1734 3681 nus.
1751 3627 1823 3682 llam

169 3719 256 3773 riatus
271 3717 359 3785 luero,
383 3736 442 3775 non
457 3719 618 3776 erubescam
633 3719 713 3787 inde3
729 3719 792 3792 quia
806 3720 896 3793 gloria
910 3736 971 3776 mea
1022 3726 1108 3783 “tutte
1123 3710 1159 3766 nd
1167 3724 1256 3765 ¹20⁸th
1262 3725 1392 3768 mensura
1401 3712 1640 3785 Deipervsntmus
1650 3715 1683 3770 in
1692 3715 1823 3787 Evange-

173 3821 238 3860 vere
253 3806 341 3875 major
360 3813 411 3861 est.
1022 3802 1059 3857 lio
1066 3799 1179 3865 Christi,
1191 3797 1375 3868 praedicando.
1388 3800 1545 3872 Opponeret
1554 3802 1652 3859 itemm
1663 3816 1669 3856 :
1679 3802 1824 3875 Ingressus

206 3892 366 3964 Opponeret
380 3893 480 3965 aliquis
493 3890 503 3949 ':
520 3894 586 3950 Cum
602 3895 703 3951 debeas
717 3894 864 3964 aedificare,
876 3904 904 3953 et
915 3912 971 3953 non
1021 3906 1051 3945 es
1061 3889 1089 3944 iu
1098 3890 1217 3946 alienum
1226 3890 1359 3946 laborem.
1368 3889 1469 3945 Contm
1477 3890 1530 3946 hoc
1540 3890 1591 3945 ait:
1603 3890 1781 3947 Pervenimus
1789 3889 1825 3946 ad

171 3982 323 4049 destruere,
349 3982 405 4037 noli
419 3981 590 4054 impatienter
604 3999 779 4057 noscogere,
795 4002 829 4041 ne
844 3985 972 4057 lortepo-
1021 3995 1080 4050 tos,
1109 3997 1166 4037 nun
1188 3982 1343 4054 gloriantes
1366 3981 1397 4036 s‘n
1419 3979 1523 4035 alienis
1551 3978 1700 4048 moneas,
1725 3978 1754 4034 id
1782 3984 1824 4036 est

171 4069 224 4126 tius
246 4070 372 4127 destruas
395 4087 478 4143 quam
500 4070 629 4128 aedifiaes.
653 4072 752 4128 Contra
776 4074 829 4130 boe
848 4074 969 4130 Paulus:
1021 4084 1104 4140 super
1125 4069 1244 4126 alienum
1271 4069 1478 4124 tundamentum
1514 4083 1569 4123 non
1593 4064 1736 4135 aedificavi,
1766 4083 1825 4126 non

170 4158 245 4216 Licet
259 4159 326 4215 mihi
342 4159 486 4232 opponatis
510 4160 594 4232 quod,
618 4176 681 4217 oum
695 4161 809 4217 debeam
824 4161 969 4231 adifiaare,
1020 4157 1175 4228 gloriantes
1201 4157 1281 4225 dico;
1303 4164 1329 4213 et
1343 4172 1399 4212 non
1412 4156 1444 4211 in
1471 4157 1645 4212 immensum
1660 4154 1826 4227 duplicanda

168 4247 320 4317 destmam;
336 4256 427 4304 tamen
441 4249 536 4305 scitote
550 4251 616 4322 quia
630 4251 727 4322 quales
737 4266 835 4307 sameas
849 4268 900 4324 per
910 4254 971 4325 epi·
1022 4253 1064 4300 est
1085 4246 1130 4301 illa
1155 4247 1266 4320 negatiO
1282 4264 1290 4312 ι
1316 4260 1381 4302 vete
1407 4245 1591 4318 pervenimus
1605 4260 1693 4318 ΜΝ
1707 4245 1745 4300 Mt
1759 4259 1819 4302 vot·

169 4338 257 4398 stolas
271 4337 411 4405 absentes,
430 4338 501 4395 tates
515 4338 623 4394 erimus
639 4344 796 4412 praesentes
803 4341 836 4395 in
845 4343 937 4411 saeta·
946 4347 972 4396 ει
986 4326 1092 4389 DNum
1121 4335 1203 4390 etium
1231 4334 1299 4390 ultra
1323 4350 1382 4399 vos,
1399 4333 1472 4405 quod
1486 4333 1527 4390 sis
1542 4333 1601 4388 uit:
1623 4331 1740 4390 191
1760 4333 1825 4388 Nou

171 4425 222 4481 boc
235 4425 298 4482 ideo
313 4430 415 4484 utnon
433 4428 582 4484 existimer
592 4431 729 4501 tanquam
747 4431 853 4485 terrere
868 4429 972 4484 eosab-
1021 4422 1050 4478 in
1072 4422 1233 4479 immensum
1257 4423 1417 4496 gloriantes,
1440 4421 1488 4479 sed
1512 4421 1646 4479 nubentes
1661 4437 1739 4495 spem
1749 4436 1827 4478 cres·

170 4529 234 4569 sens
241 4530 294 4587 per
303 4516 446 4589 epistolas.
461 4518 603 4590 Tanquam
616 4520 724 4573 terrere
734 4516 804 4572 bene
814 4516 896 4574 dicit:
909 4516 973 4589 quis
1022 4512 1188 4582 centisfidei
1214 4515 1323 4579 aestro,
1347 4511 1447 4579 idest,
1472 4526 1522 4582 per
1549 4517 1720 4567 crescentem
1741 4508 1825 4566 fidem

171 4597 195 4653 si
205 4598 354 4656 minaretur
363 4599 543 4672 absensquod
550 4601 664 4672 implere
670 4599 970 4671 formidaretpraesens,
1022 4608 1139 4657 vestram
1153 4601 1334 4673 magnificari
1343 4601 1375 4655 in
1392 4599 1465 4656 uobis
1480 4598 1560 4656 :viso
1575 4597 1648 4654 enim
1658 4596 1747 4654 lruetu
1760 4596 1827 4654 fidei

169 4687 328 4762 baculique
343 4705 398 4746 non
414 4698 488 4746 esset
502 4694 620 4756 terrere,
632 4689 681 4744 sed
694 4693 831 4761 tanquam
846 4692 967 4747 terrere.
1022 4696 1119 4746 vestrae
1133 4689 1239 4745 dicetur
1255 4705 1262 4745 :
1276 4690 1392 4762 Magnus
1406 4696 1448 4744 est
1460 4687 1557 4744 doctor
1572 4695 1599 4743 et
1611 4685 1751 4742 institutor
1761 4684 1827 4742 fidei

169 4776 318 4834 Existimer
332 4778 395 4834 ideo
408 4779 479 4845 dico,
497 4777 751 4851 quoniamquidem
761 4777 970 4851 ipsiinquiunt.
1020 4778 1111 4847 hujus.
1128 4779 1303 4849 llapnifiean'
1314 4777 1375 4834 dico
1389 4778 1421 4832 in
1441 4777 1515 4835 vome
1529 4776 1686 4834 seeundum
1696 4776 1827 4849 regulam

169 4866 304 4937 Epistola
315 4867 390 4922 Pauli
399 4883 497 4938 graues
505 4869 583 4934 sunt,
593 4866 622 4921 id
630 4873 672 4921 est
680 4866 840 4937 ponderosae
848 4866 972 4923 etmultae
1021 4872 1158 4934 nostram,
1190 4867 1217 4922 id
1241 4874 1291 4936 est,
1322 4866 1471 4923 seeundum
1500 4866 1552 4921 hoc
1581 4864 1654 4937 quod
1689 4880 1722 4920 ex
1751 4863 1827 4920 omni

169 4954 336 5023 severitatis3
347 4959 376 5011 et
390 4954 524 5026 faruald
538 4961 579 5010 est
594 4954 780 5010 tortitudinem
794 4965 821 5011 et
833 4955 971 5028 quoddam
1021 4956 1146 5028 aequitate
1170 4955 1356 5027 regulavimus
1380 4953 1462 5011 vitam
1486 4961 1615 5022 vestram,
1632 4950 1826 5024 magnificabi-

168 5038 313 5110 impen'um
339 5043 506 5110 minitantes,
532 5043 580 5099 sed
598 5045 752 5116 praesentia
773 5046 899 5116 carparis
913 5044 986 5114 ejus.
1020 5061 1082 5100 mur
1095 5045 1123 5100 in
1151 5044 1238 5101 vobis.
1266 5044 1349 5115 Spem
1364 5044 1453 5100 etiam
1471 5042 1605 5099 habentes
1633 5040 1827 5115 evangelizare

169 5128 288 5198 infirma
307 5138 358 5186 est.
376 5130 478 5187 Contra
491 5132 544 5187 boo
572 5130 647 5203 quod
660 5131 821 5210 ait,sn·res,
838 5135 866 5189 et
880 5148 970 5190 sermo
1021 5135 1053 5189 in
1062 5134 1115 5189 illa
1124 5133 1254 5206 locaque
1263 5132 1342 5189 ultra
1352 5148 1409 5189 non
1418 5128 1829 5200 snnnnhoctnaenndanna.

169 5217 317 5289 proeseutia
345 5219 403 5287 ejus
428 5219 476 5275 luit
502 5220 736 5292 contemptibilis,
760 5220 788 5276 id
804 5228 846 5276 est
861 5221 971 5277 humilis
1021 5223 1050 5277 In
1065 5221 1155 5277 multis
1170 5221 1242 5276 enim
1257 5220 1325 5277 locis
1340 5219 1544 5294 evangelizabo.
1562 5218 1612 5277 Vel
1629 5218 1827 5290 evangelizare

166 5307 233 5362 satis
249 5315 275 5363 et
293 5306 384 5362 rudis:
402 5323 474 5364 nune
488 5315 580 5364 autem
594 5307 703 5380 gravis:
720 5316 759 5379 ut,
775 5309 897 5381 inquam,
915 5325 972 5366 nou
1021 5311 1048 5366 iu
1063 5310 1228 5366 abundantia
1243 5309 1384 5384 signorum
1399 5316 1426 5364 ει
1440 5307 1592 5364 sermonis:
1611 5314 1638 5362 et
1651 5306 1828 5364 nonhaben·

168 5395 448 5470 existimertanquam
460 5400 566 5456 terrere
576 5413 639 5457 vos.-
651 5397 972 5472 trecopitetqua'laujus·
1021 5408 1061 5457 tes
1073 5415 1151 5474 spem
1165 5398 1275 5472 gloriari
1294 5398 1326 5455 in
1342 5399 1438 5456 altena
1454 5397 1563 5468 reputa,
1578 5395 1608 5451 id
1625 5403 1676 5466 est,
1686 5394 1716 5452 in
1732 5393 1824 5453 abeno
