3742 5986
123 211 158 263 93
411 205 605 266 Excosttto
632 209 670 266 IN
697 209 888 268 EPISTOLAS
915 210 1028 268 PAULl.
1053 238 1088 252 -
1112 209 1150 268 IN
1175 211 1288 270 EPIST.
1321 212 1369 269 ΑΙ)
1395 211 1485 270 ttctt.
1740 213 1775 270 ii

126 351 139 382 ι
157 331 236 403 prior
245 332 320 388 dedit
335 332 384 402 illi,
395 341 422 390 et
436 333 599 390 retribuetur
608 335 656 392 eit
666 335 800 404 Quoniam
809 353 842 393 ex
852 337 960 408 ipso,A
975 355 1055 410 quarn
1069 339 1142 407 olim,
1161 355 1222 396 cum
1238 355 1292 396 non
1307 347 1366 395 erat
1380 347 1487 411 tempus
1510 339 1618 413 gratias.
1647 340 1710 401 llos,
1728 338 1774 393 iu·

125 441 138 472 ι
157 428 183 476 ει
197 436 249 491 per
263 421 364 493 ipsum,
382 431 408 477 et
420 422 449 477 iu
472 422 532 493 ipso
552 431 613 479 sunt
635 425 737 494 omnia,
762 425 814 497 ipsi
836 427 926 482 honor
974 443 1066 499 quam,
1083 431 1248 501 intempore
1262 428 1771 501 pratioesclcoescctoestrntreiiqniae,

124 531 136 556 ι
155 517 182 564 ει
198 509 291 584 gloria
305 510 333 565 in
348 511 450 567 secula
465 512 637 568 saeculorum.
652 515 750 570 Amen.
768 534 780 566 r
973 516 1001 571 id
1015 524 1057 571 est
1070 516 1108 571 illi
1123 532 1191 587 quos
1206 519 1279 572 Deus
1294 517 1345 572 sibi
1368 517 1476 589 reliquit
1498 517 1665 589 idoneosque
1680 515 1774 571 salva-

974 604 1039 659 tioni
1053 605 1200 676 praescivit.
1217 605 1351 678 Reliquiae
1364 607 1451 661 sctcoe
1464 608 1552 676 scctae
1566 609 1647 671 sunt,
1671 613 1697 660 et
1720 606 1774 661 hoc

974 695 1302 751 secundumelectioncm
1308 694 1368 760 Dei,
1378 695 1412 748 ab
1418 693 1672 765 aeternopraevisum
1688 711 1700 777 ².
1713 709 1773 765 qnae

973 781 1071 838 electio
1084 798 1139 838 non
1153 781 1203 837 tuit
1209 790 1321 854 propter
1335 783 1442 853 merita,
1461 783 1510 838 sed
1524 781 1678 854 luitprntiae
1690 801 1698 837 :
1709 781 1774 853 quia

158 871 232 942 Quia
254 872 316 930 dico
343 873 473 945 populum
496 875 652 931 Judaeorum
676 893 729 932 ron
754 877 922 945 credentem,
974 877 1001 925 et
1014 886 1065 942 per
1079 871 1197 943 gratiam
1213 870 1304 943 elegit,
1321 878 1347 926 et
1371 887 1421 943 per
1450 871 1564 942 gratiam
1588 870 1712 926 salvavit.
1743 871 1774 927 Si

120 961 171 1016 sed
186 961 437 1030 contradicentem
453 979 518 1034 crgo
533 964 645 1029 alicuid
660 973 701 1020 est
715 967 844 1039 nunquid
855 981 923 1037 pro·
974 963 1070 1015 autem
1085 960 1143 1016 haec
1158 959 1254 1015 electio
1261 967 1302 1015 est
1317 975 1366 1030 per
1377 960 1568 1030 qraticmp'am
1579 963 1690 1016 constat
1702 960 1774 1031 quod

119 1057 218 1120 pterea
233 1049 326 1106 dicere
341 1050 481 1106 existimor
495 1052 568 1123 quod
582 1054 655 1109 Dens
669 1056 777 1126 repulit
787 1057 924 1127 populum
973 1055 1078 1104 nonest
1094 1064 1131 1104 ecc
1145 1049 1341 1119 operibus,pro
1355 1048 1524 1104 merentibus
1538 1048 1629 1103 illam:
1646 1049 1774 1121 alioquin

119 1155 206 1193 cunm
216 1138 361 1194 ludoicum
376 1155 458 1211 quem
473 1140 549 1211 prius
563 1140 708 1213 elegerat?
721 1143 798 1198 Absit
819 1143 871 1199 hoc
895 1152 924 1198 ut
973 1136 997 1190 si
1011 1145 1122 1207 propter
1136 1150 1221 1208 opera
1236 1137 1412 1209 eligerentur,
1426 1137 1482 1206 jam
1492 1136 1558 1192 illud
1574 1137 1646 1209 quod
1662 1145 1774 1192 vocatur

119 1228 195 1283 Deus
223 1227 369 1299 aliquando
388 1229 506 1301 repellat
518 1229 648 1302 populum
672 1231 768 1286 suuml
784 1232 855 1288 Vere
869 1248 924 1288 non
972 1227 1077 1296 qratia,
1094 1241 1150 1281 non
1160 1229 1232 1281 esset
1246 1241 1315 1296 pura
1327 1228 1431 1297 pratia,
1442 1226 1491 1280 sed
1505 1225 1641 1281 meritum.
1657 1226 1716 1281 lloc
1725 1241 1774 1281 au·

118 1312 231 1383 repulit.
247 1314 319 1368 liam
333 1329 381 1385 epo
394 1314 607 1382 Israelitnsnm,
624 1324 650 1371 et
665 1317 739 1371 multi
755 1317 802 1371 alii
812 1317 857 1389 qui
868 1333 923 1373 nou
973 1320 1027 1368 tem
1048 1313 1242 1370 convenienter
1256 1314 1291 1369 de
1305 1313 1393 1387 gratia
1407 1313 1519 1380 inducit,
1536 1321 1565 1368 ut
1579 1313 1682 1369 necilli
1703 1329 1773 1385 quos
1818 1376 1821 1382 ¹

117 1416 215 1456 sumus
230 1401 341 1472 repulsi.
357 1403 415 1458 Nec
439 1400 477 1458 ita
505 1403 637 1469 israelita,
662 1413 691 1459 ut
711 1405 821 1461 aliunde
841 1414 922 1461 natus
973 1402 1046 1456 Deus
1060 1401 1112 1456 sibi
1126 1402 1236 1474 reliquit
1251 1409 1345 1474 putent
1360 1418 1389 1457 se
1404 1401 1508 1458 electos
1523 1418 1556 1457 ex
1571 1402 1666 1458 merito
1684 1402 1773 1458 :sicut

116 1489 782 1559 inludaismnmtrausicrim,sedsumexseminc
792 1495 920 1551 Abrabae.
972 1490 1060 1545 malos
1077 1491 1139 1562 quia
1155 1491 1226 1557 male
1241 1499 1401 1547 meruerunt
1416 1491 1597 1563 reDr0b³10³3
1614 1492 1713 1547 ⁸²11aess
1728 1490 1773 1545 di·

115 1577 173 1634 Nec
189 1578 290 1634 iterum
306 1579 341 1634 de
356 1578 482 1644 lsmacle,
499 1580 543 1637 vel
557 1581 592 1636 de
606 1580 668 1636 filiis
683 1582 798 1648 Ceturae,
826 1583 875 1639 sed
888 1583 923 1639 de
971 1594 1037 1634 cens
1054 1578 1123 1634 bene
1138 1580 1222 1635 servit
1240 1579 1391 1635 intentioni.

116 1668 193 1723 triba
210 1668 370 1738 Denjomin.
388 1669 452 1724 llaec
468 1668 554 1724 tribus
569 1668 630 1725 aliis
643 1670 756 1741 praelata
776 1670 842 1738 iuit;
859 1672 959 1759 quiaB
1008 1667 1148 1722 Summam
1163 1668 1351 1724 auctoritatum
1367 1685 1450 1740 supra
1464 1669 1623 1741 positarum,
1636 1668 1680 1726 hic
1708 1669 1772 1724 bre·

116 1755 161 1826 qui
177 1755 213 1811 de
229 1756 280 1811 bac
294 1756 364 1811 tribu
378 1755 498 1823 inerunt,
514 1773 569 1813 non
592 1765 646 1813 ιειη
667 1775 740 1831 saepe
765 1770 794 1816 nt
816 1760 861 1815 alii
885 1761 921 1816 ad
972 1755 1042 1812 viter
1057 1756 1171 1829 colligit,
1188 1764 1217 1812 ut
1230 1757 1334 1828 aperiat
1349 1757 1423 1830 quod
1438 1775 1488 1829 per
1510 1759 1571 1813 illas
1597 1759 1773 1815 auctoritates

115 1844 299 1899 idololatriam
313 1845 420 1917 delapsi
443 1853 517 1901 sunt.
543 1848 578 1902 Et
592 1848 655 1920 quia
681 1864 735 1921 ego
759 1849 793 1904 de
816 1850 921 1906 semina
971 1844 1137 1914 intendebat,
1155 1846 1249 1901 dicens
1265 1864 1271 1901 :
1288 1845 1358 1914 Quia
1385 1847 1510 1918 superius
1533 1848 1597 1914 dixi,
1623 1848 1773 1921 secundum

116 1933 238 1989 Abrabae
252 1949 307 1989 uon
321 1951 382 1988 sum
406 1935 541 2006 repulsus,
563 1944 677 2008 apparet
697 1954 748 2008 per
771 1936 824 1994 hoc
848 1939 920 2011 quod
972 1933 1068 1988 lsaiam
1087 1934 1196 1989 Judaeos
1219 1950 1273 1989 non
1298 1935 1453 2002 credentes,
1475 1936 1525 1991 sed
1544 1936 1771 1993 contradicentes.

116 2023 191 2077 Deus
206 2039 265 2080 non
281 2024 386 2096 repulit
399 2025 507 2096 plebem
522 2042 614 2082 snum.
642 2025 718 2080 lllam
741 2026 832 2100 utique
852 2043 919 2083 voco
971 2021 1032 2077 Dixi
1047 2023 1146 2078 iterum
1160 2024 1311 2079 secundum
1325 2024 1451 2079 eumdem
1464 2024 1594 2096 reliquias
1614 2025 1771 2080 Judaeorum

113 2111 225 2182 plebem
237 2111 287 2167 Dei
302 2128 386 2185 qnam
400 2115 554 2185 praescivit,
569 2114 597 2168 id
613 2123 653 2170 est
668 2115 872 2186 pradestinavit
884 2116 918 2172 ad
971 2126 1033 2166 esse
1048 2111 1175 2167 saltatus·
1193 2113 1267 2184 Ergo
1281 2112 1344 2184 quid
1360 2128 1392 2168 ex
1407 2113 1450 2167 bis
1464 2113 1544 2169 dictis
1559 2129 1619 2184 quae
1643 2113 1696 2167 sibi
1718 2113 1770 2169 ob·

113 2199 306 2255 salvationem.
321 2201 383 2256 Non
398 2201 492 2273 utique
506 2202 589 2258 modo
605 2204 714 2274 repulit,
736 2206 918 2276 quemadmo.
970 2199 1043 2255 viare
1056 2199 1183 2269 videntur
1197 2201 1382 2272 colligemus?
1396 2203 1454 2257 lloc
1467 2200 1561 2273 utique
1575 2202 1769 2275 dicemusquia

115 2288 180 2343 dnm
194 2287 262 2344 olim
277 2289 447 2346 existimante
460 2290 519 2345 Elia
540 2307 636 2348 omnes
658 2301 754 2364 praeter
775 2310 804 2350 se
825 2310 917 2350 reces-
969 2288 1040 2360 quod
1049 2291 1190 2362 querebat
1204 2291 1302 2356 lsrael,
1317 2289 1345 2345 id
1360 2297 1401 2345 est
1415 2290 1545 2346 iudaicus
1573 2291 1689 2361 populns
1713 2299 1771 2346 sta·

115 2378 186 2432 sisse
201 2394 217 2432 a
232 2377 307 2434 cultu
322 2379 389 2446 Dei3
405 2379 482 2434 multi
497 2387 598 2449 tamen,
615 2397 684 2454 quos
694 2382 752 2453 ipse
761 2382 915 2456 ignorabat,
968 2385 1052 2447 tuere,
1070 2378 1173 2434 scilicet
1185 2378 1318 2447 justitiam
1332 2394 1420 2445 suam,
1444 2386 1470 2434 et
1485 2379 1512 2433 in
1526 2395 1560 2434 ea
1583 2379 1692 2446 salvari,
1719 2380 1771 2437 boc

115 2467 253 2523 reservati
267 2475 328 2522 sunt
343 2469 439 2524 aDeo.
455 2468 501 2524 Sic
514 2470 597 2525 modo
610 2470 711 2526 multos
726 2473 800 2527 Deus
816 2472 917 2528 eleetos
966 2482 1024 2521 non
1034 2468 1351 2523 estccnsecutnsdsrcet
1365 2467 1392 2522 iu
1403 2475 1458 2523 toto
1467 2484 1525 2524 non
1535 2472 1765 2535 cstconsecntns,

115 2556 209 2623 ιειιει,
227 2571 297 2627 quos
313 2556 483 2629 ignoramus.
500 2558 553 2613 Pro
567 2566 643 2614 certo
656 2560 730 2615 Deus
744 2576 798 2615 non
820 2560 918 2632 repulit
964 2553 1015 2609 scd
1029 2556 1129 2611 electio
1143 2559 1295 2611 consecuto
1310 2560 1363 2622 est,
1380 2555 1407 2610 id
1422 2564 1463 2611 εει
1477 2557 1505 2610 hi
1519 2573 1588 2628 quos
1603 2557 1676 2611 Deus
1685 2557 1769 2630 elegit

113 2645 227 2716 plebem
242 2659 337 2711 suam3
353 2645 417 2717 quia
431 2648 595 2703 annectitis
606 2647 672 2720 quid
682 2649 829 2721 Scriptura
840 2650 917 2706 dieat
967 2642 1002 2697 de
1018 2643 1102 2698 lsrael
1119 2643 1259 2699 consecuti
1282 2652 1345 2698 suut
1372 2643 1557 2700 salvationem.
1581 2647 1682 2702 deteri
1703 2662 1766 2703 vcro

113 2734 144 2788 in
159 2734 236 2800 Elia,
252 2733 280 2788 id
295 2742 337 2790 est
351 2734 397 2789 ubi
411 2734 531 2807 loquitur
544 2737 579 2792 de
591 2736 668 2792 Elia:
682 2738 916 2810 quemadmodum
966 2731 1013 2802 qui
1026 2747 1081 2788 non
1097 2740 1160 2786 suut
1174 2732 1264 2800 electi,
1281 2748 1336 2788 non
1351 2733 1438 2789 solum
1458 2750 1512 2788 non
1536 2734 1676 2791 consecuti
1691 2741 1767 2804 sunt,

113 2821 159 2877 ille
174 2822 255 2877 Elios
270 2824 439 2894 interpellat
452 2826 540 2880 Deam
555 2825 688 2881 adaerere
699 2824 768 2898 [pro]
780 2826 876 2892 terret,
888 2826 915 2881 id
966 2820 1014 2874 sed
1030 2820 1111 2875 etiam
1126 2825 1195 2876 sunt
1206 2822 1390 2878 excecatilit
1400 2823 1452 2879 hoc
1463 2822 1524 2878 dico
1539 2825 1615 2880 sicut
1628 2825 1768 2896 scriptum

112 2910 199 2965 estad
216 2910 415 2966 damnationem
430 2912 593 2979 ludaeorum,
611 2913 706 2969 dicens
722 2914 775 2970 hoc
789 2914 817 2969 iu
836 2915 915 2970 tertio
966 2912 1008 2964 eit
1025 2909 1053 2964 in
1068 2909 1155 2976 lsaia;
1172 2910 1235 2966 litei
1250 2910 1311 2965 iiiii
1326 2911 1427 2978 verbis.
1444 2912 1541 2967 ecdem
1561 2919 1651 2967 limen
1672 2927 1767 2968 sensu·

112 2999 184 3054 libro
207 2999 316 3072 Regum
333 3013 339 3053 :
355 3001 482 3066 Domine,
505 3002 599 3057 Achab
621 3010 648 3057 et
670 3002 782 3058 lezabel
805 3004 915 3059 cecide·
965 2998 1049 3053 Dedit
1061 2999 1122 3054 illis
1131 2998 1313 3056 JudaeisDens
1323 3002 1460 3072 spiritum
1468 3001 1702 3074 compunctionis,
1715 3000 1769 3056 sci·

112 3092 185 3143 runt
197 3087 350 3159 propbetas
366 3092 447 3157 tuos,·
462 3090 642 3161 suffoderunt
655 3091 734 3146 etiam
746 3093 853 3147 ultorio
866 3095 916 3148 tun
965 3085 1029 3141 licet
1043 3087 1167 3157 spiritum
1178 3088 1325 3159 malignum
1342 3088 1388 3162 qui
1402 3098 1537 3163 pungeret
1553 3105 1610 3160 eos,
1627 3098 1654 3146 et
1680 3105 1768 3164 coge·

112 3176 159 3245 (lii
189 3179 255 3245 liep.
281 3191 343 3243 xxx,
365 3177 421 3249 20).
447 3177 554 3233 Fideles
575 3179 648 3234 enim
677 3179 712 3235 de
741 3180 827 3235 Israel
853 3180 916 3252 quia
967 3183 1009 3230 ret
1025 3176 1095 3232 male
1110 3177 1261 3248 agerellel
1270 3180 1413 3250 spiritum,
1426 3178 1453 3233 id
1468 3178 1682 3235 estvoluntatem
1692 3196 1767 3237 com-

111 3279 167 3319 nou
183 3263 322 3320 audebant
336 3265 372 3320 ad
386 3266 554 3321 adorandum
568 3268 715 3323 convenire
733 3267 762 3321 iu
784 3268 915 3323 llierusa-
963 3266 1132 3336 punctionis
1142 3284 1151 3320 :
1161 3267 1574 3338 quapungcrenturinvidendo,
1586 3276 1611 3323 et
1621 3268 1767 3324 irascendo

112 3353 177 3417 lem,
193 3353 310 3408 latenter
324 3353 387 3409 ideo
401 3354 429 3408 iu
444 3355 582 3425 §peluncis
605 3365 632 3411 et
656 3356 731 3413 silvis
751 3366 914 3413 construxe-
965 3351 1100 3407 fidelibus.
1117 3353 1197 3407 Dedit
1212 3354 1291 3409 etiam
1314 3354 1367 3410 illis
1387 3357 1490 3422 oculos,
1503 3356 1530 3410 id
1556 3364 1597 3411 est
1616 3357 1766 3414 naturalem

110 3449 261 3508 ranseries,
277 3441 368 3513 ibique
397 3443 589 3511 immolabant;
615 3460 685 3516 quas
707 3460 771 3500 aras
792 3446 875 3501 etiam
899 3462 914 3501 a
965 3441 1110 3496 rationem:
1127 3442 1176 3496 scd
1190 3442 1227 3497 ita
1242 3446 1276 3498 nt
1289 3459 1347 3501 non
1362 3444 1486 3514 videant,
1504 3445 1530 3499 id
1547 3453 1631 3500 estut
1646 3446 1768 3502 bonora-

448 728 607 771 uxrosmo.

110 3528 296 3586 fundamentis
323 3539 474 3588 everterant
503 3533 654 3589 idololatrae
669 3533 808 3600 israelitae,
827 3550 912 3607 qnos-

111 3635 165 3691 que
181 3618 356 3674 immolantes
370 3619 553 3688 inveniebant,
570 3621 739 3678 occidebant.
765 3623 841 3678 Alios
856 3625 913 3695 (in-

108 3707 178 3780 quit)
202 3708 351 3779 prophetas
375 3709 552 3778 occidemut,·
576 3714 604 3767 et
627 3727 674 3783 eqo
695 3713 771 3768 scius
793 3714 911 3770 relictus

108 3814 173 3853 aum
183 3797 211 3851 in
228 3796 302 3852 cultu
315 3796 374 3862 Dei,
386 3802 415 3853 et
425 3797 514 3855 adhuc
524 3803 656 3870 querunt
666 3801 795 3856 animam
805 3818 909 3868 meant,

106 3895 134 3940 ut
150 3902 196 3941 me
212 3886 347 3941 camellis
362 3885 531 3943 interficiant.
554 3887 599 3944 Sic
613 3888 650 3943 ait
664 3889 737 3944 Elias
756 3905 762 3945 :
778 3890 831 3946 Sed
844 3891 910 3963 qnid

106 3975 178 4031 dicit
193 3975 241 4031 illi
255 3975 381 4031 divinum
393 3977 578 4048 responsam?
589 3977 646 4033 lloc
655 3978 746 4049 utique
757 3993 763 4032 :
775 3979 835 4049 Ego
846 3980 910 4035 reti·

105 4065 163 4136 qni,
180 4063 211 4119 id
224 4071 267 4119 est
276 4064 412 4120 reservavi
422 4064 605 4137 mibiseptem
615 4066 708 4122 mittin
717 4068 910 4140 cit·orcm,qni

105 4171 165 4207 non
180 4157 371 4210 curvaverunt
384 4170 477 4223 penna
491 4157 559 4210 onte
575 4156 653 4220 Daci,
669 4155 697 4210 id
720 4163 762 4210 est
786 4156 830 4227 qni
852 4172 906 4211 non

965 3529 1047 3585 tionis
1062 3530 1213 3601 priventur.
1231 3531 1310 3586 Dedit
1324 3532 1405 3587 etiam
1420 3548 1513 3598 cnret,
1530 3533 1557 3587 id
1573 3542 1615 3588 est
1640 3535 1767 3591 eamdem
1816 3582 1819 3589 ,

965 3619 1099 3673 rationem
1114 3619 1193 3690 quasi
1208 3620 1281 3691 quod
1295 3636 1347 3691 pen
1360 3637 1390 3675 se
1404 3636 1458 3675 nou
1473 3629 1585 3692 possent
1593 3621 1764 3696 intelligere:

963 3707 1117 3762 debuerant
1130 3708 1223 3764 audire
1238 3717 1265 3763 et
1279 3709 1429 3766 addiscere.
1456 3711 1516 3765 Non
1540 3711 1663 3766 andiunt
1691 3712 1763 3783 dico,

964 3799 1094 3869 usquein
1111 3796 1279 3855 hodiernum
1294 3798 1377 3877 diem
1395 3798 1445 3854 Hic
1458 3799 1517 3854 dies
1541 3798 1691 3856 hodiernus
1716 3801 1766 3857 tuit

963 3887 1104 3956 prophctae
1122 3901 1127 3940 :
1144 3885 1292 3942 hodiernus
1308 3887 1389 3943 etiam
1403 3904 1491 3960 usque
1505 3888 1539 3943 ad
1554 3887 1637 3944 finem
1653 3891 1763 3946 mundi:

963 3974 1033 4029 sicut
1047 3974 1113 4029 illud
1128 3974 1155 4028 iu
1170 3974 1275 4030 balneis
1291 3991 1323 4030 :x
1342 3976 1428 4032 llodie
1442 3993 1504 4032 cum
1513 3978 1611 4048 pretio,
1629 3994 1692 4034 cras
1708 3979 1767 4035 sine

962 4061 1064 4133 pretio.
1086 4082 1098 4114 r
1116 4064 1190 4120 Dicit
1205 4066 1294 4120 etiam
1310 4066 1396 4121 David
1411 4066 1445 4122 de
1461 4067 1643 4124 excecatione
1653 4068 1765 4124 ludaeo-

962 4167 1023 4205 rum
1038 4153 1090 4208 hoc
1107 4167 1113 4206 ε
1130 4153 1194 4209 Fiat
1209 4170 1309 4210 tnecsc
1325 4171 1433 4221 eorum,
1450 4154 1478 4209 id
1495 4162 1536 4210 est
1553 4156 1695 4228 Scriptura
1711 4174 1766 4230 qua

107 4243 293 4297 adoraverunt
307 4241 388 4297 idola.
404 4243 464 4297 Non
480 4242 542 4298 ideo
566 4243 630 4298 dicit
653 4251 758 4314 septem
779 4243 864 4299 millia
878 4251 907 4299 ut
962 4240 1605 4309 debuerantanimsdverterebonum‚iiatillisin
1622 4247 1764 4318 loqueum,

103 4331 149 4386 bic
164 4346 297 4386 numerus
308 4331 506 4386 determinatus
520 4339 592 4387 esset
606 4332 632 4386 iu
648 4332 712 4398 illis,
729 4333 802 4404 quod
816 4349 905 4405 usque
960 4327 987 4383 id
1004 4338 1044 4384 εει
1058 4329 1238 4401 illaqueentur
1256 4331 1283 4386 in
1312 4331 1358 4386 illa
1386 4331 1505 4404 qnotidie
1529 4333 1649 4389 deterius
1663 4335 1764 4392 intelli·

103 4420 167 4491 plus
182 4435 273 4491 neque
287 4418 376 4474 minus
391 4419 428 4474 ibi
453 4429 527 4475 esset
543 4438 550 4486 ;
575 4421 624 4475 sed
646 4421 709 4492 quia
730 4437 781 4491 per
804 4430 908 4493 septem
923 4420 949 4479 D
964 4419 1055 4491 gendo
1072 4434 1078 4472 ε
1094 4417 1140 4473 fiat
1154 4419 1234 4475 etiam
1249 4419 1302 4474 illis
1317 4421 1528 4492 inceptionem,
1545 4423 1607 4495 quia
1623 4425 1764 4495 captisunt

104 4508 271 4564 universitas
284 4508 463 4581 designatur:
480 4509 542 4564 ideo
568 4508 648 4564 etiam
673 4517 764 4566 certus
779 4526 909 4566 numerus
960 4522 977 4561 a
992 4507 1120 4562 Romanis
1138 4526 1144 4563 :
1159 4516 1185 4563 ει
1200 4507 1248 4562 irat
1256 4508 1311 4563 illis
1322 4510 1354 4564 in
1369 4511 1548 4567 scandulum.
1565 4512 1703 4568 Miseriam
1717 4529 1764 4569 eo·

103 4595 253 4652 inincena
277 4597 443 4668 reponitur,
469 4604 498 4651 ut
528 4596 687 4652 ostendatur
708 4598 752 4653 hic
778 4615 909 4654 uumerus
959 4613 1019 4651 rum
1035 4597 1222 4668 dispersorum
1242 4613 1292 4669 per
1321 4598 1452 4653 mundum
1480 4609 1560 4657 vocat
1585 4602 1760 4658 scandalum:

103 4687 257 4743 electorum
284 4687 342 4742 Deo
369 4702 431 4741 esse
457 4686 593 4757 cognitus,
619 4687 670 4742 etsi
692 4687 727 4743 ab
753 4687 908 4743 homiuibus
959 4683 1005 4738 fiat
1020 4685 1101 4740 etiam
1116 4687 1175 4742 iltis
1190 4687 1221 4741 in
1236 4686 1458 4743 retributionem
1483 4691 1760 4762 (Proterruisti.

103 4775 256 4846 ignoretur.
286 4773 366 4842 Quod
390 4775 425 4830 dc
448 4775 507 4829 Elia
528 4775 669 4846 praemisit,
696 4776 804 4847 adaptat
825 4777 907 4832 modo
959 4773 1026 4828 Cum
1041 4777 1202 4846 captionem
1217 4782 1243 4830 et
1254 4776 1423 4832 scandatum
1437 4779 1657 4834 retributionem
1666 4788 1761 4850 posset

103 4864 185 4919 dictis
215 4863 271 4918 suis
297 4863 362 4919 ita:
389 4863 616 4935 Quandoquidem
640 4864 669 4918 in
692 4871 815 4936 ternpore
838 4865 907 4922 Eliae
957 4877 1063 4928 vocare,
1080 4871 1209 4918 aeteruum
1234 4871 1322 4919 tamen
1343 4863 1488 4930 interitum,
1512 4865 1577 4938 quia
1596 4883 1760 4938 permanens
1818 4907 1819 4910 ,

104 4953 183 5008 multi
213 4951 308 5008 fideles
339 4953 469 5008 reservati
495 4951 613 5020 iuerant,
638 4969 707 5025 quos
732 4960 824 5009 tamen
847 4954 906 5025 ipsc
957 4951 1018 5020 erit,
1034 4951 1237 5008 retributionem
1265 4953 1401 5025 intelligit.
1420 4953 1469 5009 Vel
1486 4954 1637 5014 itamecsc
1652 4974 1759 5027 eorum,

104 5040 269 5115 ignorabam
286 5058 359 5114 ergo,
374 5042 402 5097 id
417 5048 458 5097 est
473 5050 618 5113 propterea
633 5058 683 5113 per
696 5042 784 5099 simile
794 5043 907 5099 creden·
956 5040 983 5096 id
998 5048 1039 5095 εει
1054 5042 1106 5096 hoc
1121 5040 1193 5112 qnod
1210 5057 1239 5096 se
1253 5040 1353 5097 fellitos
1368 5051 1395 5097 ct
1409 5043 1502 5098 acidos
1515 5043 1666 5101 intulerunt
1688 5049 1756 5118 Deo,
1848 5118 1852 5121 Δ

104 5132 171 5186 dum
199 5139 241 5186 εει
269 5132 342 5203 quod
369 5133 421 5200 sic,
446 5131 473 5185 id
492 5139 533 5186 εει
557 5147 606 5202 per
628 5131 841 5187 misericordiam
855 5132 905 5188 Dei
955 5129 1001 5202 qui
1017 5129 1051 5184 dc
1067 5130 1245 5185 conversione
1256 5145 1350 5185 corum
1367 5130 1442 5187 refici
1457 5131 1575 5199 volebat,
1592 5133 1637 5189 liat
1660 5135 1714 5190 illis
1729 5136 1757 5191 in

103 5220 183 5276 sicuti
200 5228 273 5286 tunc,
304 5219 352 5276 Vel
380 5221 420 5276 sic
451 5238 458 5274 :
487 5220 557 5289 Quia
585 5221 814 5292 quemadmodum
842 5229 904 5278 tunc
956 5217 1092 5290 laqueum,
1108 5218 1136 5273 id
1152 5227 1193 5274 εει
1206 5219 1386 5291 illaqueentur
1400 5220 1462 5275 ideo
1485 5221 1628 5281 obsidione
1652 5224 1756 5279 Itoma-

101 5309 290 5381 ignorabatur‚
307 5310 346 5364 sic
360 5317 387 5365 et
400 5309 482 5366 modo
498 5310 600 5367 electos
616 5310 665 5365 Dei
680 5309 839 5366 discernere
849 5326 903 5366 non
954 5323 1060 5363 norum.
1078 5308 1183 5363 Caetera
1198 5325 1252 5364 nou
1267 5316 1415 5364 mutantur.
1432 5311 1465 5366 lit
1479 5312 1568 5378 octtlr',
1580 5311 1606 5365 id
1622 5318 1663 5366 est
1684 5312 1755 5369 ratio

102 5399 264 5456 audicimus.
281 5398 359 5456 63
375 5399 430 5469 Sic,
447 5399 541 5472 inquit,
554 5414 626 5456 nuuc
640 5407 668 5454 ut
679 5400 744 5455 olim
755 5401 842 5456 ctiam
852 5400 902 5456 boc
953 5412 1057 5463 eorum,
1070 5397 1299 5454 obscurentnrnc
1310 5398 1628 5470 videant,etintclligant
1641 5400 1753 5458 bouum.

102 5492 136 5545 in
151 5494 276 5563 tempore
291 5491 401 5559 gratita,
418 5504 472 5561 qua
487 5503 570 5544 causa
585 5489 673 5562 magis
684 5489 850 5544 credendum
862 5497 903 5546 est
952 5487 988 5541 Et
1003 5485 1118 5542 dorsum
1128 5485 1264 5554 eor·nm,id
1280 5493 1322 5542 est
1332 5488 1456 5545 eumdem
1471 5489 1667 5560 rationemque
1681 5492 1754 5549 seed

101 5579 191 5636 Deum
206 5577 420 5636 misericorditer
434 5576 486 5634 sibi
500 5592 659 5636 reservasse
683 5577 785 5635 electos
809 5579 899 5653 magis
951 5574 1136 5648 cognitionem
1150 5574 1201 5632 Dei
1215 5574 1324 5645 erigere
1339 5576 1501 5648 debuerunt,
1512 5577 1578 5635 illud
1592 5579 1709 5637 incurva
1727 5580 1756 5642 in
