3750 5984
70 210 119 264 sor
708 201 1076 276 urxsroxaotuvoua.
1664 211 1717 268 soa

73 340 205 401 metuunt,
222 333 245 388 si
261 350 321 405 quae
334 342 396 389 sunt
409 334 436 389 in
452 334 530 390 nobis
545 333 652 390 viscera
672 331 875 397 misericordiae,
890 330 972 390 Auis
992 338 1116 402 tempore
1130 332 1258 398 habeant,
1275 331 1303 385 in
1322 331 1376 386 illis
1398 331 1515 388 maxime
1530 333 1720 392 manifestatur

74 420 97 475 si
114 438 175 493 quae
197 421 314 492 pietatis,
338 422 448 478 assiduo
463 422 575 495 lugendi
589 422 661 491 fletu,
679 422 789 477 assiduo
812 428 874 475 sunt
923 419 970 489 qui
983 428 1128 491 postquam
1138 420 1234 476 devita
1247 420 1470 491 desperaverant,
1486 422 1633 491 postillam
1648 442 1718 497 qua·

74 508 224 581 plangendi
238 509 344 565 dolore.
362 511 473 582 Utrique
497 510 579 576 enim,
599 510 650 565 etsi
672 525 725 565 noa
749 509 873 565 eamdem
922 505 1084 579 lemcunque
1093 508 1302 576 confessionem,
1313 508 1348 563 de
1358 508 1518 578 aegritudine
1527 511 1721 569 convalescen-

77 594 146 651 forte
160 612 278 667 poeuam,
308 598 433 653 eamdem
455 606 557 665 tamen,
588 597 638 652 nisi
663 598 690 653 in
717 597 874 668 paenitentia
923 602 973 661 tes,
990 596 1026 650 ad
1041 604 1291 667 consuetapeccata
1305 596 1427 662 redeunt,
1443 605 1469 652 et
1483 597 1616 654 deteriora
1638 618 1719 672 quam

73 684 233 755 perdurent,
265 685 401 741 incurrent
423 686 633 742 damnationem.
670 686 747 741 Adeo
775 685 874 757 qnippe
922 682 1152 755 priusaliquando
1167 684 1346 740 committunt.
1369 685 1399 740 Si
1412 685 1559 742 enimvero
1577 689 1720 758 paenituis-

73 771 177 842 repleta
189 780 231 828 est
254 781 326 828 terra
348 773 498 846 iniquitate,
521 781 548 829 et
571 774 644 846 quod
668 773 696 827 iu
719 773 875 829 novissimis
923 777 993 836 seut,
1010 771 1137 827 deflenda
1151 788 1245 827 rursus
1259 779 1340 844 atquc
1355 771 1472 829 dolenda
1486 775 1653 833 committere
1672 793 1720 833 oa·

74 859 171 915 diebus
186 860 318 916 Dominus
332 860 449 916 futurum
464 860 705 933 predixit(lfattlt.
720 875 799 925 xxxv,
818 861 872 932 ll),
922 865 1027 913 verant.
1044 857 1097 927 Qui
1124 859 1147 914 si
1163 858 1236 914 illius
1251 859 1432 915 invalitudinis
1455 869 1579 933 tempore
1602 873 1719 921 mortem

73 947 231 1003 abundante
258 948 407 1020 iniquitate,
437 949 618 1023 refrigescere
648 949 729 1022 eoepit
755 949 873 1006 charites
923 945 1052 1012 subirent,
1064 955 1153 1002 utrum
1168 947 1203 1002 ad
1212 964 1329 1019 regnum
1343 948 1443 1004 Christi
1458 953 1613 1020 perventuri
1628 962 1721 1010 essent

74 1035 236 1102 multorum
252 1043 281 1091 ut
295 1034 401 1092 facilins
408 1037 532 1093 invenias
540 1037 586 1110 qui
599 1036 692 1093 laudet
701 1044 874 1108 peccatorem
923 1033 996 1088 Deus
1010 1033 1116 1089 viderit.
1133 1034 1185 1104 Qui
1199 1034 1283 1107 igitur
1297 1036 1332 1090 ab
1344 1036 1397 1092 hac
1411 1037 1466 1092 vita
1478 1037 1516 1093 ita
1530 1040 1718 1112 egrediuntur,

74 1122 102 1177 in
116 1123 261 1179 desideriis
275 1124 372 1181 anime
388 1141 453 1191 suae,
469 1141 549 1197 quam
559 1126 605 1198 qui
619 1125 747 1196 corripiat
760 1141 822 1181 eum
838 1125 874 1180 ab
921 1120 1076 1190 hujusmodi
1095 1123 1174 1177 etiam
1201 1123 1372 1179 confessione
1400 1140 1454 1180 nou
1479 1135 1626 1196 carentes;
1652 1130 1721 1188 sicut

72 1227 169 1267 errore
184 1212 235 1267 viae
250 1229 317 1268 suae.
337 1212 416 1282 Quod
431 1213 454 1267 si
466 1213 501 1270 de
511 1214 606 1269 otiosis
627 1213 797 1270 sermonibus
811 1213 874 1269 red·
922 1208 996 1263 solus
1011 1224 1106 1265 eorum
1124 1209 1218 1277 dubia,
1241 1210 1278 1265 ita
1299 1219 1326 1266 et
1353 1212 1492 1269 damnatio
1506 1213 1610 1271 incerta
1627 1233 1634 1270 ι
1650 1217 1719 1273 sicut

72 1299 154 1354 dituri
164 1316 258 1355 sumus
272 1300 403 1356 rationem
421 1302 449 1356 in
463 1301 507 1356 die
519 1301 624 1370 judicii,
641 1301 687 1372 qui
705 1300 872 1372 voluptatum
921 1304 1027 1351 nonest
1040 1297 1075 1352 de
1090 1297 1130 1352 ais
1145 1298 1355 1368 desperandum,
1372 1302 1409 1354 ita
1422 1316 1472 1357 nec
1487 1305 1717 1372 presumendum.

73 1396 100 1443 et
114 1387 269 1443 illicitorum
284 1389 365 1457 hujus
379 1390 473 1444 mundi
496 1390 694 1446 desideriorum
709 1396 771 1444 sunt
798 1406 872 1446 ama·
922 1382 1065 1452 Quomodo
1080 1385 1153 1440 enim
1166 1383 1247 1441 finem
1262 1385 1400 1442 invenient
1410 1389 1559 1459 suppliciis,
1580 1392 1626 1462 qui
1636 1391 1719 1448 linem

70 1483 144 1530 tores
159 1475 248 1548 magis
264 1493 345 1548 quam
360 1477 420 1543 Dei,
435 1494 489 1549 quo
514 1477 589 1533 ibuat
602 1494 618 1532 a
632 1477 726 1548 spiritu
741 1477 823 1545 illins,
846 1487 872 1534 et
920 1488 1059 1544 nunquam
1074 1473 1230 1544 imposuere
1249 1474 1396 1545 peccatis?
1411 1475 1439 1532 si
1454 1475 1527 1530 euim
1546 1478 1662 1548 amplius
1674 1480 1718 1535 vi·

71 1578 150 1634 quoa
164 1563 232 1619 facie
250 1566 308 1633 ejus
331 1563 436 1636 fugient
451 1582 459 1632 3
475 1565 521 1638 qui
544 1565 653 1639 quidem
667 1566 696 1620 in
722 1566 872 1623 humilitate
920 1568 1025 1626 verant,
1041 1560 1110 1616 forte
1134 1560 1250 1632 amplius
1271 1569 1299 1617 et
1326 1571 1482 1633 peccarent.
1512 1563 1603 1633 Quare
1629 1574 1719 1622 autem

68 1651 213 1719 judicatus,
237 1661 366 1708 ventums
385 1661 427 1708 est
441 1668 503 1708 oum
524 1661 666 1724 potestate,
684 1661 709 1709 et
731 1655 907 1736 majestateB
921 1648 994 1703 illius
1008 1649 1171 1704 venerabilis
1186 1648 1298 1705 latronis
1308 1649 1445 1706 confessio
1455 1652 1517 1709 huic
1536 1669 1629 1709 eorum
1651 1670 1719 1710 con-

69 1738 194 1806 judieare
216 1741 344 1796 seculum
370 1757 420 1812 per
442 1740 718 1813 ignethnomodo
745 1750 872 1812 poterunt
919 1735 1036 1792 sessioni
1051 1752 1105 1792 non
1124 1737 1299 1808 conferenda,
1328 1738 1439 1794 alterius
1467 1739 1520 1796 loci
1539 1750 1565 1796 et
1587 1744 1719 1814 temporis

71 1826 194 1883 babitare
217 1843 279 1883 oum
307 1829 371 1900 igne
399 1830 559 1898 devorante,
571 1837 597 1884 ει
606 1829 747 1885 ardoribus
769 1830 872 1903 sempi-
921 1832 963 1880 ost
991 1824 1136 1881 disserere·
1164 1827 1197 1880 Ei
1227 1826 1280 1881 ¹²⁰0
1300 1841 1354 1881 ¹1⁰ss
1383 1835 1474 1883 ¹1⁰Sii³
1503 1829 1644 1899 ῡβῑῦῑθῦθ,
1668 1831 1717 1886 sed

69 1914 156 1970 ternis
170 1915 185 1970 f
199 1915 227 1970 Si
250 1932 338 1988 neque
358 1916 392 1972 ab
418 1917 533 1987 oriente,
564 1932 654 1989 neque
669 1918 703 1973 ab
731 1918 872 1975 occidente
922 1920 1079 1968 sanctorum
1105 1914 1216 1969 Petrum
1229 1913 1401 1970 ‘auctoritaie
1424 1914 1600 1986 praeferimur.
1625 1918 1719 1973 Terri-

68 2010 144 2072 patet
157 2002 232 2059 locus
246 2003 393 2078 effugiendi
400 2005 520 2074 judicem
537 2006 634 2074 Deum,
650 2006 757 2077 quaudo
781 2007 871 2075 justus
920 1999 1003 2056 bilem
1014 2015 1080 2056 vero
1095 2000 1241 2057 dotalibus
1256 2000 1358 2072 profert
1373 2002 1518 2073 Apostolus
1532 2007 1693 2061 sententiam
1710 2022 1717 2061 :

68 2090 113 2145 rix
127 2091 286 2161 salvabitur,
312 2093 388 2164 impii
409 2102 436 2148 et
458 2102 616 2165 peccatores
637 2094 683 2149 ubi
707 2095 871 2165 parebunt?
920 2089 963 2143 Ao
975 2091 1097 2158 leontos,
1113 2088 1209 2161 inquil.
1223 2105 1238 2145 0
1254 2091 1344 2156 homo,
1355 2092 1488 2162 rimulam
1503 2092 1719 2164 benigniiotllot'

69 2178 210 2234 Terribilis
225 2188 265 2235 est
281 2196 347 2252 ergo
362 2180 453 2248 nimis,
467 2189 493 2237 ct
507 2196 590 2253 supra
605 2197 688 2254 quam
702 2182 745 2237 vel
753 2182 817 2249 dici,
827 2183 870 2238 vel
920 2176 956 2231 od
968 2178 1201 2249 pooiieofiomiss
1211 2177 1346 2234 adducit?
1355 2179 1719 2245 Tuveromecunttumaori-

69 2265 217 2336 excogitari
231 2274 320 2336 potest
334 2266 524 2332 formidabilis,
541 2266 620 2321 etiam
625 2266 715 2335 justis,
728 2274 870 2337 exspecta·
920 2264 991 2318 tiam
997 2268 1077 2319 tuam
1083 2265 1358 2336 etcorimpoenitcns,
1367 2265 1541 2322 thesaurisas
1548 2269 1598 2323 tibi
1605 2269 1680 2323 iram
1686 2269 1719 2325 in

67 2351 105 2406 tio
119 2352 165 2407 illa
182 2353 277 2423 judicii
292 2369 346 2425 quo
374 2361 482 2426 oportet
508 2369 604 2410 omnes
629 2369 680 2410 nos
708 2354 871 2425 presentari
919 2351 1723 2426 diotre,etrenotatioatsjmttjadicttbeitttom.n,aa).

67 2448 129 2495 ante
144 2441 259 2496 tribunal
281 2441 390 2498 Christi.
420 2442 591 2498 Horrendum
615 2442 715 2514 quippe
729 2450 771 2498 est
798 2443 869 2500 inci·
918 2439 1061 2510 Sapientes
1072 2439 1155 2512 igitur
1170 2440 1217 2511 qui
1226 2455 1282 2495 non
1296 2449 1460 2511 acceperunt
1474 2441 1502 2496 iu
1517 2458 1588 2498 vano
1599 2443 1716 2498 animam

65 2527 130 2584 dere
145 2529 172 2583 in
182 2545 279 2585 manus
291 2531 341 2586 Dei
357 2531 482 2587 viventis.
499 2530 554 2586 Sed
568 2546 624 2586 non
652 2531 709 2586 baec
735 2530 866 2602 cogitare,
917 2542 1006 2592 suam,
1021 2535 1048 2582 ει
1063 2528 1108 2599 qui
1122 2526 1189 2583 illud
1199 2528 1275 2599 operi
1289 2544 1339 2584 suo
1361 2545 1478 2600 posuere
1500 2530 1716 2599 fundamentum,

63 2631 119 2671 non
134 2617 298 2674 haecvolunt
313 2617 544 2688 animadvertere,
570 2618 616 2690 qui
630 2618 711 2673 variis
726 2627 753 2673 et
767 2618 867 2675 illicitis
916 2623 1018 2686 praeter
1040 2616 1113 2687 quod
1133 2631 1213 2671 nemo
1236 2623 1324 2687 potest
1352 2616 1425 2672 aliud
1445 2634 1558 2688 ponere,
1590 2621 1664 2691 quod
1677 2628 1719 2676 est

64 2704 145 2773 hujus
173 2706 235 2762 vitae
267 2705 409 2762 desideriis
438 2707 644 2774 deservientes,
670 2722 730 2777 quae
757 2707 792 2762 de
820 2707 867 2763 illo
916 2703 1038 2758 Christus
1052 2704 1150 2771 lesus,
1178 2720 1315 2776 nunquam
1331 2704 1382 2759 sub
1406 2705 1561 2775 hujusmodi
1575 2708 1718 2764 incertitu-

64 2793 207 2848 tremendo
241 2794 366 2850 examine
397 2794 540 2863 dicuntur,
575 2801 621 2848 aut
657 2810 712 2850 non
738 2795 863 2862 credunt,
915 2791 978 2847 dine
994 2792 1108 2846 salutern
1123 2807 1201 2847 suam
1218 2800 1376 2862 posuerunt.
1401 2795 1535 2850 xnehorae
1563 2796 1635 2851 enim
1659 2797 1719 2867 spei

64 2888 111 2935 aut
137 2888 329 2948 contemnunt;
355 2881 399 2937 vel
424 2882 506 2937 ctiam
531 2881 553 2937 si
582 2882 707 2949 creduut,
730 2882 865 2939 diabolica
915 2895 972 2935 suae
992 2878 1156 2935 firmissimas
1174 2879 1349 2936 immobiliter
1369 2881 1542 2948 inherentes,
1565 2884 1656 2940 inhoc
1673 2885 1717 2940 vi·

63 2976 155 3025 tamen
183 2969 361 3040 inspiratione
376 2969 512 3042 levigante
540 2970 676 3037 timorem,
692 2970 720 3025 ia
743 2979 865 3027 contem·
913 2974 968 3022 tam
982 2983 1059 3022 suam
1070 2967 1221 3033 instituunt,
1246 2969 1299 3024 boo
1313 2969 1395 3024 modo
1410 2971 1446 3025 ad
1470 2986 1595 3025 normam
1610 2972 1716 3028 divino-

62 3064 148 3128 ptum,
158 3057 358 3114 etoblivionem
367 3057 478 3126 ducunt,
490 3074 551 3130 quae
560 3055 751 3130 quantumfieri
760 3066 865 3130 posset,
916 3071 978 3110 rum
988 3055 1188 3121 mandatorum,
1205 3071 1301 3111 omnes
1328 3072 1383 3112 non
1402 3057 1490 3112 solum
1519 3058 1649 3126 actiones,
1666 3061 1716 3115 sed

62 3145 144 3200 etiam
158 3145 331 3213 dormiendo,
353 3153 415 3201 ante
432 3146 525 3201 oculos
538 3146 637 3201 mentis
661 3146 763 3202 habere
778 3145 866 3202 debe·
917 3150 943 3197 et
958 3142 1148 3214 cogitationes,
1160 3142 1346 3199 allocutiones
1357 3145 1560 3217 suasdirignnt,
1573 3154 1601 3202 ut
1615 3156 1718 3218 quanto

61 3240 132 3289 rent.
149 3232 226 3302 Quod
245 3233 269 3288 si
283 3249 316 3289 ea
344 3242 386 3289 est
400 3250 483 3293 causa
510 3233 647 3307 levigandi
662 3234 775 3304 timoris,
804 3234 867 3306 quia
916 3230 1028 3298 certius,
1045 3239 1147 3302 quanto
1171 3231 1294 3287 securius
1314 3241 1437 3303 possunt,
1458 3234 1634 3290 novissimam
1663 3236 1715 3291 de-

64 3319 169 3377 scillcet
182 3321 243 3377 dies
258 3321 305 3376 illa
324 3322 429 3391 judicii·
440 3321 524 3394 longe
542 3338 604 3377 esse
621 3321 728 3379 videtur
744 3321 805 3390 ;vel
819 3321 866 3378 illa
916 3333 1011 3374 cessus
1022 3318 1064 3373 sui
1078 3317 1182 3385 boram,
1199 3318 1375 3375 novissimam
1404 3337 1511 3393 quoque
1534 3323 1628 3395 magni
1640 3323 1715 3393 judi-

59 3408 210 3464 novissima
224 3408 355 3465 decessus
370 3409 413 3465 sui
427 3409 497 3480 dics,
513 3426 574 3481 quae
585 3409 732 3482 uniquique
751 3410 865 3481 propin·
915 3405 949 3461 cii
963 3406 1236 3477 diempraestolentur
1252 3422 1259 3462 :
1275 3416 1305 3463 ut
1315 3408 1404 3463 securi
1422 3417 1447 3463 et
1471 3409 1530 3465 sine
1554 3410 1715 3466 confusione

60 3504 180 3568 quaest,
206 3496 320 3552 deberet
335 3513 556 3569 unumquemque
576 3505 688 3565 terrere,
705 3504 731 3552 et
761 3497 865 3554 sollici·
914 3493 1092 3565 loquanturin
1108 3502 1188 3565 porta
1198 3496 1284 3550 exitus
1299 3496 1351 3561 sui,
1367 3503 1394 3551 et
1409 3495 1499 3552 dicant
1515 3513 1522 3552 :
1542 3500 1624 3555 Venit
1637 3500 1715 3570 prin·

59 3591 116 3639 turn
132 3582 231 3650 facere,
248 3592 276 3639 et
303 3592 441 3656 torporem
471 3592 498 3640 ει
525 3593 648 3656 teporem
668 3585 800 3640 mentium
829 3585 864 3641 ad
912 3583 1088 3653 repensandi
1105 3583 1199 3653 bajus,
1217 3585 1290 3638 etin
1314 3599 1359 3638 me
1381 3599 1439 3638 noa
1464 3584 1546 3640 babet
1563 3585 1716 3657 quidquam

60 3670 230 3742 vigilandum
245 3672 364 3728 excitare
380 3688 387 3728 :
403 3672 432 3728 in
457 3688 510 3744 qna
525 3672 649 3746 singulos
668 3688 719 3743 pro
747 3672 861 3740 meritis,
913 3670 1008 3740 (fona.
1022 3684 1083 3737 xxv,
1100 3672 1155 3739 30).
1173 3671 1206 3724 lli
1220 3671 1359 3741 cupientes
1373 3687 1435 3727 cum
1450 3671 1582 3742 Apostolo
1591 3672 1713 3740 dissolvi,

61 3775 122 3830 quae
136 3774 188 3816 nec
208 3759 303 3831 augeri
326 3759 453 3832 amplius,
478 3776 529 3818 neo
549 3760 635 3816 minui
650 3769 786 3832 potemnt,
811 3777 863 3817 ne·
912 3765 940 3813 at
955 3773 1017 3813 εεεε
1033 3773 1095 3814 cum
1109 3757 1227 3826 Christo,
1244 3774 1298 3814 non
1325 3759 1413 3814 solum
1428 3775 1482 3815 non
1498 3759 1655 3826 formidant,
1672 3777 1716 3817 ve·

58 3862 138 3904 cesse
152 3856 194 3903 εει
209 3848 331 3906 invenire
347 3864 390 3917 ea,
400 3865 462 3921 quae
474 3849 517 3906 vcl
532 3849 605 3905 bona
623 3849 652 3905 in
666 3850 862 3922 sempiternum
911 3862 971 3901 mm
986 3845 1069 3901 etiam
1087 3861 1195 3901 summo
1209 3861 1270 3901 oum
1289 3847 1427 3903 desiderio
1453 3847 1630 3904 novissimam
1657 3856 1715 3905 tre·

57 3951 114 3992 non
135 3943 260 4008 potemnt
283 3937 311 3993 in
334 3937 452 3994 deterius
477 3938 652 4008 commutari,
676 3939 720 3995 vel
747 3939 863 3995 malain
910 3934 1003 3990 mendi
1017 3933 1150 3990 examinis
1165 3934 1238 3990 diem
1253 3943 1421 4007 exspectant,
1437 3936 1715 4009 scientesrepositam

57 4019 157 4076 medus
171 4021 303 4078 converti.
315 4021 384 4077 Sunt
398 4029 488 4078 autem
506 4021 665 4090 multi,i1no
687 4020 793 4078 infinita
812 4023 861 4078 ho·
910 4037 972 4078 esse
986 4021 1177 4079 sibicoronam
1196 4023 1318 4091 justitie,
1352 4040 1432 4096 quam
1460 4025 1556 4081 reddet
1579 4024 1632 4081 illis
1660 4027 1717 4082 Do-

57 4107 161 4164 minum
174 4107 327 4176 multitudo,
351 4109 397 4183 qui
419 4125 480 4166 cnm
498 4110 616 4166 assiduis
644 4110 700 4166 suis
729 4111 859 4182 peccatis,
910 4110 999 4166 miuus
1014 4110 1042 4165 iu
1053 4110 1097 4165 illa
1111 4111 1165 4177 die,
1178 4119 1205 4166 ει
1220 4112 1275 4180 jam
1302 4120 1428 4169 cessante
1455 4129 1533 4180 voce,
1549 4114 1641 4170 cordis
1662 4113 1714 4169 de-

56 4196 130 4251 mala
145 4212 194 4252 sua
203 4197 383 4269 multiplicent
405 4217 412 4265 ;
435 4207 592 4271 peccatores
615 4198 725 4271 quidem
741 4214 771 4254 se
799 4215 861 4255 esse
910 4198 1012 4255 siderio
1025 4197 1183 4270 frequenter
1196 4199 1367 4271 ingeminare
1385 4215 1439 4255 noa
1450 4208 1559 4256 cessant
1573 4201 1712 4269 dicantes,·

56 4293 275 4357 recognoscunt,
313 4287 362 4343 sed
389 4293 481 4343 tamon
518 4287 641 4344 converti
669 4286 858 4354 dissimulant;
910 4286 1025 4353 Quando
1040 4287 1347 4358 neniam,ctapparebo
1364 4290 1712 4361 causaciemlleilffsol.

56 4373 181 4444 exemplo
197 4373 302 4430 scilicet
315 4373 388 4430 illius
408 4374 568 4448 Evangelici
582 4374 694 4430 latronis
716 4374 797 4430 nimis
822 4370 899 4432 in-D
912 4390 966 4440 aar,
979 4376 1018 4443 3.)
1033 4373 1149 4443 Quando
1159 4373 1322 4444 adimplebis
1331 4390 1376 4430 me
1389 4375 1481 4431 laetitia
1491 4393 1553 4433 cum
1561 4377 1636 4433 vultu
1646 4379 1714 4434 tuot

56 4461 194 4528 haerendo,
213 4461 329 4534 quadam
351 4463 562 4535 presumptione
585 4463 685 4519 divinae
705 4462 860 4520 misericor·
910 4462 1020 4535 quando
1034 4462 1172 4533 apparebo
1187 4463 1347 4534 conspectui
1370 4471 1416 4520 tuo
1431 4473 1456 4520 et
1480 4465 1611 4534 satiabor,
1639 4481 1713 4523 oum·

56 4548 118 4614 diae,
131 4565 186 4605 uua
199 4550 348 4607 novissima
366 4559 489 4623 tempore
503 4551 594 4608 obitus
615 4551 657 4606 sui
676 4551 857 4619 confessione,
909 4550 1065 4623 apparuerit
1078 4550 1166 4623 gloria
1184 4550 1257 4605 tuat
1273 4549 1383 4623 quando
1406 4553 1563 4610 inebriabor
1577 4555 1613 4609 ab
1635 4557 1714 4611 uber·

54 4636 142 4692 deleri
151 4637 319 4695 confidentes
333 4648 508 4711 peccatorum
523 4655 635 4696 suorum
649 4639 858 4709 multitudinem,
909 4645 964 4695 tate
978 4639 1077 4695 domus
1089 4647 1151 4707 tuae,
1163 4646 1190 4695 ει
1203 4639 1320 4711 potabor
1333 4648 1453 4697 torrente
1476 4642 1622 4713 voluptatis
1636 4643 1713 4698 tuae?

54 4740 139 4796 quam
154 4742 206 4783 nec
220 4726 400 4784 estimatione
411 4727 643 4799 comprehendere
658 4737 785 4799 possunt.
805 4728 859 4784 llo-
910 4726 972 4784 Scio
987 4726 1097 4799 quidem
1111 4735 1138 4783 te
1166 4727 1270 4794 mirari,
1286 4729 1329 4785 vel
1352 4729 1435 4785 etiam
1445 4729 1515 4785 forte
1535 4731 1665 4801 conqueri
1679 4731 1713 4785 de

53 4828 114 4869 rum
128 4814 205 4870 multi
219 4815 284 4870 dum
304 4815 412 4872 incaute
436 4816 471 4872 de
495 4816 683 4873 misericordia
710 4815 857 4882 confidunt,
909 4815 1061 4887 prolixitate
1074 4816 1219 4873 verborum
1235 4817 1250 4872 t
1265 4816 1314 4872 sed
1328 4818 1438 4874 attende
1450 4818 1510 4891 quia
1527 4833 1580 4886 res,
1596 4818 1630 4872 de
1660 4832 1714 4889 qua

52 4902 175 4957 verenda
190 4902 271 4959 nimis
279 4912 306 4960 ει
320 4904 437 4972 occulta,
458 4905 507 4960 sed
522 4913 614 4960 tamen
625 4906 700 4975 justa
717 4904 801 4960 divini
812 4905 859 4974 ju·
910 4918 973 4977 ago,
983 4904 1107 4978 grandis,
1124 4911 1151 4960 ct
1171 4905 1312 4978 negotiosa
1331 4913 1382 4962 εει.
1408 4905 1555 4979 Negotium
1578 4904 1714 4976 siquidem

50 4989 114 5045 dicii
129 4990 272 5047 severitate
299 4992 499 5048 damnationem
517 4993 667 5050 incurrunt.
685 4992 773 5062 Quam
800 5009 859 5048 rem
909 4991 1171 5065 dequoago,salas
1187 5000 1299 5050 tuaest.
1318 4996 1361 5051 An
1375 4994 1423 5049 tibi
1447 5001 1552 5049 tantum
1575 4994 1714 5065 negotium

52 5077 162 5149 quidem
177 5078 213 5133 ita
229 5096 259 5135 sa
274 5080 375 5137 babere
398 5081 480 5137 subiti
494 5096 576 5137 casus
604 5081 758 5137 immaturae
780 5096 858 5135 mor·
907 5087 998 5152 potest
1011 5080 1170 5136 incumbere
1183 5081 1197 5135 i
1210 5083 1309 5138 Nonte
1319 5081 1402 5154 igitur
1415 5083 1508 5155 pigeat
1521 5082 1624 5156 legere,
1641 5082 1715 5155 quod

52 5165 96 5231 tis,
127 5175 153 5221 et
175 5167 261 5223 corda
286 5169 433 5226 multorum
460 5170 511 5224 sub
540 5169 651 5225 indulte
677 5168 858 5225 confessionis
908 5167 973 5222 mibi
989 5168 1110 5225 scribere
1118 5185 1173 5225 non
1188 5169 1237 5225 fuit
1258 5170 1368 5243 pigrum
1386 5189 1393 5225 r
1409 5170 1458 5226 tibi
1472 5171 1545 5226 enim
1567 5171 1714 5226 arbitratus

50 5260 184 5325 tempore,
196 5256 392 5327 impoenitentia
417 5257 649 5329 lacrymabilibus,
670 5265 697 5313 et
710 5257 857 5313 miserabi·
908 5272 969 5311 sum
983 5272 1045 5312 esse
1055 5257 1130 5324 utile,
1146 5259 1211 5314 Haec
1233 5259 1306 5314 enim
1320 5258 1369 5313 tibi
1379 5259 1509 5325 scribere,
1521 5274 1609 5315 came
1630 5273 1714 5315 causa

51 5339 123 5396 libus
152 5343 241 5399 modis
265 5345 345 5399 nimis
375 5345 530 5418 frequenter
552 5345 740 5402 manifestant.
769 5345 857 5415 Quam
908 5344 1047 5416 compulit,
1064 5346 1174 5402 eamihi
1196 5347 1265 5403 ratio
1289 5348 1436 5418 persuasit,
1451 5348 1516 5419 quia
1538 5347 1643 5403 scilicet
1658 5361 1717 5401 om.

51 5427 227 5502 impoenitens
242 5440 333 5489 autem
347 5449 406 5503 cor,
415 5432 492 5490 multi
506 5433 579 5491 illius
593 5432 694 5492 utine
704 5433 857 5491 confossio-
907 5434 991 5504 nium,
1002 5435 1025 5491 si
1039 5434 1097 5492 fieri
1111 5445 1214 5508 posset,
1230 5437 1385 5505 homiuum,
1401 5436 1520 5493 maxime
1548 5451 1614 5493 vero
1639 5435 1710 5491 tide·
