3750 5984
99 195 169 251 1025
770 182 861 241 vlla.
878 215 913 228 -
928 187 992 242 tto.
1014 185 1063 244 tv.
1674 189 1744 249 1⁰26

98 316 242 382 Scutellas,
263 331 318 371 non
342 314 433 383 modo,
459 313 557 385 quibus
579 311 719 384 pulmenta
742 312 766 368 ei
781 311 895 367 fuissent
908 311 1053 383 Aignoro,
1070 327 1151 384 quam
1166 311 1488 384 pioducerisdesiderio,
1504 320 1678 385 utsupremae
1688 313 1744 382 jam

98 405 262 474 ministrata,
279 403 328 458 sed
351 404 442 468 etiam,
468 417 535 474 quas
565 401 674 457 fortuitu
696 401 785 457 illotas
798 400 898 456 alicubi
929 401 1010 471 Ιιιιιι
1027 409 1079 456 tuae
1093 401 1221 473 reliquias
1244 403 1314 458 inter
1339 411 1448 458 sanctos
1462 402 1626 474 burgundia
1641 400 1743 457 eremi-

99 493 256 565 reperisset,
273 491 469 548 delectabiliter
482 490 619 562 gaudebat
628 490 748 556 abluere,
765 496 838 545 tanta
852 504 899 545 eas
950 497 990 544 tas
1005 489 1159 560 expendere
1174 491 1276 546 valeas.
1294 492 1394 546 Verum
1408 508 1452 547 me
1466 491 1555 562 potius
1570 497 1596 546 et
1611 489 1678 545 ratio
1693 506 1743 545 ur-

99 582 240 655 diligentia
254 580 379 635 manibus
393 579 541 652 digitisque
556 578 726 634 nitidissimis
742 579 815 633 intus
824 586 899 634 erte·
950 586 996 652 get
1011 587 1038 633 et
1052 579 1186 647 voluutas,
1203 589 1231 634 ut
1245 580 1272 634 id
1287 579 1375 651 ipsum
1386 596 1478 653 agam.
1497 582 1648 636 »Extraoto
1661 578 1745 650 igitur

98 672 209 743 riusque
224 669 362 725 defricans
386 684 419 724 ac
441 668 612 740 pollinciens,
628 683 661 724 ac
675 667 699 723 si
713 667 826 724 calicem
841 668 898 723 Do·
950 667 1050 723 annulo
1064 666 1212 739 pontificali
1227 685 1244 725 ι
1259 669 1354 742 digito,
1379 677 1405 725 et
1420 668 1558 726 accersitis
1572 669 1607 723 ad
1621 684 1651 723 se
1665 665 1745 724 cleri·

99 760 229 816 minicum
246 775 276 814 se
292 765 464 814 contrectare
479 764 596 828 putaret.
950 755 990 810 cis
1002 755 1068 825 suis,
1089 757 1125 811 ait
1139 757 1180 812 eis
1197 772 1203 811 z
1221 780 1232 806 «ι
1251 758 1290 813 ιιι
1305 759 1476 829 quantocius,
1492 767 1519 814 ιι
1531 758 1603 814 hunc
1616 756 1746 811 annulum

137 847 237 919 Etipse
248 846 357 920 quidem
368 846 577 916 omnitempore
588 844 898 915 semelinhebdomada,
950 844 1090 901 vobiscum
1106 844 1271 913 deferentes,
1288 863 1320 903 ao
1335 847 1481 903 salutantes
1496 846 1621 902 dominos
1636 851 1747 901 nostros

104 937 197 1002 idest,
214 936 258 991 die
274 934 377 989 sabbati
393 934 546 1006 purissimae
566 933 746 991 confessionis
760 932 899 990 lavacrum
949 932 1106 998 lincolniae,
1123 933 1213 990 verbis
1236 935 1338 991 nostris
1359 935 1516 991 denuntiate
1531 934 1594 1001 illis,
1611 941 1745 1007 quatenus

103 1024 303 1097 frequentabat.
328 1023 407 1091 Quod
431 1023 465 1078 de
480 1022 621 1078 traditione
636 1022 783 1078 inviolabili
798 1021 900 1078 ordinis
950 1021 1002 1076 sibi
1017 1022 1099 1077 alium
1114 1024 1285 1095 provideant,
1302 1032 1327 1080 et
1338 1025 1440 1099 eligant
1449 1023 1614 1097 pontificem,
1625 1031 1652 1078 ut
1667 1021 1747 1078 nobis

101 1114 143 1169 sui
172 1129 335 1184 exsequens,
369 1112 524 1167 nullatenus
548 1112 699 1177 omittebat,
730 1111 794 1183 quin
818 1111 901 1166 etiam
952 1110 1230 1168 decaeteroamicam
1255 1112 1347 1169 fovere
1367 1113 1447 1170 liceat
1462 1113 1645 1169 solitudinem.
1660 1110 1747 1166 Nimis

101 1190 225 1259 crebrius
242 1202 294 1258 hoc
319 1210 423 1273 ageret,
446 1218 509 1256 mox
533 1210 562 1256 ut
577 1200 674 1273 aliquis
689 1216 722 1255 ιιι
737 1215 901 1272 quocunque
951 1198 996 1254 diu
1011 1207 1062 1267 est,
1079 1217 1112 1257 ex
1136 1218 1191 1273 quo
1216 1201 1286 1257 iuter
1311 1203 1467 1258 mundanos
1492 1218 1588 1260 versor
1613 1200 1747 1267 turbines,

100 1291 182 1357 facto,
199 1291 282 1356 dicto,
299 1290 420 1364 cogitatu
440 1289 587 1361 scrupulus
607 1298 706 1361 praeter
721 1289 827 1344 solitum
843 1288 901 1358 ejus
951 1298 1052 1344 sanctae
1076 1290 1291 1346 conversationis
1314 1291 1461 1361 dulcedini,
1477 1292 1505 1345 in
1517 1307 1571 1365 qua
1583 1307 1599 1345 a
1613 1287 1748 1362 principio

99 1381 190 1435 animo
215 1379 343 1433 subortus
363 1377 469 1434 fuisset.
495 1380 661 1450 Frequenter
684 1393 792 1450 quoque
806 1378 901 1432 iterata
951 1377 1031 1447 calui,
1058 1394 1143 1434 vanas
1167 1388 1193 1434 et
1217 1396 1321 1435 amaras
1345 1380 1538 1452 occupationes
1560 1375 1747 1450 hujussaeculi

98 1468 247 1523 innumeris
262 1467 367 1523 vicibus
383 1466 568 1536 confessione,
594 1467 725 1539 quidquid
739 1466 773 1520 ab
789 1465 901 1520 infantia
951 1482 1005 1521 non
1021 1474 1095 1523 recte
1109 1476 1286 1540 anteponens.
1305 1493 1316 1517 u

99 1574 129 1612 se
154 1556 309 1612 meminisse
333 1555 423 1611 delicti
457 1555 628 1612 commisisse
652 1562 767 1626 poterat,
791 1554 901 1611 domino
986 1555 1061 1610 Talia
1075 1572 1108 1612 eo
1123 1566 1318 1630 prosequente,
1334 1558 1432 1614 timere
1447 1553 1748 1629 empitactremerevir

98 1645 227 1711 revelare,
259 1645 372 1716 ejusque
406 1643 512 1710 vicarii,
542 1643 585 1700 cui
616 1642 808 1708 confitebatur,
837 1643 996 1735 ora-Bille
1010 1643 1217 1714 desideriorum,
1235 1663 1316 1719 quem
1331 1647 1449 1703 ducebat
1458 1662 1512 1702 nou
1523 1645 1640 1703 dulcedo
1653 1642 1749 1698 natalis

99 1734 172 1790 tione
188 1732 296 1789 veniam
311 1733 432 1788 obtinere
453 1732 604 1806 satagebat.
629 1730 714 1801 Quasi
728 1748 793 1805 raro
809 1733 899 1787 minus
949 1732 1010 1797 soli,
1027 1733 1075 1788 sed
1100 1734 1220 1807 flagrans
1239 1750 1317 1791 amor
1339 1735 1405 1808 poli,
1428 1734 1556 1807 stetitque
1571 1732 1749 1805 stupefactus.

100 1831 182 1888 esset,
199 1821 332 1894 quidquid
357 1821 439 1876 totius
465 1821 529 1876 anni
548 1830 669 1893 tempore
688 1820 755 1876 alias
779 1819 897 1887 fecisset,
949 1821 1024 1877 Tunc
1040 1821 1148 1879 clericis
1163 1840 1246 1895 super
1270 1823 1317 1880 tali
1340 1824 1490 1880 infortunio
1509 1821 1749 1896 conquerentibus,

100 1919 164 1967 tunc
177 1910 205 1965 in
225 1909 337 1965 auribus
357 1909 561 1966 discretissimis
586 1909 781 1965 venerabilium
803 1925 899 1965 servo·
950 1927 1004 1982 quo
1019 1927 1069 1982 per
1084 1927 1148 1968 eum
1163 1930 1212 1969 suo
1226 1912 1313 1969 forent
1327 1922 1435 1986 pastore
1450 1911 1623 1978 destituendi,
1636 1917 1752 1982 etexag·

101 2017 162 2054 rum
177 1998 227 2054 Dei
241 2014 303 2054 cum
317 1998 421 2071 ingenti
431 1998 523 2054 cordis
533 1997 695 2054 contritione
705 1999 733 2053 id
747 2014 831 2071 agere
846 1997 900 2053 im·
950 2000 1107 2070 gerentibus
1133 2003 1310 2059 vehementer
1336 2003 1539 2059 incommodum
1571 2000 1650 2071 hujus
1674 1997 1751 2066 mali,
1829 2072 1831 2079 Ι

100 2088 213 2160 pensius
227 2088 351 2155 curabat,
368 2086 555 2142 indesinenter
562 2103 734 2158 conquerens
745 2087 817 2160 quod
829 2087 901 2143 bona
950 2086 1031 2142 frater
1044 2089 1090 2144 ille
1114 2087 1233 2145 suffusus
1258 2090 1386 2163 lacrymis
1399 2100 1426 2148 et
1448 2089 1632 2162 ingemiscens
1656 2086 1751 2160 gravi-

103 2193 161 2245 sua,
177 2177 200 2232 si
212 2194 273 2250 quae
294 2193 327 2233 ex
340 2174 412 2232 douo
435 2175 485 2231 Dei
504 2175 532 2230 in
548 2192 578 2231 se
594 2184 696 2242 essent,
713 2192 745 2231 ex
761 2191 810 2231 suo
824 2184 901 2231 reatu
952 2185 1003 2245 ter,
1020 2177 1134 2249 pedibus
1150 2178 1305 2234 advolvitur
1317 2179 1402 2236 sancti
1412 2178 1549 2251 praesulis.
1566 2179 1688 2250 Cumque
1703 2191 1752 2232 ore
1793 2231 1797 2244 ,

103 2265 188 2334 fieret,
205 2266 278 2338 quod
290 2281 357 2337 pura
368 2264 433 2343 satis
443 2280 497 2320 non
507 2264 667 2336 prodirent;
682 2265 826 2322 malavero
840 2280 899 2336 sua,
951 2264 1069 2322 facundo
1084 2283 1115 2322 ac
1133 2267 1292 2324 doctissimo
1308 2268 1395 2324 laicus
1410 2267 1462 2323 iste
1477 2268 1607 2338 episcopo
1620 2265 1753 2322 niteretur

103 2371 158 2410 non
172 2354 244 2409 aliud
259 2371 339 2426 quam
354 2370 424 2427 pura
438 2353 511 2409 mala
525 2353 649 2410 fuissent.
952 2362 1009 2408 tum
1024 2355 1162 2426 precibus,
1183 2364 1241 2411 tum
1262 2357 1414 2412 rationibus
1426 2355 1603 2428 persuadere,
1619 2354 1682 2426 quia
1697 2367 1752 2408 uon

952 2442 988 2497 ita
1003 2443 1054 2498 sibi
1078 2444 1171 2502 liceret
1185 2445 1313 2502 divinitus
1328 2445 1489 2502 commissas
1504 2445 1660 2516 relinquere
1675 2458 1750 2513 oves,

404 2505 518 2562 CAPUT
536 2506 597 2560 ΧΠ·
953 2547 1004 2588 ιιι
1019 2532 1095 2587 illum
1119 2535 1171 2590 hoc
1196 2534 1277 2590 modo
1296 2534 1370 2591 flecti
1384 2534 1566 2606 conspiceret,
1583 2548 1672 2606 genua
1691 2530 1752 2600 ejus

104 2633 216 2695 Qualiter
227 2634 306 2696 fratre
318 2634 436 2695 Eumeda
448 2633 628 2696 irrumptione
639 2631 740 2682 itineris
762 2633 900 2695 consutum,
953 2621 1151 2692 complectitur,
1175 2623 1268 2679 dicens
1285 2639 1291 2678 :
1310 2646 1321 2675 ι
1339 2624 1419 2690 Vere,
1444 2624 1492 2688 aii,
1509 2622 1628 2694 quandiu
1643 2619 1752 2691 spiritus

136 2704 165 2750 tf
186 2699 340 2751 withamiam
360 2700 511 2761 relietum,
536 2699 692 2750 Carfltfflssm
712 2703 841 2761 semem&
860 2712 903 2770 ιθ,-
953 2709 1041 2765 vitalis
1057 2720 1117 2782 aget
1133 2720 1159 2767 et
1174 2721 1251 2784 reget
1265 2713 1317 2767 hos
1331 2722 1414 2779 artus,
1431 2728 1486 2767 non
1494 2718 1519 2767 tc
1529 2710 1683 2782 permittam
1692 2723 1753 2782 gre·

136 2769 317 2895 {cmm}
328 2767 622 2896 ,iffifkflssmgff
629 2767 904 2885 nz'mffifflffl
955 2814 1017 2870 gem
1034 2808 1109 2854 tuum
1124 2800 1286 2873 relinquere,
1304 2809 1331 2856 et
1346 2801 1525 2873 plurimorum
1536 2799 1622 2854 salute
1636 2805 1755 2854 contem·

137 2899 428 2961 desererettosaturum.
957 2895 1015 2958 pla,
1033 2888 1070 2944 tui
1086 2890 1272 2945 tantummodo
1287 2906 1384 2962 gerere
1406 2905 1507 2946 curam.
1523 2888 1588 2943 llibi
1601 2886 1698 2942 melius
1713 2892 1755 2941 est

957 2976 1029 3031 enim
1044 2977 1158 3033 interra
1181 2979 1330 3050 peregrina
1349 2995 1436 3051 usque
1452 2978 1487 3033 ad
1502 2976 1584 3032 finem
1599 2975 1711 3043 morari,
1728 2980 1756 3030 et

954 3065 1063 3120 tandem
1078 3073 1166 3121 morte
1186 3065 1266 3136 finiri,
1292 3083 1372 3139 quam
1397 3075 1534 3122 auctorem
1550 3064 1609 3120 fieri
1623 3063 1693 3120 tanti
1708 3062 1753 3118 di-

952 3153 1039 3224 scidii,
1051 3153 1080 3208 id
1094 3162 1135 3209 est
1149 3154 1300 3210 divisionis.
1313 3155 1468 3212 Redeamus
1481 3169 1548 3228 ergo
1559 3154 1592 3209 ad
1604 3152 1692 3220 solita,
1705 3166 1749 3218 ne,

954 3242 1018 3296 dum
1037 3242 1192 3315 quaerimus,
1215 3260 1276 3317 quae
1295 3253 1358 3299 sunt
1383 3252 1485 3312 nostra,
1502 3242 1644 3316 negligere
1660 3239 1754 3312 culpe·

953 3347 1015 3385 mur
1029 3347 1090 3403 qum
1099 3340 1161 3387 sunt
1174 3333 1239 3387 Jesu
1255 3332 1364 3389 Christi.
1383 3357 1395 3381 a
1405 3334 1454 3400 lta,
1465 3348 1547 3405 quern
1554 3332 1588 3386 ab
1604 3328 1753 3385 intentione

955 3419 1103 3475 recedendi
1117 3437 1132 3474 a
1146 3420 1208 3477 loco
1217 3421 1292 3492 prius
1307 3421 1417 3477 flectere
1431 3429 1552 3492 tempore
1567 3419 1652 3474 multo
1666 3417 1757 3473 nullus

109 3548 144 3602 ad
170 3548 338 3603 carthusiam
372 3547 461 3603 redire
499 3548 634 3619 cupiebat·
670 3548 786 3605 Videbat
822 3548 905 3615 enim,
955 3508 1275 3610 praevaluitprudentia
1295 3509 1344 3566 viri
1368 3510 1464 3608 sancti.
1479 3509 1506 3608 ιιι
1537 3513 1675 3607 momento
1698 3521 1754 3562 non

955 3597 1037 3653 modo
1052 3597 1145 3664 flectit,
1162 3599 1210 3654 sed
1226 3606 1318 3665 etiam,
1339 3606 1368 3654 ut
1382 3614 1415 3654 eo
1429 3613 1541 3653 mmrme
1555 3595 1715 3652 discedente
1728 3601 1756 3651 et

106 3636 257 3708 opitulante
282 3637 332 3691 Dei
354 3636 553 3704 misericordia,
571 3637 628 3706 jam
643 3637 733 3694 locum
748 3637 837 3709 ipsum
852 3646 907 3692 tam
957 3685 962 3696 .

107 3724 221 3781 interius
235 3740 318 3797 quom
341 3726 461 3781 exterius
484 3725 519 3780 ad
534 3725 707 3796 perfectionis
721 3726 830 3782 culmen
844 3725 907 3782 feli·
955 3702 1015 3785 ¹i⁵e
1031 3702 1139 3759 (Imque
1155 3703 1208 3743 ⁰⁰¹¹
1225 3687 1387 3757 ‘immi’
1403 3702 1466 3744 ⁰⁰¹⁰
1480 3688 1635 3742 vehemenu
1648 3691 1754 3739 mma*

107 3814 174 3871 citcr
187 3813 326 3871 enituisse.
343 3815 509 3886 Disponebat
532 3815 613 3886 igitur
627 3815 662 3871 ad
683 3831 748 3871 suos
763 3816 865 3884 redire,
882 3823 909 3872 et
956 3782 992 3829 ¹¹³
1006 3791 1224 3876 ¹ps⁰m.⁶¹⁰r⁰.r⁰
1239 3784 1339 3876 wign‘
1356 3778 1425 3833 Imm
1436 3785 1525 3849 “aque
1535 3789 1656 3873 ΜΨ
1670 3771 1756 3872 soe‘ie'

107 3903 211 3959 oeriosa
235 3903 293 3972 jam
310 3903 436 3959 membra
467 3903 555 3958 bustis
576 3912 742 3970 sanctorum,
768 3904 814 3976 qui
845 3904 919 3961 eum,
958 3879 998 3929 re,
1015 3864 1087 3936 quod
1098 3864 1144 3920 ille
1154 3865 1394 3922 Wrtbamtamnon
1406 3866 1555 3934 desereret,
1572 3879 1622 3931 nec
1636 3869 1688 3918 rste
1697 3861 1759 3917 Lm·

108 3990 310 4047 adolesoemem
333 3992 397 4047 olim
428 3992 618 4059 educaverant,
651 3993 767 4050 sociare·
793 3995 905 4061 Verum,
958 3952 1084 4020 colniam,
1106 3953 1220 4010 redeunt
1235 3953 1341 4011 alacres
1360 3955 1472 4028 pariter,
1490 3953 1625 4028 gaudente
1641 3959 1757 4024 utroque

107 4096 171 4137 cum
191 4089 317 4136 cerneret
332 4096 408 4135 suam
422 4080 456 4135 de
471 4080 516 4137 die
530 4080 558 4136 in
574 4081 646 4136 diem
661 4081 811 4137 rationibus
825 4081 908 4138 variis
958 4057 988 4097 ⁵⁰
1003 4042 1037 4098 de
1053 4042 1182 4155 ”new
1197 4045 1388 4116 [numphasse'

108 4168 182 4224 eludi
200 4169 387 4236 intentionem,
412 4184 465 4226 neo
486 4170 543 4239 jam
565 4170 648 4226 ferret
678 4186 732 4241 quo
758 4186 837 4227 mens
859 4185 909 4226 sua
1258 4212 1371 4268 CAPUT
1388 4213 1460 4268 xm·

106 4258 236 4313 aestuabat
257 4257 387 4313 desiderii
412 4258 623 4325 vehementiam,
639 4258 796 4315 valedicens
814 4258 908 4315 fratri-

107 4345 167 4411 bus,
183 4346 315 4402 tremulos
328 4346 426 4402 baculo
451 4355 607 4402 sustentans
622 4354 705 4414 artus,
722 4346 796 4404 abire
813 4347 904 4419 eoepit.
922 4362 927 4370 ·
984 4336 1238 4414 ῙὶθιὶθιιιΰῑθῑιιιθῑὶθΙ
1248 4337 1358 4415 ⁶0⁹thoe
1369 4337 1480 4416 ‘modist
1491 4337 1519 4389 fn
1530 4337 1608 4390 miti
1619 4337 1730 4401 Ηιιιθιιῑι

144 4437 178 4489 At
204 4434 356 4507 Episcopus
380 4435 465 4491 solitis
487 4443 551 4493 tunc
573 4436 601 4490 in
621 4436 692 4493 cella
721 4453 769 4491 sua
789 4396 946 4493 vacabatD
1167 4403 1280 4468 imm
1295 4404 1545 4456 mmmmm·

108 4522 244 4579 exercitiis
280 4524 571 4597 contemplationisque
607 4525 755 4582 dulcedini.
791 4526 905 4583 Caverat
991 4529 1111 4602 Singulis
1125 4536 1216 4586 autem
1230 4531 1637 4604 annis,temporepotissimum
1651 4540 1756 4588 autum·

108 4613 180 4666 cnim
195 4627 277 4666 senex
288 4611 333 4667 ille
344 4611 468 4680 devotus,
481 4629 515 4668 oe
525 4613 598 4685 quod
608 4613 770 4670 moliebatur
785 4615 811 4670 ei
825 4614 905 4671 citius
954 4617 1017 4685 nali,
1033 4618 1125 4674 venire
1148 4620 1228 4692 llugo
1242 4620 1419 4676 Witbamiam
1441 4622 1581 4677 consucvit
1597 4639 1604 4676 :
1621 4629 1754 4694 quatenus

108 4698 301 4766 innotesceret,
317 4716 332 4754 a
349 4716 402 4771 quo
417 4717 447 4756 se
461 4702 577 4757 maxime
593 4702 818 4773 praepediendum
833 4701 905 4758 mul-
954 4705 1019 4760 dum
1033 4707 1075 4762 sui
1088 4707 1123 4762 ad
1136 4707 1229 4780 fruges
1243 4709 1408 4780 temporales
1423 4710 1592 4782 colligendas
1605 4708 1754 4764 studiosius

109 4787 143 4842 tis
156 4788 212 4857 jam
228 4789 396 4860 argumentis
407 4789 764 4861 certissimeprtenoscebat.
781 4791 835 4847 Sed
850 4807 905 4847 nou
954 4803 1094 4864 vacarent,
1118 4794 1164 4851 ille
1184 4796 1297 4852 dimissa
1316 4813 1428 4853 suorum
1450 4797 1601 4871 frequentia
1619 4795 1753 4851 domesti-

107 4876 135 4930 in
149 4876 262 4949 longum
277 4893 322 4933 res
337 4877 421 4934 latere
435 4885 623 4950 competeret.
641 4879 701 4934 llox
716 4896 783 4953 ergo
794 4880 842 4943 ita,
857 4896 907 4953 pe·
954 4898 1050 4940 corum
1062 4883 1090 4938 in
1104 4884 1225 4956 propria,
1237 4901 1270 4941 eo
1281 4884 1395 4953 facilins,
1409 4902 1463 4958 qno
1473 4886 1595 4952 liberius,
1607 4884 1754 4956 carpende

109 4965 189 5019 dibus
202 4982 289 5038 usque
314 4967 349 5021 ad
370 4966 498 5022 interiora
522 4967 603 5023 vieini
617 4968 738 5024 nemoris
752 4985 814 5024 eum
829 4969 906 5026 inse·
954 4979 981 5026 et
995 4971 1022 5025 in
1038 4972 1138 5026 intimis
1153 4973 1251 5029 animm
1265 4990 1321 5029 snae
1335 4975 1476 5046 apothecis
1491 4973 1672 5031 recondenda
1686 4972 1756 5028 invi·

109 5063 197 5120 cutus,
214 5055 257 5109 bis
272 5055 347 5109 illum
362 5054 475 5111 affatur:
495 5079 506 5105 ι
523 5057 626 5125 Pareat,
643 5057 739 5130 iuquit,
755 5058 804 5113 tibi
818 5058 906 5114 omni·
955 5060 1054 5132 gilaret
1069 5076 1186 5118 annonae
1199 5062 1317 5133 spiritus.
1338 5064 1419 5119 Nunc
1432 5072 1523 5118 autem
1538 5062 1603 5136 quid
1617 5062 1646 5117 in
1661 5061 1755 5117 ultimo

108 5151 206 5213 potens
222 5144 305 5208 Deus,
327 5143 409 5200 frater
433 5143 575 5216 Egnardel
592 5144 664 5214 Quid
689 5147 761 5201 euim
776 5155 816 5202 est
833 5147 908 5218 quod
956 5150 1031 5219 qlod)
1042 5149 1100 5218 ejus
1111 5149 1145 5204 ab
1155 5149 1218 5206 inde
1228 5166 1337 5207 recessu
1345 5151 1447 5207 ibidem
1456 5151 1585 5209 acciderit
1593 5150 1753 5208 referemus.

110 5245 194 5303 agere
206 5232 375 5288 decrevisti?
389 5234 454 5305 quid
468 5234 572 5306 absque
586 5234 695 5289 alumno
711 5243 756 5290 tuo
766 5236 905 5303 recedere,
991 5236 1078 5292 Nocte
1093 5237 1176 5311 igitur
1188 5256 1248 5311 quae
1270 5238 1343 5294 diem
1358 5239 1434 5294 illum
1449 5241 1547 5297 elausit
1561 5256 1615 5314 quo
1629 5239 1755 5294 ultimum

110 5336 208 5392 meque
223 5320 320 5386 solum,
337 5330 364 5377 et
379 5322 450 5378 dulci
464 5322 603 5377 nutritoris
626 5323 723 5378 solatio
738 5324 905 5390 destitutum,
957 5323 1086 5379 fratribus
1101 5326 1233 5396 valefecit,
1249 5343 1296 5382 eos
1312 5327 1424 5383 ulterius
1445 5332 1626 5401 corporaliter
1640 5346 1695 5387 non
1709 5330 1757 5388 vi·

111 5407 139 5462 in
154 5415 228 5463 terra
251 5407 341 5465 aliena
359 5411 511 5483 relinquere
536 5411 685 5484 cogitasti?
699 5412 833 5484 Equidem
852 5428 909 5469 non
958 5430 1046 5481 surus,
1061 5414 1089 5469 id
1104 5415 1202 5471 accidit
1218 5415 1291 5486 quod
1306 5416 1435 5488 sequitur.
1453 5419 1520 5474 Cum
1541 5419 1613 5475 enim
1625 5421 1681 5490 jam
1697 5422 1756 5479 sin·

139 3017 206 3072 Cum
231 3024 323 3073 autem
346 3017 471 3088 superius
492 3025 658 3072 memoratus
682 3017 767 3073 frater
791 3019 939 3098 Emer-0

104 3105 156 3159 dus
171 3106 246 3178 (toa)
258 3107 315 3175 jam
329 3105 475 3161 admodum
490 3122 573 3161 senex
588 3113 660 3162 esset
673 3104 794 3174 effectus,
811 3113 903 3178 utpote

106 3195 152 3266 qui
166 3194 244 3249 annis
258 3211 328 3265 pene
344 3202 453 3251 centurn
468 3194 496 3248 in
510 3194 633 3249 diversas
643 3194 737 3249 mundi
750 3202 840 3266 partes
854 3210 905 3266 pro

104 3282 277 3338 instituendis
297 3283 368 3338 illius
392 3281 497 3338 ordinis
518 3282 644 3338 domibus
668 3299 683 3337 a
707 3283 763 3338 suis
786 3283 905 3339 Carthu-

106 3372 241 3427 siensibus
257 3371 340 3445 longe
353 3372 463 3443 lateque
479 3372 611 3437 directus,
626 3372 799 3441 demumjam
814 3372 908 3428 decre-

107 3460 178 3531 pitus
203 3459 280 3528 buius
299 3459 401 3532 negotii
426 3475 506 3515 eausa
531 3468 696 3531 pervenerat
716 3459 904 3527 withamiam,

146 5586 216 5655 (toa)
235 5589 270 5640 be
282 5600 329 5653 quo
339 5589 413 5641 ctiam
425 5589 506 5654 agitur
515 5590 558 5642 ιιι.
571 5603 600 5654 u,
612 5602 636 5643 e.
649 5591 675 5643 5.
994 5587 1064 5655 (aaa)
1076 5588 1122 5652 Qui
1134 5587 1217 5641 evenit
1227 5588 1295 5643 circa
1307 5588 1383 5645 ιιιιι
1397 5591 1456 5644 anal
1469 5591 1544 5645 ttae.
