3742 5986
158 127 211 182 aaa
425 126 454 182 s.
471 123 648 183 sunnonis
667 91 992 183 canruusnvonuar
1017 123 1260 183 nvsrrruronrs
1285 123 1362 181 ore.
1391 124 1481 182 rans
1494 124 1534 181 n.
1653 134 1660 145 κ
1755 124 1810 178 aas

159 256 218 305 tum
232 249 306 322 quod
321 256 384 305 sunt
397 249 441 306 vel
455 249 563 306 fuemnt
578 266 611 305 ex
625 263 659 306 eo
671 249 783 306 habent.
799 250 867 305 Tres
881 249 953 305 enim
968 247 1153 312 Amundanis
1167 256 1194 305 et
1207 249 1243 305 de
1262 248 1420 306 coelestihus
1438 248 1502 318 jure
1519 262 1620 313 aureus
1634 245 1721 303 fuisse
1735 244 1809 302 dici-

159 337 228 393 rami
243 339 289 409 qui
304 354 336 393 ex
349 338 460 393 dextera
474 346 553 409 parte
568 346 640 408 sunt,
652 346 708 394 tres
718 338 829 393 ordines
837 336 957 393 fidelium
1007 344 1059 392 tur.
1076 338 1106 391 ln
1121 352 1155 393 eo
1169 345 1260 393 autem
1284 337 1356 408 quod
1377 336 1442 410 igne
1466 336 1604 392 charitatis
1626 335 1655 390 in
1669 336 1761 390 Deum
1781 340 1808 389 et

160 425 240 494 hujus
253 426 386 483 Ecclesiae
397 426 468 498 (quar
482 426 593 499 dignior
609 433 650 481 est
661 441 744 498 quam
759 425 847 496 vetus)
862 433 958 480 osten·
1006 425 1034 479 in
1058 425 1211 496 proximum
1232 425 1329 496 plenus
1350 424 1409 491 fuit,
1432 433 1459 480 et
1480 424 1629 493 jucundum
1650 423 1810 479 orationum

161 513 238 581 dunt,
263 514 314 570 hos
336 514 421 569 habes
444 513 472 569 in
496 513 646 587 Evangelio
664 513 826 570 ubidicitur
842 528 849 568 ι
868 534 879 564 ι
897 514 958 567 Duo
1006 513 1121 568 odorem
1135 528 1186 584 pro
1200 513 1302 569 mundo
1317 513 1375 568 Deo
1390 511 1492 577 effudit,
1508 511 1646 567 thuribulo
1657 512 1721 581 jure
1735 510 1808 565 assi-

162 609 241 657 emnt
254 600 282 656 in
297 600 369 657 lecto
385 617 392 655 :
409 618 479 657 unus
492 610 654 671 assumetur,
671 602 739 657 alter
749 601 925 673 relinquetur.
944 624 955 648 a
1005 601 1117 656 mitetur
1130 600 1224 675 ignem
1242 600 1402 669 continenti,
1425 609 1452 656 et
1475 600 1589 656 odorem
1613 599 1700 655 thuris
1713 599 1743 654 in
1757 614 1804 654 su·

160 689 221 745 Duo
241 688 269 744 in
290 705 367 762 agro,
387 707 458 745 unus
479 699 640 760 assumetur,
666 690 734 746 alter
757 698 849 745 autem
872 688 957 743 relin-
1006 690 1114 760 periora
1138 690 1281 745 emittenti.
1307 690 1381 745 Idem
1406 688 1488 765 etiam
1503 697 1545 744 est
1559 703 1624 744 arca
1638 686 1809 754 testamenti,

162 785 271 850 quatur.
288 778 349 834 Duo
364 778 391 834 in
405 779 573 845 molendino,
589 794 659 833 unus
673 787 834 845 assumetur,
851 785 876 833 et
889 776 958 831 alter
1007 777 1034 833 id
1053 777 1136 832 estin
1151 793 1205 851 qua
1220 777 1411 834 reservabatur
1434 784 1626 833 testamentum
1649 784 1678 832 et
1694 775 1807 844 latebat,

160 864 331 938 relinquetur
344 869 420 936 (lac.
438 881 507 934 xvir,
528 869 572 931 3l,
589 868 644 935 35).
657 866 717 921 Duo
731 866 855 933 inlecto,
871 863 957 920 conti·
1006 866 1071 937 quia
1085 865 1113 919 in
1125 865 1258 937 sapientia
1273 865 1371 934 Patris,
1393 881 1455 921 cum
1471 880 1525 936 qua
1540 864 1612 919 idem
1626 863 1809 936 personaliter

161 960 268 1020 nentes,
287 970 402 1025 quorum
416 954 456 1009 illi
479 954 666 1024 relinquentur
681 954 727 1025 qui
742 953 785 1009 vel
799 969 849 1024 pro
866 951 957 1008 favore
1007 961 1077 1019 erat,
1093 961 1228 1025 precepta
1242 953 1342 1008 veteris
1358 952 1428 1025 legis
1442 961 1469 1008 et
1482 969 1560 1008 novae
1575 952 1705 1019 latebant,
1716 950 1809 1020 etjam

162 1040 257 1096 mundi
271 1041 448 1109 abstinentes,
473 1042 516 1097 vel
540 1057 589 1112 pro
612 1043 671 1097 Deo
690 1043 746 1097 hoc
761 1040 903 1106 facientes,
918 1047 958 1094 ta·
1007 1041 1113 1110 exejus
1128 1041 1308 1112 dispositione
1323 1041 1497 1111 pendebant,
1512 1041 1559 1112 qui
1570 1040 1651 1095 etiam
1661 1038 1810 1095 eaelaudit

162 1144 227 1186 men
255 1129 394 1186 deficiunt.
419 1129 460 1184 lili
481 1138 573 1184 autem
595 1130 641 1201 qui
654 1146 705 1200 pro
720 1129 828 1184 Christo
843 1129 894 1183 hoc
913 1127 956 1182 fa·
1007 1138 1033 1185 et
1048 1145 1128 1185 nemo
1142 1128 1238 1200 aperit,
1255 1128 1342 1200 aperit
1356 1136 1383 1184 et
1390 1144 1472 1184 nemo
1482 1127 1584 1183 claudit
1601 1127 1697 1201 (Apoc.
1709 1142 1752 1196 ιιι,
1768 1129 1808 1196 7).

161 1218 236 1275 ciunt
255 1224 282 1275 et
307 1225 493 1288 perseverant,
510 1218 536 1271 in
551 1217 639 1288 gloria
653 1223 845 1281 assumentur;
861 1215 915 1270 duo
929 1215 957 1269 in
1007 1219 1071 1274 Haeo
1084 1232 1149 1272 arca
1168 1217 1247 1271 omui
1265 1223 1343 1288 parte
1369 1224 1424 1271 tam
1447 1216 1560 1273 interius
1582 1231 1663 1287 quam
1685 1214 1809 1271 exterius

160 1321 237 1379 agro,
254 1313 317 1360 sunt
331 1305 488 1361 laborantes
503 1305 530 1359 in
544 1305 669 1361 Ecclesia
684 1321 745 1376 quae
759 1304 809 1359 Dei
824 1319 891 1377 ager
905 1311 955 1369 est,
1006 1321 1073 1361 auro
1088 1313 1159 1360 tecta
1173 1313 1243 1371 erat,
1268 1305 1333 1377 quia
1346 1305 1405 1375 ipse
1420 1313 1446 1360 et
1459 1305 1552 1359 anima
1565 1312 1592 1359 et
1614 1319 1731 1374 corpore
1745 1319 1809 1358 om-

160 1410 275 1467 quorum
289 1393 371 1463 (sicut
394 1393 428 1449 de
452 1393 511 1447 aliis
534 1392 702 1462 dictumest)
721 1392 957 1464 quidamadglo·
1006 1393 1082 1448 nium
1104 1393 1338 1448 consummatione
1361 1392 1491 1448 virtutum
1510 1392 1615 1462 enituit,
1633 1398 1661 1448 et
1684 1390 1761 1446 nulla
1784 1390 1810 1446 ei

161 1482 229 1537 riam
244 1489 429 1549 assumentur,
450 1481 559 1552 quidam
573 1481 606 1535 ad
621 1497 729 1551 poenam
749 1480 956 1551 relinquentur;
1006 1480 1092 1537 defuit
1111 1481 1226 1550 justitia.
1250 1483 1280 1536 ln
1293 1482 1345 1536 hac
1366 1497 1431 1538 arca
1454 1489 1512 1537 erat
1536 1497 1605 1536 urna
1625 1495 1719 1544 aurea,
1747 1478 1811 1551 quia

160 1571 216 1626 duo
230 1570 259 1625 in
273 1568 439 1635 molendino,
457 1570 733 1638 demonstranthujus
745 1568 957 1639 saeeuliposses·
971 1569 1035 1662 Bin
1051 1585 1167 1640 corpore
1191 1569 1293 1626 Christi
1317 1577 1376 1624 erat
1396 1585 1461 1625 vera
1480 1576 1507 1624 et
1530 1570 1648 1624 humana
1662 1567 1765 1637 anima,
1783 1574 1811 1622 et

160 1674 236 1714 sores
250 1658 279 1712 in
304 1656 470 1713 volubilitate
490 1658 684 1712 mundanarum
699 1674 791 1712 rerum
806 1664 956 1714 manentes.
1008 1657 1105 1712 eadem
1127 1657 1200 1713 omni
1224 1657 1322 1714 virtute
1345 1664 1374 1713 et
1385 1657 1506 1729 perfecta
1522 1656 1654 1729 sapientia
1669 1655 1762 1727 plena.
1779 1655 1811 1710 lu

160 1747 207 1819 qui
221 1746 347 1802 laborant
372 1747 509 1816 quomodo
533 1746 574 1802 vir
602 1745 707 1816 placeat
721 1745 837 1812 mulieri,
854 1752 881 1800 et
895 1760 958 1799 mu·
1008 1761 1078 1801 urna
1110 1753 1170 1802 erat
1200 1760 1301 1801 manna
1328 1745 1527 1809 absconditum,
1557 1744 1623 1816 quia
1656 1743 1686 1798 in
1717 1743 1810 1798 anima

160 1833 291 1890 lierviro.
302 1834 403 1888 Homm
417 1833 455 1888 illi
470 1833 667 1906 relinquentur,
680 1834 753 1905 quod
767 1833 851 1904 ipsius
865 1832 959 1886 mundi
1008 1833 1107 1889 Christi
1129 1841 1170 1890 est
1190 1833 1252 1906 ipsa
1282 1833 1428 1901 divinitas3
1444 1849 1505 1904 quae
1526 1840 1568 1889 est
1587 1831 1668 1904 panis
1691 1839 1719 1888 et
1739 1830 1810 1887 refe·

161 1921 304 1979 delectatio
328 1920 356 1976 in
380 1921 493 1977 crimina
515 1930 542 1977 et
564 1921 714 1992 perniciem
728 1921 817 1976 trahit.
837 1919 953 1976 391
1008 1921 1062 1978 ctio
1077 1921 1252 1994 angelorum.
1267 1922 1355 1977 Erant
1371 1920 1453 1977 etiam
1466 1921 1495 1975 in
1509 1936 1571 1977 arca
1584 1921 1662 1991 virga
1674 1922 1769 1975 Aaron
1784 1927 1812 1975 et

165 2010 208 2066 llli
221 2026 286 2066 vero
301 2018 485 2077 assumentur,
502 2010 548 2081 qui
561 2010 589 2065 in
599 2010 712 2066 crimina
726 2025 781 2065 non
790 2008 922 2075 incidunt,
931 2015 959 2063 et
1009 2010 1107 2065 tabulae
1129 2010 1303 2066 Testamenti.
1332 2009 1414 2083 Virga
1438 2012 1527 2065 Aaron
1546 2024 1642 2065 verum
1665 2007 1809 2081 significa-

161 2098 196 2154 de
219 2113 375 2154 mammona
397 2097 546 2168 iniquitatis
565 2097 668 2154 amicos
690 2095 742 2153 sibi
764 2096 865 2153 faciunt
879 2096 957 2167 (luc.
1008 2098 1046 2155 vit
1070 2096 1264 2154 sacerdotium.
1291 2097 1402 2153 fabulae
1425 2097 1590 2153 Testamenti
1613 2096 1698 2153 corda
1711 2111 1809 2152 eorum

162 2201 222 2253 xvv,
239 2186 277 2257 9).
1008 2193 1080 2253 sunt,
1105 2186 1250 2258 inquibus
1271 2185 1342 2258 legis
1366 2193 1507 2258 praecepta
1524 2184 1644 2241 insident
1665 2192 1693 2240 et
1712 2184 1809 2258 quies·

198 2273 239 2329 llli
253 2281 343 2329 autem
357 2281 413 2329 tres
429 2273 507 2341 rami,
533 2274 579 2346 qui
594 2274 712 2330 sinistrae
727 2273 798 2345 parti
813 2273 957 2340 inherent,
1008 2283 1085 2330 cunt.

161 2370 219 2419 tres
243 2361 355 2418 ordines
378 2360 497 2417 fidelium
517 2362 567 2417 sub
591 2363 676 2418 veteri
703 2362 850 2418 ostendunt
867 2376 873 2416 :
890 2377 959 2433 quos
1044 2363 1112 2418 Sunt
1126 2362 1218 2434 itaque
1230 2362 1259 2417 in
1272 2377 1337 2418 arca
1350 2361 1430 2434 virga
1443 2363 1534 2419 Aaron
1548 2370 1576 2419 et
1589 2360 1700 2418 Tabulae
1713 2361 1808 2418 Testa·

162 2451 248 2508 hahes
268 2467 319 2523 per
333 2451 484 2520 Danielem,
508 2468 557 2522 per
580 2452 650 2519 Noe,
666 2468 715 2522 per
727 2451 789 2506 lob.
805 2449 901 2506 Daniel
916 2459 960 2505 et·
1009 2450 1102 2519 menti,
1119 2451 1183 2522 quia
1202 2450 1230 2504 in
1255 2450 1362 2506 Christo
1385 2467 1478 2507 verum
1500 2457 1542 2507 est
1565 2449 1761 2517 sacerdotium,
1782 2457 1809 2505 et

162 2539 235 2597 enim
243 2539 290 2612 qui
299 2540 454 2607 vixitcaste,
467 2539 638 2597 continentes
648 2539 697 2595 sub
705 2540 789 2596 veteri
795 2539 857 2611 lege
867 2546 960 2594 osten·
1009 2538 1195 2612 unusquisque
1207 2537 1313 2606 fidelis,
1324 2539 1397 2594 unde
1407 2539 1437 2593 in
1445 2537 1596 2612 Evangelio
1605 2537 1642 2594 ait
1654 2555 1661 2593 :
1675 2557 1688 2589 ι
1701 2537 1808 2593 hlanete

161 2628 211 2684 dit.
233 2628 293 2684 Noe
316 2644 381 2685 vero
404 2628 551 2684 fabricator
574 2636 600 2684 et
625 2627 722 2684 artilex
746 2643 816 2684 arcae
840 2626 958 2693 Domini,
1008 2628 1036 2683 in
1051 2644 1104 2694 me,
1120 2635 1147 2684 et
1161 2643 1214 2699 ego
1228 2627 1256 2682 in
1271 2627 1348 2684 vohis
1363 2629 1455 2699 (toan.
1471 2642 1520 2695 xv,
1532 2627 1570 2698 l).
1590 2651 1601 2676 »
1616 2627 1704 2697 Super
1711 2641 1808 2684 arcam

162 2717 288 2773 doctores
301 2716 372 2788 legis
387 2716 574 2787 presignavit.
589 2716 641 2772 lob
655 2731 719 2772 vero
734 2715 780 2788 qui
793 2715 821 2770 in
831 2715 959 2788 conjugio
1009 2724 1067 2771 erat
1090 2715 1181 2770 tabula
1201 2731 1262 2786 quae
1285 2716 1434 2771 vocabatur
1456 2714 1684 2786 propitiatorium,
1709 2715 1809 2787 inqua

163 2812 191 2861 et
214 2821 305 2861 rerum
323 2804 499 2875 possessione
517 2804 576 2871 fuit,
599 2805 769 2860 demonstrat
790 2803 852 2859 illos
871 2803 961 2875 quiin
1009 2804 1083 2859 Deus
1098 2818 1234 2875 apparens
1252 2820 1302 2874 per
1323 2804 1450 2876 angelum
1473 2803 1670 2875 propitiabatur
1683 2804 1807 2876 peccatis

162 2892 298 2966 conjugiis
321 2900 349 2948 et
378 2893 460 2948 rebus
486 2892 630 2948 mundanis
653 2894 711 2949 Deo
735 2891 900 2963 placuerint.
930 2893 960 2946 ln
1009 2907 1113 2947 eorum.
1130 2892 1219 2963 Super
1232 2892 1460 2963 propitiatorium,
1477 2893 1532 2948 duo
1540 2892 1683 2949 cherubim
1696 2909 1807 2964 semper

162 2981 290 3038 omnibus
312 2988 403 3037 antem
432 2981 476 3036 his
498 2981 583 3036 ramis
606 2988 684 3037 erant
707 2980 865 3051 spherulae,
896 2978 958 3051 quia
975 2955 1138 3036 Ginclinato
1167 2980 1241 3036 vultu
1269 2981 1335 3036 illud
1363 2980 1532 3052 aspicientia,
1566 2989 1591 3037 et
1615 2981 1808 3050 coniunctione

163 3069 315 3126 rotunditas
329 3069 505 3141 perfectionis
520 3077 578 3124 erat
601 3069 628 3125 in
647 3069 786 3135 omnibus,
804 3076 831 3124 et
844 3068 958 3141 aequati-
1009 3069 1112 3126 alarum
1127 3084 1238 3124 suarum
1253 3070 1371 3140 desuper
1385 3078 1558 3125 extensamm
1565 3069 1633 3125 illud
1639 3070 1806 3125 obumbran-

164 3159 340 3230 tusjustitiae.
356 3159 410 3214 llas
424 3165 516 3213 autem
530 3156 680 3229 sphaemlas
695 3156 752 3211 lilia
767 3157 957 3229 sequebantur,
1008 3159 1056 3213 tia.
1079 3158 1156 3213 ldem
1174 3157 1297 3213 Christus
1318 3158 1535 3229 propitiatorium
1568 3165 1620 3227 est,
1654 3158 1807 3215 secundum

164 3249 229 3322 quia
251 3254 397 3321 postquam
419 3246 517 3318 aliquis
545 3245 681 3318 perfectus
708 3253 750 3301 est
774 3253 869 3318 gratus
892 3246 960 3302 odor
1009 3246 1082 3318 quod
1097 3248 1132 3300 ab
1146 3261 1179 3302 eo
1205 3262 1265 3318 quae
1284 3246 1419 3317 volumus,
1443 3246 1624 3318 postulamus,
1648 3254 1676 3302 et
1691 3262 1741 3303 sua
1755 3246 1806 3302 mi·

163 3339 233 3404 Deo,
249 3344 276 3393 et
290 3335 318 3390 in
331 3335 455 3391 Ecclesia
470 3335 595 3406 exemplo
608 3335 742 3392 honorum
755 3350 869 3405 operum
881 3334 960 3389 redo-
1009 3334 1157 3390 sericordia
1171 3334 1272 3389 nostris
1292 3335 1423 3404 peccatis,
1446 3335 1621 3406 propitiatur.
1639 3334 1729 3407 Super
1743 3351 1807 3391 eum

161 3425 224 3482 lens
242 3422 366 3481 efficitur.
383 3425 447 3480 Post
456 3423 512 3479 lilia
520 3440 583 3480 vero
594 3424 741 3480 succedunt
750 3423 883 3494 scyphuli,
896 3422 960 3494 quia
1009 3431 1072 3478 sunt
1096 3424 1151 3478 duo
1172 3423 1322 3493 ehembim,
1348 3424 1413 3495 quia
1435 3424 1517 3479 etiarn
1537 3424 1648 3480 altiores
1671 3424 1807 3480 coelomm

163 3528 226 3571 cum
240 3512 339 3585 aliquis
357 3514 490 3583 probatur
510 3512 658 3583 perfectus,
683 3520 710 3567 et
732 3510 857 3582 exemplo
880 3511 960 3567 bonae
1009 3512 1123 3568 virtutes
1138 3512 1162 3567 ei
1186 3511 1344 3579 innituntur,
1369 3520 1396 3568 et
1419 3511 1612 3568 firmanentum
1627 3528 1685 3568 suae
1698 3512 1807 3568 stabili·

162 3601 330 3674 operationis
355 3609 482 3674 tanquam
503 3601 588 3656 lilium
608 3617 657 3656 sua
671 3601 757 3656 odore
771 3599 956 3672 cognoscitur,
1010 3600 1073 3656 tatis
1087 3600 1187 3655 habent
1208 3600 1294 3654 illum.
1318 3601 1421 3656 Eadem
1436 3601 1577 3657 chembim
1591 3600 1807 3672 propitiatorium

162 3698 246 3747 restat
259 3698 288 3745 ut
302 3687 433 3746 efficiatur
447 3689 619 3759 praedicator,
636 3697 661 3744 et
676 3688 817 3745 catholicae
830 3687 960 3743 doctrinae
1009 3704 1119 3758 semper
1137 3687 1270 3758 aspiciunt
1286 3703 1292 3742 ε
1312 3687 1432 3744 392
1449 3681 1497 3746 se'd
1512 3689 1631 3760 desuper
1658 3689 1807 3755 obdurant,

163 3777 351 3850 indigentibus
365 3777 532 3848 propinator.
550 3776 602 3845 Qui
624 3776 779 3847 operatione
795 3783 822 3830 et
837 3776 960 3830 doctrina
1010 3777 1073 3848 quia
1086 3775 1213 3831 coelestes
1237 3776 1352 3832 virtutes
1375 3777 1591 3833 misericordiam
1618 3777 1669 3833 Dei
1696 3793 1808 3849 semper

163 3866 226 3922 talis
248 3864 372 3932 effectus,
400 3872 425 3919 et
447 3864 567 3934 seipsum
587 3865 651 3935 igne
669 3864 808 3919 charitatis
822 3863 958 3932 accendit,
1010 3864 1237 3935 contemplantur,
1268 3866 1328 3935 sed,
1352 3883 1405 3938 quo
1424 3866 1552 3921 intentius
1576 3882 1640 3921 eum
1659 3865 1806 3938 aspiciunt,

164 3960 192 4010 et
205 3952 265 4007 aliis
280 3953 372 4007 lumen
395 3952 423 4006 iu
445 3951 566 4006 tenebris
585 3952 712 4007 ostendit.
738 3952 893 4008 Secundum
908 3968 959 4006 au·
1010 3960 1085 4008 tanto
1096 3953 1240 4009 obscurior
1251 3962 1278 4008 et
1287 3954 1375 4026 magis
1384 3954 1495 4028 ignotus
1503 3952 1629 4025 efficitur,
1646 3977 1657 4007 ι
1676 3955 1808 4027 quoniam

163 4049 218 4096 tem
233 4040 438 4109 tabernaculum
461 4054 478 4093 a
491 4039 578 4109 primo
601 4039 655 4093 veli
670 4039 873 4109 interpositione
887 4040 959 4095 divi·
1009 4041 1197 4099 misericordia
1205 4042 1314 4098 Domini
1324 4043 1439 4113 abyssus
1449 4043 1534 4099 multa
1544 4044 1632 4112 (Psoi.
1643 4045 1783 4115 usust).
1793 4067 1806 4093 ι

163 4129 288 4195 debatur,
303 4127 332 4183 in
342 4129 414 4201 quod
423 4126 542 4199 pontifex
553 4127 627 4183 solus
638 4135 665 4183 et
677 4128 762 4183 semel
776 4128 803 4183 in
813 4143 883 4183 anno
897 4144 960 4184 cum
1011 4129 1041 4183 ln
1063 4144 1128 4184 arca
1160 4136 1249 4185 autem
1283 4138 1398 4200 quatuor
1428 4139 1507 4185 erant
1529 4131 1631 4198 annuli,
1655 4131 1807 4204 inquibus

163 4218 297 4292 sanguine
312 4216 528 4290 ingrediebatur.
1011 4226 1102 4272 vectes
1123 4217 1347 4282 immittebantur,
1375 4226 1403 4273 et
1417 4219 1457 4276 sic
1471 4235 1535 4276 arca
1550 4235 1604 4290 quo
1618 4235 1663 4275 res
1676 4220 1808 4290 poscebat

197 4306 413 4363 Tabernaculum
436 4306 504 4362 illud
527 4304 647 4362 ooelestis
669 4304 795 4361 Ecclesia
812 4311 863 4360 est.
888 4304 994 4366 llludD
1009 4304 1438 4375 deferebatur.Quatuorannuli,
1448 4316 1564 4379 quatuor
1573 4315 1634 4362 sunt
1643 4308 1806 4379 Evangelia,

161 4401 253 4450 autem
267 4394 404 4466 obtegitur
418 4394 488 4462 velo,
505 4393 570 4465 quia
583 4394 648 4448 dum
662 4410 756 4448 sumus
771 4393 799 4447 in
809 4394 860 4448 hac
870 4393 960 4449 adhuc
1009 4401 1110 4460 vectes,
1127 4394 1214 4449 sancti
1228 4395 1422 4464 predicatores,
1440 4396 1495 4467 qui,
1512 4396 1540 4450 in
1552 4395 1704 4452 doctrinam
1714 4396 1809 4452 Evan-

162 4483 271 4538 mortali
285 4498 367 4539 came
382 4482 425 4538 vel
439 4482 572 4548 Ecclesia,
590 4497 650 4554 quae
664 4490 691 4538 et
702 4488 801 4553 quanta
815 4483 888 4536 Deus
903 4481 960 4535 suis
1009 4481 1073 4552 getii
1088 4480 1212 4550 immissi,
1228 4490 1256 4537 et
1276 4482 1413 4538 Christum
1434 4483 1534 4552 atejus
1558 4483 1641 4540 tidem
1661 4499 1716 4555 quo
1732 4486 1809 4540 Deus

161 4579 296 4642 praeparet
319 4570 479 4642 ignorantie
493 4571 614 4627 cecitate
628 4585 798 4641 cognoscere
818 4584 872 4624 non
891 4584 959 4640 pos·
1009 4569 1065 4625 vult
1081 4577 1107 4623 et
1124 4569 1288 4639 praeordinat
1310 4569 1444 4626 defemut.
1470 4573 1528 4628 Hoc
1550 4551 1650 4638 a'utem,
1677 4572 1752 4643 quod
1774 4572 1810 4628 de

161 4676 267 4716 sumus.
292 4657 415 4714 Pontifex
437 4667 527 4714 autem
550 4659 595 4729 qui
617 4657 701 4713 semel
715 4658 743 4711 in
757 4672 839 4723 anno,
857 4664 884 4712 et
898 4673 960 4713 cum
1008 4657 1090 4730 lignis
1106 4658 1183 4713 setim
1198 4658 1270 4730 (quae
1292 4658 1468 4729 imputribilia
1486 4659 1560 4730 sunt)
1584 4658 1654 4716 facta
1667 4668 1720 4727 est,
1744 4675 1808 4717 cor-

161 4748 297 4822 sanguine
311 4747 451 4818 introibat,
471 4747 595 4802 Christus
610 4753 661 4812 est,
678 4745 734 4817 qui,
749 4746 778 4800 in
793 4744 959 4816 perfectione
1008 4762 1059 4816 pus
1074 4745 1174 4800 Christi
1195 4754 1256 4816 post
1281 4747 1438 4816 passionem
1461 4748 1613 4804 immortale
1635 4755 1663 4803 et
1676 4748 1808 4819 impassi-

161 4841 317 4908 temporum
336 4836 422 4892 semel
447 4834 611 4906 sanguinem
635 4850 713 4888 suum
737 4832 864 4900 offerens,
889 4832 959 4888 viam
1009 4832 1063 4888 bile
1082 4833 1202 4888 futurum
1217 4834 1401 4907 praesignavit.
1419 4837 1483 4892 llaec
1496 4836 1524 4891 in
1538 4837 1627 4906 primo
1643 4843 1671 4892 et
1684 4837 1808 4893 secundo

162 4924 282 4980 coelestis
296 4924 391 4995 patriae
408 4923 487 4978 nobis
502 4923 627 4978 initiavit.
640 4921 721 4991 Quod
731 4921 960 4992 veroipsahostia
1009 4929 1071 4976 sunt
1081 4921 1259 4978 tabernaculo
1266 4923 1310 4991 (de
1320 4923 1418 4995 quibas
1428 4928 1536 4981 nonest
1547 4925 1628 4980 modo
1643 4925 1809 4998 dicendum)

162 5026 217 5067 uno
247 5028 355 5085 quoque
391 5027 464 5067 anno
498 5010 689 5077 reiterabatur,
725 5009 960 5081 imperfectionem
1009 5009 1098 5064 eundo
1106 5025 1157 5082 per
1170 5010 1283 5082 singula
1297 5025 1394 5065 eorum
1408 5010 1621 5082 interpretanda.
1633 5012 1675 5066 De
1690 5011 1809 5086 singulis

161 5098 247 5170 ipsius
262 5099 359 5154 hostie
381 5099 553 5165 ostendebat,
575 5106 601 5153 et
623 5115 657 5153 ex
680 5098 738 5169 ipsa
755 5114 801 5153 sua
816 5098 959 5154 iteratione
1009 5096 1119 5168 quidem
1142 5113 1197 5152 non
1215 5105 1257 5153 est
1271 5097 1447 5166 discendum,
1463 5100 1511 5156 sed
1525 5101 1560 5157 de
1574 5101 1618 5156 bis
1633 5101 1678 5156 ita
1692 5116 1808 5174 rompo-

161 5186 245 5244 aliam
261 5186 377 5241 hostiam
398 5204 481 5259 quam
504 5186 596 5243 iterari
619 5202 673 5241 non
692 5194 841 5257 oporteret,
858 5202 958 5256 exspe-
1008 5187 1123 5241 sitirest
1136 5186 1282 5252 dicepdum
1296 5187 1809 5262 troescttteetqaodtnprtusquidm

163 5274 230 5333 ctari
241 5273 428 5347 praecipiebat.
448 5275 626 5330 Thuribulum
640 5291 751 5330 aureum
767 5275 891 5331 Christus
906 5281 957 5340 est,
1009 5274 1224 5330 tabernaculam
1245 5291 1355 5348 semper
1369 5276 1529 5332 introibant
1549 5277 1709 5334 secerdotes
1736 5294 1808 5336 cort·

163 5363 210 5436 qui
223 5363 252 5421 in
267 5377 300 5421 eo
323 5363 395 5437 quod
416 5362 566 5436 perfectam
586 5363 748 5435 sapientiam
763 5362 867 5430 hahuit,
884 5362 959 5420 etde
1011 5368 1185 5422 summaries
1201 5364 1296 5436 officia
1310 5366 1527 5437 sacrificiorum,
1540 5365 1619 5422 idest
1634 5364 1808 5438 perficientes
