3742 5986
125 185 179 240 ιιι
406 184 434 241 S.
455 184 633 243 BRUNONIS
652 166 976 244 diurnuslsuoamt
994 187 1237 246 ussrlttttoltts
1256 189 1333 263 OPP.
1353 192 1443 250 PARS
1461 193 1495 250 Π.
1728 199 1784 254 ιιι

127 307 228 364 Christi
243 324 297 366 non
312 309 420 365 erubuit
432 317 545 381 propter
559 310 667 367 vincula
677 310 764 366 Pauli.
781 309 960 375 PraemissaA
975 312 1088 369 socium.
1115 313 1142 369 Si
1157 315 1230 370 enim
1255 315 1337 372 odisti
1352 333 1424 385 eum,
1441 317 1487 390 qui
1507 317 1556 373 tibi
1579 319 1721 390 proximus
1737 327 1780 377 εει

126 397 212 454 multa
240 398 514 468 recommendatione,
532 401 590 468 ejus
617 415 717 455 nomen
744 399 778 454 ad
800 399 926 455 ultimum
975 400 1098 472 proiecto
1113 419 1164 459 nec
1186 405 1273 460 Deum
1289 405 1380 478 diligis
1399 424 1405 461 :
1421 413 1515 462 elnon
1539 406 1666 481 diligenti
1687 410 1777 466 Deum

127 486 226 543 subdit.
974 504 1028 544 non
1058 498 1100 545 est
1127 491 1253 548 habenda
1274 493 1327 548 ulla
1351 495 1517 551 communic.
1547 496 1627 551 Modo
1652 497 1779 553 fortassis

165 576 289 644 Obsecro,
304 574 426 647 inquam,
440 592 493 649 pro
506 576 565 646 filio
585 592 668 649 pacem
682 592 735 649 ego
751 575 926 647 spiritualiter
974 577 1078 633 diceret
1105 579 1151 635 ille
1168 598 1174 634 :
1191 580 1295 636 Reddat
1319 599 1380 654 quae
1401 583 1521 650 abstulit,
1552 592 1579 639 et
1601 600 1655 656 ego
1685 585 1777 641 indul·

127 663 334 735 pecui,scilicet
349 664 547 737 Occsimo,pui
561 667 620 736 suit
637 665 687 720 tibi
700 664 925 731 inutilis,iurtim
945 676 953 688 ·
974 683 1054 738 geom
1078 668 1140 739 ipsi.
1166 670 1239 726 Beue
1262 670 1335 726 enim
1355 671 1457 740 justum
1491 681 1532 728 est
1553 672 1700 740 dimittere,
1727 674 1777 730 sed

127 751 260 808 elabendo
274 768 291 808 a
305 761 341 821 te,
357 753 519 824 aliquunde,
533 752 560 807 id
575 761 616 808 est
630 768 692 809 cum
708 752 824 809 inlidelis
839 761 922 822 esset,
973 756 1113 826 pecuniam
1131 766 1256 829 repetere
1271 758 1369 833 religio
1389 760 1541 817 Christiano
1556 777 1611 817 non
1633 762 1775 833 probibet.

126 857 204 897 ncnc
214 845 310 898 ostem
316 840 404 896 lactus
410 840 507 907 lidelis,
517 842 598 897 utilis
608 841 658 897 luit
670 841 740 897 mibi
746 841 924 898 ministrando
973 845 1072 899 Contra
1086 846 1139 912 hoc
1151 846 1249 902 Paulus
1261 864 1267 900 ε
1280 849 1395 920 Suscipc
1408 849 1503 905 ilium.
1519 850 1548 906 Si
1563 854 1660 906 cctam
1675 851 1776 908 nocuit

125 928 154 983 in
169 928 291 998 vinculis,
304 933 332 984 et
346 944 396 1000 per
410 930 463 985 hoc
472 928 545 983 utilis
562 930 622 986 tibi.
635 927 774 1001 Quidquid
785 929 856 984 enim
865 929 924 1000 ipse
973 932 1024 988 tibi
1039 934 1156 1006 aliquid,
1167 934 1346 991 subducendo
1354 952 1384 991 se
1393 937 1451 1003 tibi,
1462 942 1514 993 oct
1529 938 1552 992 si
1564 938 1645 995 debet
1658 938 1773 1011 aliquid,

127 1016 191 1072 boni
213 1016 286 1083 lecit,
302 1016 365 1072 inde
380 1017 428 1071 tibi
443 1017 567 1084 debetur,
584 1018 661 1087 cujus
676 1025 703 1072 et
717 1033 814 1073 servus
829 1024 879 1083 est,
897 1024 924 1073 ει
973 1020 1056 1091 quod,
1070 1029 1096 1076 te
1110 1022 1213 1092 nescio,
1223 1024 1382 1094 asportavit,
1394 1025 1456 1080 ideo
1466 1041 1521 1081 non
1536 1027 1625 1081 minus
1639 1027 1774 1083 miserea-

125 1104 248 1161 fortassis
262 1105 376 1176 pecunia
391 1105 450 1160 luit.
469 1105 555 1173 ocem
579 1103 739 1183 Onesimum
759 1106 858 1162 remisi
872 1106 924 1162 tibi
972 1107 1009 1161 ris
1025 1108 1050 1163 ei
1067 1109 1134 1174 ;sed
1150 1111 1200 1167 boc
1211 1118 1295 1166 totum
1311 1114 1422 1185 imputo
1437 1113 1603 1186 milii,quasi
1614 1115 1775 1186 egoborum

57 1217 62 1225 ·
123 1210 185 1250 curn
196 1193 386 1265 hncEpistolc.
402 1196 441 1250 ln
455 1197 553 1250 cutem
568 1195 678 1266 suscipe
691 1210 756 1250 com
771 1195 845 1250 sicut
860 1211 923 1250 meo
972 1195 1079 1250 debitor
1093 1198 1154 1252 sim.
1171 1199 1204 1253 Et
1219 1199 1285 1254 mihi
1299 1216 1366 1255 sane
1389 1200 1520 1272 imputare
1535 1201 1619 1258 debes
1635 1210 1663 1258 et
1677 1209 1769 1274 potes.

123 1282 240 1349 oberro,
258 1281 341 1336 idest
363 1282 432 1338 scito
447 1283 519 1338 hunc
542 1297 604 1337 esse
619 1281 646 1336 in
661 1281 813 1338 visceribus
836 1282 918 1337 meis.
972 1284 1025 1355 Epo
1041 1285 1113 1340 enim
1129 1287 1237 1343 Paulus
1250 1289 1351 1360 scripsi
1371 1304 1435 1345 meo
1448 1305 1539 1345 manc
1554 1308 1564 1346 .·
1577 1291 1631 1363 Epo
1655 1291 1772 1348 reddam

122 1369 214 1439 Quare
229 1369 253 1425 si
276 1370 349 1426 hunc
369 1384 424 1424 non
448 1368 576 1441 suscipis,
599 1385 660 1425 mea
683 1369 792 1426 uiscera
815 1369 921 1439 abjicis.
972 1371 1020 1425 tibi
1048 1374 1121 1445 quod
1145 1374 1227 1430 debet
1256 1374 1411 1431 Onesimus.
1428 1377 1492 1433 ideo
1515 1377 1628 1435 aitmcc
1657 1395 1773 1446 manu:

125 1459 211 1526 anrrs
226 1457 386 1514 Onesimum
402 1459 545 1514 volucram
561 1459 688 1514 detinere
708 1458 781 1513 mibi
795 1478 805 1525 ;
821 1458 921 1513 etenim
971 1461 1091 1530 ponebat
1112 1461 1185 1516 enim
1209 1463 1332 1534 quaedam
1355 1464 1434 1537 signa
1456 1465 1483 1520 in
1506 1465 1636 1537 Epistolis
1659 1467 1729 1533 suis,
1745 1473 1775 1523 ut

123 1552 196 1601 esset
206 1545 271 1600 mihi
282 1544 453 1601 necessarius
464 1549 495 1601 ut
510 1546 635 1602 hicmilti
649 1547 840 1611 ministraret,
856 1544 923 1600 mibi
971 1559 1035 1598 suas
1050 1561 1112 1600 esse
1125 1561 1207 1601 nemo
1226 1546 1361 1602 dubitaret
1384 1548 1429 1619 qui
1451 1549 1531 1622 signe
1554 1549 1667 1605 videret.
1691 1549 1773 1620 Quod

123 1633 233 1688 detento
247 1633 279 1687 irs
293 1633 415 1688 nicoclis
435 1634 590 1704 Eocnpclii,
618 1633 646 1688 id
673 1640 715 1688 est
740 1649 800 1705 quse
814 1632 957 1741 vinculaB
972 1631 1017 1687 ille
1029 1633 1112 1688 dehet
1126 1650 1160 1688 ne
1176 1650 1275 1690 renuas
1291 1635 1425 1707 imputare
1449 1635 1514 1691 mibi
1531 1654 1537 1691 :
1554 1640 1587 1693 ct
1601 1655 1662 1695 cort
1676 1637 1773 1695 dicam

122 1720 219 1791 pallor,
245 1728 355 1792 propter
381 1720 563 1793 Evangelium
600 1721 674 1793 quod
696 1721 836 1792 praedico;
859 1736 920 1792 quae
972 1721 1023 1776 tibi
1034 1720 1157 1776 indurato
1166 1729 1193 1776 et
1203 1721 1348 1796 indulgere
1358 1724 1471 1790 nolenti,
1484 1725 1555 1797 quod
1564 1733 1592 1779 tu
1602 1726 1683 1781 debes
1697 1726 1773 1782 mibi

122 1808 284 1865 ministratio
298 1816 372 1864 esset
394 1825 445 1881 pro
462 1813 497 1879 tc,
514 1809 598 1865 idest
620 1825 670 1880 pro
686 1817 732 1864 tun
752 1809 875 1864 utilitate.
891 1807 921 1864 Si
970 1823 1024 1863 non
1038 1808 1089 1864 hcc
1104 1808 1201 1879 solum,
1214 1810 1262 1865 sed
1277 1811 1359 1865 etiem
1375 1813 1507 1884 teipsum.
1524 1811 1772 1882 PaulusJ'ushabe·

121 1897 194 1952 enirn
222 1897 267 1953 bic
294 1913 389 1952 servus
414 1904 474 1952 tuus
502 1897 629 1968 demptus
652 1897 717 1951 mihi
743 1895 918 1962 ministraret,
970 1895 1016 1950 bnt
1039 1912 1123 1967 super
1146 1913 1204 1961 eos,
1221 1905 1248 1952 et
1262 1898 1289 1952 in
1313 1898 1395 1953 rebus
1420 1915 1515 1955 eorum
1537 1915 1605 1972 quos
1628 1900 1664 1955 nd
1686 1899 1772 1957 iidem

121 1985 169 2040 tibi
192 1984 238 2057 qui
261 1985 388 2040 dominus
412 2000 472 2040 eras
495 1985 651 2040 mercedem
674 1985 839 2057 acquireret.
864 1984 919 2039 Sed
969 1987 1148 2036 converterat.
1166 1982 1200 2036 Ut
1214 1981 1387 2054 negationem
1411 1983 1559 2039 obtendere
1576 1983 1699 2040 356
1715 1999 1771 2040 non

119 2072 184 2129 licet
198 2072 264 2128 mibi
278 2072 449 2128 necessarius
473 2081 556 2140 esset,
573 2072 621 2128 tibi
637 2080 738 2138 autem,
755 2073 776 2127 si
792 2072 919 2143 demptus
969 2067 1076 2133 audeat,
1112 2068 1251 2141 subjungit
1287 2070 1495 2139 adjurationem,
1531 2072 1626 2129 dicens
1643 2090 1650 2127 :
1666 2074 1771 2130 Frater

120 2160 186 2215 milri
200 2160 375 2226 ministraret,
392 2159 476 2227 utilis,
492 2168 580 2214 tamen
599 2159 675 2215 nibil
699 2160 799 2215 borum
823 2162 918 2232 secere
968 2155 1110 2210 Philemon
1124 2159 1166 2213 ila
1181 2173 1229 2227 09⁰
1252 2160 1336 2229 fruar
1350 2163 1378 2214 ἰθ
1393 2160 1425 2214 itt
1440 2161 1566 2226 Domitw,
1583 2160 1606 2214 Si
1620 2159 1769 2216 indulserit

120 2249 197 2304 colati
218 2249 281 2304 sinc
306 2252 353 2303 tuo
376 2248 504 2314 consilis,
521 2247 583 2302 ideo
606 2255 634 2302 ut
649 2263 694 2312 cc,
711 2247 738 2301 id
763 2255 804 2302 est
819 2255 848 2301 ut
863 2262 917 2302 non
968 2242 1109 2310 Onesimo,
1119 2253 1147 2299 ut
1155 2253 1196 2300 est
1204 2245 1380 2302 illudllorntii
1389 2247 1533 2319 (3,l):Sic
1543 2252 1570 2303 tc
1579 2248 1644 2305 dion
1653 2253 1767 2321 potens,

119 2345 192 2392 esset
206 2335 306 2391 bonum
322 2337 375 2392 hoc
389 2342 463 2390 tuum
478 2337 556 2391 velot
576 2351 613 2390 ει
638 2337 816 2400 necessitate,
834 2334 918 2391 idest
968 2339 1020 2387 etc.
1037 2333 1071 2387 Et
1084 2332 1146 2388 ideo
1160 2334 1244 2403 refice
1258 2337 1365 2391 visccro
1379 2351 1452 2402 meo,
1463 2335 1491 2390 id
1506 2343 1547 2391 est
1557 2335 1721 2393 Onesimum
1736 2341 1769 2395 irs

118 2424 203 2481 velles
217 2423 313 2492 nolles,
330 2424 419 2480 redut
434 2431 507 2479 esset
528 2424 733 2481 voluntarium.
752 2422 840 2479 Debes
854 2438 917 2478 eum
968 2419 1077 2478 Christo
1092 2424 1167 2489 Ιεει,
1185 2421 1212 2476 id
1228 2429 1269 2477 est
1284 2431 1394 2494 propter
1408 2423 1554 2479 Christum.
1567 2425 1623 2482 linc
1638 2432 1676 2492 ut,
1693 2425 1769 2483 scili·

117 2512 269 2584 suscipere,
277 2512 338 2567 ideo
349 2511 412 2584 quin
421 2513 549 2568 discessit
563 2510 706 2568 odiorum
717 2529 735 2566 c
747 2512 916 2582 intersitas
966 2517 1020 2574 cet,
1029 2509 1136 2566 relicias
1145 2526 1216 2565 eum.
1229 2511 1417 2582 Etproemissc
1431 2513 1532 2585 scripsi
1547 2513 1607 2576 tibi.
1620 2513 1767 2582 confidens

118 2608 232 2673 propter
243 2601 294 2656 boc
308 2605 341 2656 ct
351 2600 433 2655 modo
441 2601 581 2672 reciperes
595 2615 660 2655 ecm
674 2604 825 2663 oetcrrrcm,
837 2598 918 2655 idest
966 2595 999 2651 dc
1008 2598 1166 2654 obedientia
1182 2602 1233 2654 tuo
1244 2598 1371 2654 :confido
1380 2600 1454 2655 enim
1472 2607 1497 2655 te
1515 2600 1688 2656 obeditumm
1698 2602 1765 2658 mibi

117 2697 249 2761 perpetuo
273 2695 426 2744 manentem
450 2696 549 2744 tecum.
566 2687 594 2743 Si
610 2688 682 2743 enim
705 2688 733 2742 in
756 2686 917 2742 inlidelitate
966 2685 1110 2756 superbis
1127 2688 1224 2744 Sciens
1237 2686 1318 2742 etiam
1334 2688 1406 2759 quod
1417 2687 1537 2744 tulacies
1552 2688 1766 2764 Onesimoqund

116 2777 269 2848 perdurans
292 2776 451 2848 conspectui
472 2784 519 2832 tuo
542 2790 651 2847 semper
675 2783 787 2839 astaret,
808 2775 835 2829 in
862 2775 916 2830 hoc
965 2772 1027 2829 dico
1043 2777 1091 2839 ;et
1109 2777 1196 2831 ctiam
1210 2791 1295 2848 super
1318 2775 1361 2831 bis
1375 2776 1492 2847 postulo,
1509 2777 1572 2849 quia
1596 2792 1653 2833 non
1675 2779 1766 2834 solum

117 2865 217 2922 saeculo
232 2864 318 2937 <quod
332 2881 425 2937 pamm
441 2867 493 2935 est)
509 2872 599 2920 tecum
615 2871 696 2929 esset,
715 2863 779 2935 quia
792 2870 916 2918 mortuus
965 2860 1143 2935 indulgebis:
1160 2863 1210 2918 sed
1234 2864 1337 2919 reddita
1351 2864 1403 2936 ipsi
1424 2865 1513 2937 gratia
1535 2854 1581 2921 tua
1605 2865 1641 2936 (si
1665 2867 1765 2939 quibus

115 2969 177 3010 curn
199 2953 289 3025 impiis
312 2953 498 3024 deputaretur,
520 2960 549 3007 tu
574 2968 638 3009 vero
662 2966 725 3008 cum
744 2951 826 3021 justis
842 2968 848 3005 :
864 2950 913 3006 sed
964 2948 1098 3023 indigeat)
1112 2951 1289 3007 ministrabis.
1304 2952 1349 3008 Sic
1364 2952 1456 3009 iacias.
1471 2953 1564 3010 Simul
1587 2956 1676 3011 etium
1701 2971 1764 3013 cum

116 3042 199 3099 modo
213 3041 276 3114 quia
290 3040 378 3097 fidelis
393 3049 444 3103 est,
457 3050 485 3096 et
499 3056 571 3096 nunc
586 3049 613 3096 ει
627 3040 654 3095 in
668 3038 759 3095 iuturo
770 3047 859 3095 tecum
872 3032 947 3095 estO
961 3038 1021 3093 istis
1030 3039 1174 3107 mandatis,
1186 3057 1259 3113 poro
1272 3041 1345 3097 mibi
1360 3040 1524 3112 hospitium.
1537 3043 1608 3098 liam
1621 3059 1704 3115 spero
1718 3060 1762 3101 mc

70 3184 76 3193 ,
115 3145 322 3202 permansurus,
337 3130 399 3186 ideo
422 3129 461 3184 ait
475 3118 610 3201 forsitan,
628 3129 691 3201 quia
705 3127 848 3199 dispositio
862 3127 912 3183 Dei
962 3127 1064 3183 donari
1079 3130 1153 3184 robis
1173 3145 1224 3202 pcr
1247 3130 1388 3185 orationes
1411 3133 1528 3186 vestros.
1545 3131 1598 3186 Per
1612 3132 1664 3187 boc
1679 3132 1762 3188 etiarn

114 3217 218 3276 incerta
232 3226 273 3274 est
287 3217 452 3274 bominibus.
469 3219 501 3272 El
512 3218 576 3288 jam
590 3216 707 3288 emplius
730 3233 788 3272 con
811 3214 912 3271 babeas
962 3216 1035 3287 quod
1049 3232 1080 3271 se
1094 3217 1275 3272 adventurum
1289 3216 1364 3283 dicit,
1382 3217 1567 3273 Philemonem
1582 3219 1618 3274 ad
1632 3221 1761 3277 miseran·

115 3322 179 3361 enm
188 3313 217 3361 ut
231 3323 343 3364 servom
354 3305 535 3373 solummodo,
547 3305 594 3361 scd
609 3305 712 3360 habeas
728 3320 791 3360 eurn
803 3304 912 3360 cbaris·
962 3303 1027 3358 dum
1041 3319 1120 3360 servo
1135 3304 1247 3359 inducit.
1266 3305 1293 3360 Si
1308 3305 1380 3359 enirn
1394 3305 1542 3376 Apostolus
1552 3306 1668 3363 veniens
1681 3307 1760 3364 inre·

113 3396 219 3451 simum
233 3397 355 3466 tratrem
369 3395 401 3450 in
415 3395 534 3451 Domino
547 3409 598 3466 pro
614 3409 701 3459 rcroo,
714 3392 742 3448 id
757 3400 798 3448 est
813 3392 840 3447 in
850 3392 911 3448 loco
961 3392 1031 3447 niret
1044 3391 1183 3448 dominum
1197 3391 1451 3461 immisericordem,
1468 3394 1591 3450 severius
1609 3395 1760 3468 corriperet

115 3482 196 3540 servi.
226 3483 275 3538 Vel
303 3483 375 3556 quod
399 3483 500 3539 babere
522 3482 626 3538 scilicet
649 3489 678 3536 ut
701 3478 821 3549 fratrem,
850 3480 912 3551 plus
962 3497 1034 3537 eum.
1052 3481 1167 3537 Salutat
1184 3479 1366 3554 telipcpbros
1380 3481 1760 3542 succrescentem-

114 3587 205 3639 servc,
220 3572 249 3627 id
269 3579 311 3629 est
333 3587 416 3643 quam
440 3570 553 3625 haberet
575 3585 684 3626 servum
708 3568 910 3635 charissimum,
961 3569 1090 3642 captivus
1103 3585 1183 3625 meus
1196 3568 1759 3643 inChristoJesu:quipropteerristum

112 3660 179 3715 mihi
205 3675 257 3731 pro
284 3667 361 3716 certo
385 3658 585 3716 charissimum.
610 3657 681 3726 Quin
704 3657 728 3711 si
751 3657 817 3712 mihi
841 3656 911 3711 adeo
960 3657 1054 3713 lesum
1081 3657 1262 3728 captivitatem
1291 3674 1398 3715 mecum
1433 3657 1543 3731 potitur.
1583 3660 1707 3717 Salutant
1733 3669 1759 3718 ιε

113 3749 212 3804 charus
235 3755 287 3812 est,
312 3746 355 3804 cui
378 3754 480 3802 tantum
504 3745 531 3800 in
554 3746 612 3801 Deo
635 3744 719 3800 trater
733 3753 783 3810 est,
807 3751 909 3815 quanto
960 3745 1041 3801 etism
1059 3745 1602 3819 barrus,Aristarctacbcmasccccr,
1615 3748 1759 3818 adiutores

110 3834 199 3907 magis
227 3842 319 3890 nutem
345 3834 393 3889 tibi
416 3834 514 3890 charus
538 3848 599 3888 esse
624 3833 714 3898 debet,
732 3839 758 3887 et
781 3831 809 3886 in
829 3847 910 3887 carne
959 3835 1025 3890 mei.
1040 3834 1137 3890 Oratio
1150 3834 1263 3890 Domini
1276 3835 1440 3892 nostrilcso
1451 3834 1556 3892 Christi
1574 3836 1612 3892 sit
1623 3854 1689 3894 cum
1698 3840 1756 3912 spi·

111 3922 263 3979 secundum
283 3937 365 3995 quem
390 3936 487 3977 servus
502 3928 553 3986 est,
570 3927 596 3975 et
608 3919 637 3975 in
660 3918 786 3986 Domino,
802 3919 831 3973 in
855 3934 909 3991 quo
959 3921 1756 3993 riturcstroidestcumeilemnneetejuslamilia.lmcn.

111 4009 159 4066 tibi
173 4010 258 4066 freter
271 4018 323 4066 est.
333 4008 562 4081 Quandoquidem
577 4008 645 4064 adeo
656 4008 756 4065 charus
771 4014 812 4063 est
825 4009 907 4078 scitii,
946 4010 1033 4067 'Sicut
1057 4010 1084 4064 in
1106 4010 1250 4082 principio,
1267 4011 1308 4068 sic
1332 4011 1359 4066 in
1383 4011 1437 4068 line
1460 4028 1555 4068 omnes
1577 4012 1714 4084 salutarit,
1731 4021 1758 4071 ut

110 4115 179 4172 ergo
207 4099 315 4172 suscipe
342 4097 419 4154 illum
447 4097 517 4153 sicut
540 4113 595 4164 me,
617 4096 640 4152 si
669 4096 709 4153 vis
732 4096 835 4152 babere
863 4111 908 4151 me
958 4093 1079 4149 omnium
1095 4092 1255 4174 affectiones
1270 4093 1341 4150 circa
1355 4094 1514 4151 Onesimum
1528 4094 1677 4170 mitigaret.

110 4235 1755 4270 —m

537 4345 784 4403 insumuntur
803 4344 840 4400 lN
857 4341 1055 4400 EPISTOLAM
1073 4342 1120 4398 Ab
1140 4340 1322 4399 HEBRAEOS.

144 4472 174 4528 ln
188 4471 284 4543 primis
299 4470 445 4528 dicendum
459 4476 501 4525 est
515 4484 565 4525 cur
576 4469 716 4593 apostolus
729 4468 829 4524 Paulus
843 4467 872 4522 in
885 4468 938 4523 bac
958 4466 1082 4548 Epistola
1096 4464 1243 4523 scribenda
1262 4482 1316 4522 non
1330 4467 1479 4524 servaverit
1491 4483 1598 4524 morem
1621 4484 1715 4540 suum,
1729 4475 1756 4526 ut

108 4543 153 4600 vel
175 4541 337 4599 vocabulum
353 4539 470 4597 nominis
484 4539 535 4605 sui,
559 4555 591 4596 ve
616 4540 718 4595 ordinis
732 4539 902 4595 describeret
914 4537 1084 4611 dignitatem.
1100 4537 1165 4592 Ηιει
1174 4552 1257 4593 ιιιει
1270 4545 1312 4592 est
1326 4537 1399 4610 quod
1411 4538 1447 4594 ιιι
1461 4554 1509 4594 eos
1521 4538 1647 4595 scribens
1683 4540 1711 4595 ui
1723 4554 1755 4595 ex

16 4610 25 4615 “
108 4611 314 4671 circumcisione
328 4610 509 4678 crediderant,
526 4609 604 4681 quasi
618 4609 738 4682 pontium
762 4609 903 4680 apostolus
917 4616 944 4664 ει
957 4624 1011 4664 non
1027 4607 1206 4663 llebraeorum
1223 4625 1229 4662 :
1246 4607 1336 4664 sciens
1359 4624 1466 4680 quoque
1479 4625 1574 4665 eorum
1589 4625 1673 4681 super
1692 4611 1753 4676 iam,

107 4699 239 4757 suamque
253 4681 431 4738 humilitatem
446 4680 505 4805 ipse
519 4679 720 4747 demonslrans,
736 4679 860 4734 meritum
875 4678 956 4736 officii
978 4679 1020 4735 sui
1035 4677 1119 4733 noluit
1133 4677 1279 4734 anteferre.
1295 4679 1365 4734 Nam
1379 4679 1461 4734 simili
1474 4680 1556 4736 modo
1571 4680 1655 4736 etism
1668 4682 1754 4738 loan-

106 4771 157 4810 nes
171 4753 309 4826 apostolus
322 4760 434 4825 propter
475 4750 633 4805 umilitatem
646 4749 675 4804 in
689 4749 811 4821 Epistola
835 4766 884 4805 sun
905 4765 1004 4806 nomen
1026 4764 1105 4804 suum
1127 4749 1221 4804 eadem
1244 4749 1347 4805 ratione
1370 4765 1424 4805 non
1446 4751 1573 4821 praetulit.
1599 4753 1754 4825 llancergc

105 4825 258 4896 Epistolcm
271 4823 358 4880 lertur
374 4820 519 4893 Apostolus
532 4820 567 4875 ad
581 4821 712 4876 liebraeos
726 4819 833 4876 conscri
852 4830 907 4876 tam
922 4819 1054 4877 Hebraico
1068 4819 1160 4892 lingua
1175 4819 1281 4875 misisse
1294 4839 1301 4886 ;
1317 4820 1395 4890 cujus
1407 4837 1517 4876 sensum
1532 4828 1559 4877 et
1573 4821 1702 4879 ordinem
1711 4838 1753 4879 ιε-

106 4895 196 4952 ιίιειε
211 4896 299 4952 Lucas
313 4893 491 4966 evangelista,
508 4899 569 4963 post
583 4907 726 4948 excessum
740 4837 855 4964 apostoii
870 4891 946 4948 Pauli
960 4891 1058 4949 Graeco
1072 4906 1199 4948 sermone
1214 4891 1402 4963 composuisse
1417 4890 1528 4949 dicitur.

442 5200 446 5207 .
532 5134 755 5201 PROLOGUS
775 5137 813 5200 B.
836 5131 1047 5198 BRUNONIS
1066 5131 1109 5194 IN
1130 5132 1317 5195 EAMDEM.

138 5270 168 5327 ln
181 5269 277 5326 ludaea
286 5277 363 5325 erant
371 5268 514 5336 Ecclesin,
525 5267 553 5323 in
563 5267 617 5325 tide
630 5267 730 5324 Christi
738 5267 900 5336 constituta,
916 5273 980 5336 Det
1000 5265 1036 5321 de
1064 5265 1172 5322 cbristo
1193 5259 1417 5337 incarnationem,
1441 5273 1566 5336 mortem,
1582 5274 1611 5323 et
1624 5281 1751 5325 resurre-

101 5355 201 5427 quibus
216 5354 316 5426 etipse
331 5353 455 5410 Christos
478 5353 671 5425 predicaverat
688 5367 695 5406 ε
712 5358 739 5407 ει
759 5367 808 5423 per
829 5367 899 5423 apo-
950 5353 1077 5420 ctionem,
1093 5361 1120 5410 et
1135 5362 1234 5411 caeters
1254 5354 1325 5411 bene
1348 5354 1515 5424 credebant;
1529 5354 1624 5412 sedin
1638 5371 1673 5412 eo
1690 5354 1750 5428 plu·

102 5443 233 5499 stolomm
246 5442 399 5500 doctrinam
413 5442 482 5511 ejus,
499 5448 526 5497 et
540 5441 639 5512 quibus
652 5440 806 5497 ascendens
824 5439 902 5495 insti·
951 5441 1050 5496 rimum
1073 5443 1210 5510 errabant,
1225 5443 1299 5515 quod
1313 5442 1561 5512 circumcisionem,
1577 5449 1606 5499 et
1625 5443 1751 5517 quasdam

101 5531 217 5589 tuendas
238 5531 377 5590 Ecclesiae
401 5530 586 5600 commiserat,
613 5529 694 5589 fidem
713 5536 900 5603 susceperant,
951 5528 1054 5602 legalia
1079 5530 1279 5600 observabant3
1293 5532 1440 5590 credentes
1463 5530 1523 5589 sinc
1547 5530 1590 5589 bis
1613 5531 1750 5589 neminem
