3742 5986
169 184 222 242 tot
435 185 463 242 S.
488 184 665 243 BRUNONIS
687 183 1010 243 CARTHUSIANORUM
1032 184 1274 261 INSTITUTORIS
1293 186 1372 244 OPP.
1396 189 1484 246 PARS
1508 190 1541 245 11.
1763 191 1815 245 toa

168 306 288 378 primum
302 324 393 380 regam
409 309 546 365 constituit
562 309 681 377 Saulem,
698 289 764 364 dixit
779 325 842 364 eum
856 323 911 363 nou
926 306 1004 368 til-A
1016 306 1082 361 olim
1097 308 1285 379 cumprimum
1301 310 1477 367 credidimus.
1495 311 1621 380 Quotidie
1634 311 1706 368 enim
1725 312 1815 385 magis

169 396 256 452 terius
271 397 306 452 de
316 396 410 453 labore
425 413 474 453 suo
484 397 690 465 victurumsed
705 398 738 453 de
748 396 890 452 laboribus
905 394 967 449 sub
1016 410 1048 452 ac
1070 396 1160 468 magis
1188 397 1278 454 futuro
1313 399 1416 469 judicio
1442 401 1667 473 propinquamus,
1701 401 1728 455 in
1759 416 1813 473 quo

168 485 295 542 ditonum.
312 488 346 542 Ει
366 486 428 557 quia
442 487 486 543 rel
501 503 549 543 vos
564 487 592 542 in
606 488 659 543 boc
673 486 762 558 ipsum
777 486 850 557 qnod
865 484 966 540 tributa
1014 486 1258 542 remunerabimur.
1282 488 1351 544 Vera
1366 504 1437 545 nunc
1450 505 1537 561 prope
1553 498 1593 545 cst
1607 497 1700 545 nostra
1716 489 1791 544 salus
1807 506 1814 543 :

169 575 284 642 solvitis,
300 576 358 631 Deo
372 575 489 643 servitis,
502 574 692 648 velprincipes
705 575 793 631 inhoc
808 574 896 646 ipsum
907 573 965 628 Deo
1014 590 1077 629 nam
1100 592 1169 642 noe,
1200 576 1227 631 id
1251 584 1293 632 est
1315 576 1468 649 ignorantia
1490 578 1518 632 in
1540 576 1699 634 infidelitate
1722 577 1813 634 habita

168 664 300 731 serviunt,
317 680 383 736 ergo
402 664 530 720 omnibus
549 664 715 736 principibus
736 663 842 718 reddite
857 661 960 717 debita.
1011 666 1170 735 precessit,
1185 671 1211 719 et
1226 664 1288 720 ideo
1303 666 1454 721 cavendum
1477 675 1519 721 est
1532 682 1566 722 ne
1581 667 1609 721 in
1622 667 1692 723 hanc
1706 675 1816 723 noctem

206 753 257 809 Cui
271 753 387 825 principi
401 753 507 809 debetis
523 754 673 822 tributam,
689 751 795 807 reddite
812 752 964 806 tributam.
1015 752 1184 807 recidamus.
1202 754 1274 823 Noe,
1290 754 1386 826 inquit,
1399 757 1557 826 precessit,
1569 756 1618 811 sed
1628 754 1818 812 dicssalvatio

170 838 967 912 Coidebetisvectipot,redditavectigal.tributumdici-
1015 840 1057 895 nis
1079 849 1181 898 nostrae
1204 858 1254 913 per
1281 843 1430 914 premissos
1460 844 1564 910 radios,
1594 852 1624 899 ut
1644 861 1694 915 per
1722 843 1814 912 fidem,

166 937 216 999 tur,
235 936 263 984 ut
278 930 391 985 obsonia
405 929 453 984 illa
467 945 528 1000 quae
542 929 616 984 domi
631 928 817 995 solvebantur,
832 926 963 998 vertipot,
1015 945 1102 1000 spem,
1128 930 1312 997 dilectionem,
1338 940 1364 986 et
1385 940 1492 998 caetera,
1518 934 1765 1006 appropinquavit,
1789 933 1816 988 id

167 1018 241 1090 quod
256 1034 366 1089 semper
386 1018 421 1073 ad
446 1018 542 1073 domos
561 1017 732 1072 dominorum
756 1015 916 1080 vehebatur,
936 1022 965 1069 ut
1015 1025 1056 1073 est
1070 1034 1156 1090 prope
1181 1035 1243 1075 esse
1268 1020 1439 1092 intelligitur.
1467 1021 1586 1076 Virtutes
1607 1024 1677 1077 enim
1693 1039 1755 1094 quae
1769 1023 1817 1076 ha-

170 1115 213 1163 est
228 1107 310 1162 hodie
331 1122 439 1162 census.
463 1105 513 1162 aot
527 1106 633 1162 debetis
647 1106 780 1162 bonorem
797 1104 894 1170 solum,
912 1104 965 1158 im·
1016 1106 1114 1161 bantur
1127 1108 1154 1161 in
1179 1110 1317 1180 praesenti,
1345 1109 1415 1164 radii
1439 1117 1500 1164 sunt
1519 1109 1616 1165 futura>
1627 1111 1817 1179 jucunditatis.

166 1195 428 1268 penditeboaorcm.
443 1196 493 1252 Coi
505 1197 645 1263 timorem,
656 1194 781 1249 exhibete
794 1195 924 1249 timorem
940 1200 968 1247 ει
1015 1196 1049 1250 Et
1064 1196 1174 1268 quando
1189 1197 1299 1269 quidem
1314 1213 1366 1253 nox
1382 1214 1444 1253 esse
1456 1198 1545 1266 desiit,
1556 1207 1582 1254 at
1595 1200 1654 1255 dies
1664 1202 1819 1272 appropin-

166 1299 275 1340 omnem
298 1283 490 1339 reverentiam.
516 1285 550 1339 Ut
574 1283 695 1339 breviter
717 1281 808 1337 omnia
827 1281 964 1352 colligam,
1016 1287 1120 1357 quovit,
1130 1287 1457 1359 erpoobjiciomoscpcro
1465 1288 1655 1356 tenebrarum,
1668 1288 1694 1342 id
1705 1297 1746 1344 εει
1756 1306 1818 1361 quaa
1838 1359 1842 1364 ι

165 1372 358 1428 universaliter
371 1372 501 1443 praecipio
519 1389 525 1425 :
542 1373 653 1427 nemini
663 1371 813 1444 quidquam
829 1369 964 1435 debentis,
1016 1373 1122 1444 operati
1134 1391 1227 1429 sumus
1239 1375 1303 1430 dum
1325 1376 1353 1430 iu
1363 1375 1517 1447 ignorantie
1527 1393 1661 1432 essemus.
1673 1377 1724 1432 Vel
1734 1394 1820 1450 opera

167 1477 258 1533 neque
273 1460 412 1526 tributum,
424 1476 512 1532 neque
523 1460 651 1533 vectigal,
667 1475 755 1530 neque
768 1458 852 1524 aliud,
866 1459 924 1513 nisi
934 1461 966 1512 ut
1017 1462 1207 1532 tenebrarum,
1225 1463 1251 1517 id
1269 1471 1309 1519 est
1324 1463 1407 1537 digna
1424 1465 1556 1532 tenebris,
1571 1473 1597 1520 ει
1607 1465 1690 1539 digna
1706 1482 1760 1521 non
1776 1467 1820 1521 vi-

170 1549 296 1621 ditipntis
319 1549 451 1615 invicem,
477 1548 539 1620 quia
563 1547 626 1603 rolo
640 1564 689 1604 vos
704 1562 812 1618 semper
826 1546 967 1601 debitores
1016 1550 1087 1615 deri,
1107 1551 1158 1605 sed
1172 1568 1283 1623 semper
1298 1552 1438 1609 occultari.
1454 1553 1635 1624 Abjiciomas,
1652 1555 1748 1627 inquit,
1761 1556 1820 1612 huc

169 1653 232 1693 esse
246 1637 398 1694 dilectionis
414 1655 421 1692 :
438 1637 554 1709 itaquod
565 1651 702 1708 nunquam
714 1651 731 1691 a
745 1635 891 1690 dilectione
902 1649 966 1689 ces·
975 1665 1002 1725 B
1021 1657 1115 1712 opera,
1137 1646 1165 1696 et
1185 1641 1339 1697 induamus
1363 1657 1414 1696 nos
1438 1659 1523 1715 opero
1545 1644 1626 1709 locis,
1647 1642 1675 1697 id
1690 1652 1731 1698 εει
1747 1660 1821 1699 rerae

167 1726 245 1794 setis,
260 1726 323 1782 ideo
343 1741 392 1782 vos
406 1724 468 1782 volo
488 1742 597 1796 semper
611 1725 725 1797 diligere
740 1723 857 1779 invicem
877 1737 882 1776 :
900 1724 967 1794 quio
1019 1727 1191 1801 cognitionis,
1209 1728 1252 1783 vel
1268 1744 1350 1800 opera
1366 1729 1449 1802 digna
1469 1730 1531 1785 luce
1547 1739 1573 1785 et
1588 1729 1817 1799 manifestatione,

169 1816 319 1889 quidilipit
327 1815 502 1887 proximam,
512 1811 899 1885 lepcmimplecit(and.xx‚
911 1813 965 1881 ll)-
1018 1833 1078 1889 quae
1093 1833 1176 1888 opera
1191 1825 1254 1872 sunt
1277 1834 1352 1873 arma
1377 1818 1474 1890 quibus
1490 1826 1515 1874 ει
1531 1817 1613 1875 fidem
1627 1828 1749 1876 nostram
1763 1829 1821 1877 tue·

169 1905 202 1960 Et
217 1920 283 1960 vere
298 1904 387 1976 legem
398 1903 540 1976 implerit:
557 1920 625 1958 nom
636 1919 694 1958 oon
704 1901 878 1957 adulterabis
891 1915 897 1954 :
909 1915 968 1955 non
1016 1916 1079 1954 mur
1098 1907 1125 1955 ει
1148 1900 1319 1973 insurgentia
1342 1901 1408 1955 vitia
1432 1917 1608 1972 superamus,
1624 1908 1657 1959 ut
1672 1903 1758 1959 induti
1774 1920 1821 1959 ar-

168 1993 277 2050 occidcs
295 1991 531 2064 :confortaberis
549 2010 556 2045 :
577 2008 634 2048 nort
649 1992 755 2062 sotrum
772 1990 968 2045 testimoniam
1017 1988 1069 2042 mis
1097 1987 1175 2054 lucis,
1199 1990 1315 2044 honeste
1336 1990 1522 2056 ambulemus,
1548 1990 1576 2045 id
1601 2000 1642 2046 εει
1656 1992 1690 2047 ιε
1704 1992 1777 2048 bono
1793 1993 1820 2048 in

168 2081 263 2138 dices:
278 2097 336 2137 non
351 2083 531 2152 concupisces
541 2080 635 2151 (Dent.
653 2095 681 2144 v,
698 2079 743 2149 18)
759 2095 766 2132 :
783 2077 969 2150 etsiqoodest
1017 2076 1115 2131 melius
1134 2074 1318 2147 proficiamus,
1339 2078 1414 2134 sicat
1428 2078 1473 2150 qui
1495 2078 1575 2149 positi
1595 2088 1657 2134 sunt
1675 2081 1707 2136 in
1721 2082 1776 2148 dic,
1793 2080 1822 2136 id

168 2169 248 2227 aliud
257 2169 425 2225 mandatnm
433 2171 464 2224 in
475 2171 541 2241 tege,
553 2170 745 2233 instauratur,
756 2165 783 2220 id
792 2174 833 2221 εει
842 2165 968 2236 impletur
1018 2172 1059 2219 est
1074 2164 1102 2219 in
1112 2165 1270 2238 cognitione
1284 2166 1419 2222 veritatis.
1436 2167 1544 2222 Positos
1559 2168 1631 2222 enim
1647 2171 1679 2224 in
1688 2169 1734 2226 die
1742 2170 1821 2225 decet

170 2257 220 2315 boc
235 2259 314 2314 verbo
331 2277 340 2313 :
356 2259 459 2330 Diliges
470 2258 638 2330 proximam
649 2260 731 2311 taam
743 2257 817 2311 sicot
832 2259 859 2310 ιε
874 2255 967 2326 ipsam
1019 2269 1105 2325 opera
1121 2255 1213 2309 noctis
1238 2254 1365 2324 abjicere,
1383 2262 1408 2310 ει
1422 2271 1499 2310 arma
1514 2255 1582 2311 lucis
1597 2272 1748 2312 assumere.
1764 2258 1823 2314 Nos

170 2348 244 2418 (Leo.
261 2362 316 2414 ιιι,
339 2348 393 2417 ts).
411 2347 481 2402 Vere
499 2346 527 2401 in
542 2346 687 2402 dilectione
710 2342 827 2415 proximi
841 2343 969 2414 impletur
1019 2342 1081 2398 dico
1110 2342 1150 2397 sic
1175 2342 1347 2398 ambulemus
1379 2344 1407 2397 iu
1425 2343 1470 2398 die
1503 2362 1560 2401 non
1595 2353 1768 2401 remanentes
1789 2349 1822 2402 in

168 2450 248 2492 omne
257 2435 414 2491 mandatum
424 2434 702 2507 legisNamdilectio
711 2433 848 2506 proximi,
860 2433 969 2487 mattam
1019 2432 1280 2500 comessationibus,
1306 2430 1332 2485 id
1357 2431 1450 2486 estin
1477 2432 1650 2503 publicomm
1677 2435 1822 2492 convivio-

169 2519 970 2598 rroooperetur(ltnttb.xxu,39).Quienimdiligitprori-
1019 2536 1078 2574 mm
1095 2519 1301 2588 conventiculis,
1319 2528 1345 2575 ει
1360 2535 1415 2575 non
1430 2528 1572 2577 manentes
1586 2524 1617 2577 in
1637 2523 1821 2579 ebrietatibus

169 2613 302 2678 mumfl
310 2613 345 2670 3
363 2629 417 2668 non
440 2611 600 2667 adulterabit
618 2626 678 2667 cum
693 2626 778 2666 uxore
794 2610 883 2679 cujus
907 2609 970 2664 Non
1020 2614 1050 2662 ut
1064 2607 1154 2662 nimiae
1169 2608 1299 2679 potationi
1313 2608 1511 2664 incumbamus.
1530 2611 1590 2665 Non
1605 2609 1687 2665 etiam
1696 2612 1728 2667 in
1743 2611 1822 2668 cabi·

169 2702 276 2759 occidet
292 2717 363 2756 eum.
384 2702 446 2756 Non
463 2699 598 2755 furabitur
618 2716 664 2754 res
679 2700 746 2768 ejus,
763 2705 815 2754 etc.
832 2698 866 2752 Ει
882 2713 970 2768 quan·
1022 2697 1103 2761 libus,
1117 2696 1151 2751 ad
1165 2712 1225 2767 quae
1236 2696 1525 2753 cubiliadenimietate
1536 2699 1684 2754 saturitatis
1702 2708 1728 2754 et
1740 2707 1821 2770 pota·

171 2790 317 2862 doquidam
341 2791 456 2846 ditectio
476 2789 604 2862 proximi
619 2789 728 2844 matam
743 2804 801 2843 non
815 2790 969 2859 operatam
1021 2784 1103 2840 tionis
1124 2784 1186 2851 itur,
1206 2785 1299 2857 ibique
1316 2785 1455 2856 superflua
1474 2785 1552 2858 quies
1576 2787 1700 2842 habetur.
1716 2788 1751 2843 Et
1764 2805 1822 2845 non

173 2894 241 2953 ergo
255 2880 368 2935 dilectio
387 2887 430 2935 cst
446 2875 597 2951 plenitudo
613 2878 681 2949 lepis
697 2893 703 2930 :
721 2875 767 2948 qui
783 2875 856 2931 anim
871 2873 971 2928 malum
1021 2880 1165 2928 manentes
1181 2875 1213 2929 in
1227 2874 1424 2948 impudicitiis,
1441 2875 1469 2930 id
1483 2882 1526 2930 est
1536 2874 1563 2929 in
1574 2875 1753 2932 delectatione
1763 2877 1822 2931 libi·

173 2983 228 3024 non
243 2975 378 3039 operatur,
394 2967 485 3040 legem
503 2965 625 3036 implerit
640 2965 745 3035 (Galat.
763 2979 790 3029 v,
810 2964 861 3031 ll3
877 2962 969 3019 Jacob.
1023 2962 1114 3030 diuis;
1130 2962 1176 3033 qui
1192 2963 1265 3017 enim
1284 2962 1376 3018 ebrius
1400 2963 1435 3018 ad
1450 2963 1539 3019 cubile
1552 2964 1704 3031 descendit,
1721 2981 1822 3021 couse-

175 3150 221 3201 ιιι
234 3165 244 3201 .·
259 3161 310 3200 nec
325 3145 376 3200 boc
400 3144 488 3199 solum
514 3142 616 3199 scimus
643 3143 677 3197 dc
700 3157 741 3208 ea,
759 3141 807 3196 εει
823 3142 875 3196 hoc
891 3139 974 3195 etiam
1024 3140 1057 3194 in
1071 3140 1270 3206 contentiosam
1286 3139 1493 3212 intemperantia
1508 3141 1580 3196 enim
1594 3149 1673 3212 potus
1688 3150 1713 3196 at
1729 3141 1822 3195 libidi-

177 3236 299 3290 scicotes
326 3249 420 3288 sumus
448 3233 483 3288 de
506 3231 660 3299 dilectione,
685 3230 758 3303 quod
781 3229 845 3285 iacit
867 3245 918 3286 nos
942 3230 975 3284 dc
1025 3229 1069 3282 nis
1083 3225 1243 3299 frequenter
1253 3227 1347 3301 jurgia
1361 3228 1487 3285 concitat.
1506 3230 1540 3284 la't
1555 3245 1589 3285 nc
1600 3229 1657 3283 sitis
1671 3228 1698 3283 in
1709 3232 1824 3286 aemulo·

178 3338 276 3379 somno
300 3337 413 3394 surpere
427 3321 584 3393 bonumque
598 3319 718 3391 operari.
739 3318 786 3375 Vis
801 3326 891 3374 tamen
906 3333 975 3373 con·
1027 3317 1113 3382 tione,
1130 3315 1157 3369 id
1169 3323 1209 3370 est
1219 3315 1247 3370 in
1264 3315 1364 3371 invidia
1377 3331 1383 3370 :
1396 3316 1506 3389 quidam
1526 3317 1571 3390 qui
1589 3333 1644 3373 non
1661 3317 1743 3373 audet
1754 3333 1823 3374 con-

179 3410 337 3467 tinuationis
351 3418 377 3466 ει
392 3426 497 3466 summa
513 3409 653 3465 sententiae
667 3408 767 3481 pendet
777 3408 812 3463 ad
821 3407 888 3462 illud
903 3406 976 3478 quod
1027 3404 1150 3470 tendere,
1168 3404 1241 3475 quod
1265 3412 1365 3475 potest,
1388 3405 1489 3460 invidet
1509 3405 1642 3477 proximo.
1670 3407 1698 3460 ln
1713 3406 1756 3460 his
1771 3407 1823 3461 ita·

180 3501 300 3574 sequitur
315 3517 321 3554 :
338 3500 509 3573 Abiiciomos
533 3516 598 3570 erpo
618 3514 701 3571 opero
716 3488 906 3558 tenebrarum.
923 3494 977 3551 Sed
1028 3508 1145 3565 quenon
1156 3493 1825 3552 remaneatis:sedindaimirtillominumtesum

180 3590 319 3663 praemittit
342 3589 472 3661 quasdam
492 3588 622 3656 rationes,
640 3587 713 3642 unde
736 3585 914 3657 opportunius
933 3584 977 3639 in·
1030 3583 1183 3649 Christum,
1216 3581 1244 3637 id
1266 3591 1307 3637 εει
1330 3583 1425 3638 vestite
1453 3582 1600 3638 nuditatem
1631 3591 1749 3639 vestram
1771 3581 1825 3640 fide

181 3679 251 3736 ierat
266 3679 361 3735 dicens
377 3695 384 3732 ε
400 3676 579 3732 Dilectionem
600 3691 655 3730 non
676 3675 786 3745 operari
808 3673 911 3728 malum
926 3672 979 3728 sci·
1029 3670 1129 3726 Christi
1145 3678 1172 3726 et
1186 3670 1341 3739 virtutibus,
1366 3688 1427 3742 quae
1450 3688 1532 3743 super
1550 3673 1620 3728 hanc
1641 3671 1723 3728 fidem
1737 3671 1825 3729 aedili-

182 3784 243 3822 mus
257 3784 265 3820 ι
279 3766 360 3822 etiam
381 3766 433 3821 boc
448 3765 483 3820 de
498 3764 642 3819 dilectione
657 3763 783 3831 scientes,
801 3762 876 3834 poio,
894 3761 979 3816 idest
1030 3768 1133 3815 cantur.
1150 3760 1237 3814 llomo
1258 3759 1330 3814 enim
1353 3768 1466 3831 propter
1486 3769 1627 3832 peccatum
1648 3761 1683 3817 de
1697 3762 1827 3834 paradiso

184 3855 258 3928 quod
273 3856 341 3910 bora
356 3857 408 3921 est,
431 3852 511 3924 quasi
525 3851 636 3920 dicarat,
654 3859 760 3921 tempus
775 3856 835 3917 est;
853 3849 902 3904 sed
916 3849 978 3904 ideo
1029 3848 1117 3902 nudus
1133 3848 1234 3917 ejectus
1249 3855 1290 3903 εει
1305 3849 1384 3918 (Gen.
1400 3865 1428 3915 v,
1445 3852 1506 3919 lb);
1523 3851 1573 3906 sed
1586 3850 1693 3906 nuditas
1707 3851 1760 3906 ista
1776 3867 1827 3906 ve-

184 3960 235 4016 per
257 3944 353 3998 horam
381 3939 544 4014 significavit
566 3938 633 3994 illud
656 3947 773 4009 tempus,
797 3947 827 3994 ut
852 3938 980 3993 ostendat
1030 3935 1080 3991 lari
1094 3936 1176 3991 debet
1198 3945 1358 3992 ornamento
1377 3935 1441 3992 fidei
1456 3945 1671 4010 caeterammquc
1685 3939 1825 3995 virtutum.

186 4033 270 4089 breve
285 4046 348 4086 esse
370 4037 396 4085 ει
417 4029 471 4085 cito
493 4027 640 4094 transiens,
667 4034 692 4082 ει
706 4026 758 4081 nisi
772 4027 800 4081 in
814 4042 847 4082 eo
861 4026 980 4098 poenite-
1032 4025 1064 4079 Et
1079 4040 1127 4081 vos
1142 4024 1229 4080 induti
1243 4025 1389 4081 Dominum
1399 4026 1490 4081 Jesum
1508 4027 1653 4096 Christum,
1669 4045 1714 4084 nc.
1724 4029 1827 4100 feceri·

184 4138 246 4177 mus
269 4118 490 4190 irrecuperabile.
514 4116 620 4173 Scimus
642 4115 735 4187 utique
758 4114 822 4187 quia
844 4116 912 4170 hora
940 4121 982 4170 εει
1032 4113 1079 4180 tis,
1094 4112 1122 4166 id
1137 4120 1178 4168 est
1196 4129 1250 4169 non
1274 4112 1379 4169 iacietis
1404 4131 1503 4171 caram
1522 4116 1628 4172 cornis.
1654 4117 1712 4172 Nec
1734 4133 1827 4172 curam

179 4213 253 4284 jam,
268 4210 297 4265 id
311 4200 352 4265 est
375 4207 473 4263 amodo
496 4222 529 4262 ει
550 4220 603 4278 quo
617 4221 667 4276 per
681 4203 763 4260 fidem
775 4201 916 4273 justificati
931 4219 980 4258 su·
1031 4217 1113 4274 quam
1130 4200 1209 4257 u
1230 4202 1380 4258 necessitas
1404 4203 1523 4274 postulat
1541 4204 1692 4276 prohibeo;
1718 4206 1768 4261 sed
1790 4222 1825 4261 ne

185 4315 248 4355 mus
261 4313 375 4370 sarpere
390 4312 441 4353 aas
455 4295 489 4352 ιε
499 4309 605 4361 somno,
622 4293 649 4348 id
659 4301 699 4348 est
710 4293 745 4348 de
757 4292 910 4348 calamitate
920 4301 982 4348 cor·
1031 4288 1151 4345 feceritis
1165 4305 1258 4347 curam
1273 4291 1365 4347 carnis
1388 4293 1420 4348 in
1447 4291 1603 4361 desideriis,
1633 4301 1662 4348 ut
1689 4293 1828 4351 desideria

185 4387 273 4459 poris,
294 4401 354 4458 quae
378 4384 413 4440 ad
437 4385 506 4440 bene
531 4381 699 4453 operandum
719 4381 814 4454 pigros
832 4395 883 4435 nos
898 4379 974 4435 tacit.
990 4376 1018 4437 D
1032 4378 1119 4433 carnis
1134 4378 1287 4434 sectemini.

184 4477 304 4547 Surgere
320 4473 386 4530 dicit
400 4472 476 4545 quasi
500 4470 579 4526 bonis
599 4469 727 4541 operibus
741 4467 815 4525 omni
830 4468 920 4523 studio
934 4467 979 4521 in-

182 4564 309 4636 vigilare.
331 4562 397 4618 Sunt
417 4561 489 4616 enim
504 4559 614 4632 quidam
628 4558 674 4630 qui
686 4564 830 4629 postquam
842 4553 982 4625 justificati
1333 4575 1446 4633 CAPUT
1460 4576 1534 4633 XIV⁶

184 4660 258 4719 sunt,
275 4667 336 4708 cum
350 4650 458 4706 fervere
479 4648 611 4704 deberent
633 4646 662 4700 in
685 4646 777 4700 labore
792 4645 871 4700 bonae
885 4659 983 4715 opera-

181 4741 275 4809 tionis,
291 4746 400 4811 torpent
414 4745 439 4794 et
461 4735 612 4809 negligunt,
640 4734 718 4807 quasi
732 4732 821 4789 securi
835 4748 868 4788 ει
880 4730 981 4801 justili—
1070 4763 1080 4788 a
1099 4740 1238 4795 Infirmum
1252 4748 1341 4797 autem
1356 4742 1384 4797 in
1399 4742 1453 4798 tide
1468 4744 1607 4813 assumite,
1622 4759 1677 4800 110„
1692 4744 1720 4799 in
1734 4745 1828 4802 disce.

187 4830 304 4896 catione,
321 4835 348 4884 ει
367 4827 430 4899 quia
452 4825 590 4881 continent
610 4838 673 4879 sea
694 4821 888 4879 criminalibus.
913 4822 983 4876 Vere
1035 4828 1228 4899 aptationibus
1254 4830 1457 4903 cogitationum.
1490 4831 1566 4887 Alius
1590 4832 1662 4887 enim
1687 4833 1773 4889 credit
1797 4851 1827 4890 se

186 4919 219 4975 dc
229 4933 326 4974 somno
335 4931 449 4987 sarpere
460 4913 592 4969 debemus
611 4928 617 4967 :
638 4909 984 4981 namercdtdimos,idest
1035 4916 1229 4974 «manducare
1252 4918 1352 4974 omnia.
1379 4918 1431 4987 Qui
1455 4929 1546 4976 autem
1559 4919 1684 4976 infirmus
1699 4928 1749 4988 est,
1765 4922 1828 4977 olus

187 5006 270 5062 fidem
285 5004 449 5075 ⁸⁰⁰0Pimu⁸s
466 5018 526 5074 <111ae
536 5000 603 5055 fides
612 5000 780 5071 lll⁰l³i¹¹ql¹0⁸
798 5014 849 5054 ¹¹0⁸
856 4998 919 5054 felli
929 4997 984 5052 ⁵⁸1·
1036 5006 1214 5061 «manducet.
1238 5007 1264 5061 ls
1284 5007 1330 5078 qui
1348 5007 1510 5076 manducat,
1532 5024 1588 5064 non
1616 5009 1828 5066 manducantem

189 5094 305 5160 vationi;
331 5092 380 5149 sad
412 5107 484 5145 nunc
506 5106 556 5161 per
577 5087 703 5143 meritum
722 5103 817 5143 eorum
839 5101 900 5158 quae
922 5091 984 5156 post
1036 5108 1119 5147 onon
1134 5101 1254 5164 spernat,
1270 5103 1295 5150 et
1311 5095 1356 5167 qui
1379 5112 1434 5152 non
1449 5097 1602 5164 manducat,
1618 5098 1828 5154 manducantem

189 5190 331 5254 acceptam
344 5179 426 5236 tidem
449 5177 551 5250 operati
573 5193 677 5242 sumus,
698 5178 813 5248 propior
826 5178 869 5230 est
884 5177 984 5230 nostro
1036 5202 1048 5232 ι
1065 5196 1120 5236 non
1136 5181 1248 5250 judicet.
1265 5184 1339 5239 Deus
1354 5184 1427 5240 euim
1441 5184 1518 5241 illum
1532 5186 1690 5258 assumpsit.
1710 5188 1748 5243 Ta
1762 5188 1824 5260 pais

189 5273 268 5331 solos
282 5285 365 5343 quam
378 5269 443 5325 olim
467 5274 540 5323 esset
562 5282 627 5322 cnm
643 5265 730 5320 solum
758 5263 940 5328 credidimus,
957 5261 985 5316 id
1038 5292 1048 5319 ι
1066 5286 1105 5341 cs,
1121 5271 1287 5343 paijndicos
1303 5275 1374 5343 (tac.
1391 5289 1429 5344 tv,
1446 5275 1490 5346 ιιι)
1500 5274 1617 5330 alienum
1628 5276 1763 5331 servum?
1778 5277 1832 5333 po.

188 5369 230 5418 εει
245 5376 307 5417 cum
323 5357 411 5433 gratia
422 5357 481 5413 sola
495 5362 568 5412 esset
582 5355 610 5408 in
624 5353 713 5419 nobis,
732 5360 757 5407 ει
773 5352 861 5406 adbuc
883 5349 984 5406 nullum
1038 5379 1049 5409 ‹
1065 5357 1140 5414 mino
1155 5375 1204 5415 suo
1220 5368 1271 5415 stat
1287 5369 1333 5416 aut
1356 5362 1438 5418 cadit,
1455 5362 1541 5418 stabii
1560 5371 1660 5419 autem,
1676 5364 1776 5420 Potens
1791 5371 1832 5420 esp

188 5449 326 5505 meritum.
339 5447 387 5504 Vel
394 5445 432 5502 ita
443 5462 449 5501 :
462 5447 542 5503 Nurac
548 5448 591 5500 est
595 5443 710 5516 propior·
718 5440 870 5496 secundum
879 5444 985 5510 tempus
1037 5469 1048 5494 a
1067 5447 1140 5503 enim
1155 5449 1229 5504 neus
1243 5456 1360 5506 statuere
1374 5450 1460 5505 ntum,
1475 5451 1546 5507 Nam
1559 5451 1630 5508 alius
1641 5452 1745 5521 judicat
1758 5452 1832 5508 diem

190 5527 987 5606 nostrosotas,idestdiesnostraesalrmionis‚quamesset
1037 5533 1138 5592 «inter
1167 5535 1250 5608 ιίειιι,
1275 5536 1346 5594 alius
1370 5546 1458 5596 autem
1487 5538 1592 5610 judicat
1613 5555 1721 5598 omnem
1748 5540 1832 5598 diem.
