<?xml version="1.0" encoding="UTF-8"?>
<!DOCTYPE html PUBLIC "-//W3C//DTD XHTML 1.0 Transitional//EN"
    "http://www.w3.org/TR/xhtml1/DTD/xhtml1-transitional.dtd">
<html xmlns="http://www.w3.org/1999/xhtml" xml:lang="en" lang="en">
 <head>
  <title>
</title>
<meta http-equiv="Content-Type" content="text/html;charset=utf-8" />
  <meta name='ocr-system' content='tesseract 3.04.00' />
  <meta name='ocr-capabilities' content='ocr_page ocr_carea ocr_par ocr_line ocrx_word'/>
</head>
<body>
  <div class='ocr_page' id='page_1' title='image "./patrologiaecurs20unkngoog/patrologiaecurs20unkngoog_0204.png"; bbox 0 0 3750 5984; ppageno 0'>
   <div class='ocr_carea' id='block_1_1' title="bbox 59 195 1828 269">
    <p class='ocr_par' dir='ltr' id='par_1_1' title="bbox 59 195 1828 269">
     <span class='ocr_line' id='line_1_1' title="bbox 59 195 1828 269; baseline 0.002 -3"><span class='ocrx_word' id='word_1_1' title='bbox 59 213 115 268; x_wconf 78' lang='lat' dir='ltr'><strong>aar</strong></span> <span class='ocrx_word' id='word_1_2' title='bbox 362 207 551 266; x_wconf 80' lang='lat' dir='ltr'><strong>nmosmo</strong></span> <span class='ocrx_word' id='word_1_3' title='bbox 569 208 607 267; x_wconf 87' lang='lat' dir='ltr'><strong>m</strong></span> <span class='ocrx_word' id='word_1_4' title='bbox 624 207 813 266; x_wconf 74' lang='lat' dir='ltr'><strong>massonis</strong></span> <span class='ocrx_word' id='word_1_5' title='bbox 833 208 944 265; x_wconf 77' lang='lat' dir='ltr'><strong>raum</strong></span> <span class='ocrx_word' id='word_1_6' title='bbox 961 239 996 251; x_wconf 92' lang='grc'>-</span> <span class='ocrx_word' id='word_1_7' title='bbox 1009 208 1048 266; x_wconf 81' lang='grc' dir='ltr'><strong>ιιι</strong></span> <span class='ocrx_word' id='word_1_8' title='bbox 1064 209 1174 266; x_wconf 79' lang='lat' dir='ltr'><strong>misr.</strong></span> <span class='ocrx_word' id='word_1_9' title='bbox 1190 210 1201 266; x_wconf 93' lang='lat'><em>1</em></span> <span class='ocrx_word' id='word_1_10' title='bbox 1219 211 1266 267; x_wconf 78' lang='lat' dir='ltr'><strong>sn</strong></span> <span class='ocrx_word' id='word_1_11' title='bbox 1285 208 1404 268; x_wconf 86' lang='lat' dir='ltr'><strong>nmss.</strong></span> <span class='ocrx_word' id='word_1_12' title='bbox 1655 210 1708 269; x_wconf 84' lang='lat' dir='ltr'><strong>ase</strong></span> <span class='ocrx_word' id='word_1_13' title='bbox 1742 195 1744 200; x_wconf 83' lang='grc'><strong>’</strong></span> <span class='ocrx_word' id='word_1_14' title='bbox 1824 217 1828 226; x_wconf 74' lang='grc'><strong>’</strong></span> 
     </span>
    </p>
   </div>
   <div class='ocr_carea' id='block_1_2' title="bbox 63 333 1714 848">
    <p class='ocr_par' dir='ltr' id='par_1_2' title="bbox 63 333 1714 848">
     <span class='ocr_line' id='line_1_2' title="bbox 64 333 1710 408; baseline 0 -18"><span class='ocrx_word' id='word_1_15' title='bbox 64 333 189 407; x_wconf 86' lang='lat' dir='ltr'><strong>provide,</strong></span> <span class='ocrx_word' id='word_1_16' title='bbox 205 335 459 407; x_wconf 81' lang='lat' dir='ltr'><strong>ageminiaterium</strong></span> <span class='ocrx_word' id='word_1_17' title='bbox 469 334 540 408; x_wconf 83' lang='lat' dir='ltr'><strong>qood</strong></span> <span class='ocrx_word' id='word_1_18' title='bbox 550 333 725 406; x_wconf 83' lang='lat' dir='ltr'><strong>occepistiin</strong></span> <span class='ocrx_word' id='word_1_19' title='bbox 735 334 861 400; x_wconf 71' lang='lat' dir='ltr'><strong>Domino,</strong></span> <span class='ocrx_word' id='word_1_20' title='bbox 877 334 1056 403; x_wconf 73' lang='lat' dir='ltr'><strong>ASotototto</strong></span> <span class='ocrx_word' id='word_1_21' title='bbox 1072 334 1174 407; x_wconf 87' lang='lat' dir='ltr'><strong>scripta</strong></span> <span class='ocrx_word' id='word_1_22' title='bbox 1187 351 1250 392; x_wconf 87' lang='lat' dir='ltr'><strong>meo</strong></span> <span class='ocrx_word' id='word_1_23' title='bbox 1264 352 1353 391; x_wconf 82' lang='lat' dir='ltr'><strong>mono</strong></span> <span class='ocrx_word' id='word_1_24' title='bbox 1361 356 1370 405; x_wconf 90' lang='lat'><em>;</em></span> <span class='ocrx_word' id='word_1_25' title='bbox 1384 351 1448 392; x_wconf 74' lang='lat' dir='ltr'><strong>roeo</strong></span> <span class='ocrx_word' id='word_1_26' title='bbox 1458 334 1519 392; x_wconf 92' lang='lat' dir='ltr'><strong>dico</strong></span> <span class='ocrx_word' id='word_1_27' title='bbox 1533 350 1589 390; x_wconf 93' lang='lat' dir='ltr'><strong>non</strong></span> <span class='ocrx_word' id='word_1_28' title='bbox 1603 336 1710 403; x_wconf 89' lang='lat' dir='ltr'><strong>notarii,</strong></span> 
     </span>
     <span class='ocr_line' id='line_1_3' title="bbox 63 421 1711 495; baseline -0.002 -15"><span class='ocrx_word' id='word_1_29' title='bbox 63 427 100 480; x_wconf 83' lang='grc' dir='ltr'><strong>ιιι</strong></span> <span class='ocrx_word' id='word_1_30' title='bbox 112 422 232 495; x_wconf 83' lang='lat' dir='ltr'><strong>impleas</strong></span> <span class='ocrx_word' id='word_1_31' title='bbox 245 422 329 486; x_wconf 78' lang='lat' dir='ltr'><strong>ittet,</strong></span> <span class='ocrx_word' id='word_1_32' title='bbox 347 422 411 493; x_wconf 87' lang='lat' dir='ltr'><strong>quia</strong></span> <span class='ocrx_word' id='word_1_33' title='bbox 430 423 512 477; x_wconf 94' lang='lat' dir='ltr'><strong>modo</strong></span> <span class='ocrx_word' id='word_1_34' title='bbox 536 421 652 478; x_wconf 85' lang='lat' dir='ltr'><strong>correcti</strong></span> <span class='ocrx_word' id='word_1_35' title='bbox 668 422 757 493; x_wconf 89' lang='lat' dir='ltr'><strong>parati</strong></span> <span class='ocrx_word' id='word_1_36' title='bbox 773 437 866 477; x_wconf 91' lang='lat' dir='ltr'><strong>sumus</strong></span> <span class='ocrx_word' id='word_1_37' title='bbox 917 421 965 477; x_wconf 93' lang='lat' dir='ltr'><strong>sed</strong></span> <span class='ocrx_word' id='word_1_38' title='bbox 995 438 1057 477; x_wconf 87' lang='lat' dir='ltr'><strong>mea</strong></span> <span class='ocrx_word' id='word_1_39' title='bbox 1083 424 1178 478; x_wconf 77' lang='lat' dir='ltr'><strong>Ponti.</strong></span> <span class='ocrx_word' id='word_1_40' title='bbox 1209 423 1347 479; x_wconf 86' lang='lat' dir='ltr'><strong>Praemittit</strong></span> <span class='ocrx_word' id='word_1_41' title='bbox 1393 423 1520 494; x_wconf 81' lang='lat' dir='ltr'>quiddam</span> <span class='ocrx_word' id='word_1_42' title='bbox 1547 422 1711 479; x_wconf 85' lang='lat' dir='ltr'><strong>salutationi.</strong></span> 
     </span>
     <span class='ocr_line' id='line_1_4' title="bbox 66 509 1714 582; baseline -0.001 -16"><span class='ocrx_word' id='word_1_43' title='bbox 66 509 180 566; x_wconf 89' lang='lat' dir='ltr'><strong>obedire</strong></span> <span class='ocrx_word' id='word_1_44' title='bbox 195 509 253 565; x_wconf 91' lang='lat' dir='ltr'><strong>tibi.</strong></span> <span class='ocrx_word' id='word_1_45' title='bbox 270 510 391 581; x_wconf 83' lang='lat' dir='ltr'><strong>Dignum</strong></span> <span class='ocrx_word' id='word_1_46' title='bbox 407 519 448 566; x_wconf 90' lang='lat' dir='ltr'><strong>est</strong></span> <span class='ocrx_word' id='word_1_47' title='bbox 465 510 537 565; x_wconf 93' lang='lat' dir='ltr'><strong>enim</strong></span> <span class='ocrx_word' id='word_1_48' title='bbox 551 517 580 564; x_wconf 92' lang='lat' dir='ltr'><strong>ut</strong></span> <span class='ocrx_word' id='word_1_49' title='bbox 595 525 676 582; x_wconf 90' lang='lat' dir='ltr'><strong>quem</strong></span> <span class='ocrx_word' id='word_1_50' title='bbox 697 517 867 581; x_wconf 89' lang='lat' dir='ltr'><strong>contemptus</strong></span> <span class='ocrx_word' id='word_1_51' title='bbox 917 511 1013 567; x_wconf 80' lang='lat' dir='ltr'><strong>Estote</strong></span> <span class='ocrx_word' id='word_1_52' title='bbox 1024 527 1161 568; x_wconf 83' lang='lat' dir='ltr'><strong>memores</strong></span> <span class='ocrx_word' id='word_1_53' title='bbox 1175 511 1353 567; x_wconf 81' lang='lat' dir='ltr'><strong>vinculorum</strong></span> <span class='ocrx_word' id='word_1_54' title='bbox 1375 526 1511 578; x_wconf 83' lang='lat' dir='ltr'><strong>meorum,</strong></span> <span class='ocrx_word' id='word_1_55' title='bbox 1532 519 1560 566; x_wconf 92' lang='lat' dir='ltr'><strong>ut</strong></span> <span class='ocrx_word' id='word_1_56' title='bbox 1574 511 1617 566; x_wconf 91' lang='lat' dir='ltr'><strong>vel</strong></span> <span class='ocrx_word' id='word_1_57' title='bbox 1648 509 1714 564; x_wconf 91' lang='lat' dir='ltr'><strong>mihi</strong></span> 
     </span>
     <span class='ocr_line' id='line_1_5' title="bbox 65 597 1713 671; baseline -0.001 -15"><span class='ocrx_word' id='word_1_58' title='bbox 65 606 158 656; x_wconf 82' lang='lat' dir='ltr'><strong>vester</strong></span> <span class='ocrx_word' id='word_1_59' title='bbox 184 598 319 669; x_wconf 80' lang='lat' dir='ltr'>deposuit,</span> <span class='ocrx_word' id='word_1_60' title='bbox 344 599 501 654; x_wconf 89' lang='lat' dir='ltr'><strong>obedientia</strong></span> <span class='ocrx_word' id='word_1_61' title='bbox 533 606 624 655; x_wconf 89' lang='lat' dir='ltr'><strong>vestra</strong></span> <span class='ocrx_word' id='word_1_62' title='bbox 646 598 778 654; x_wconf 90' lang='lat' dir='ltr'><strong>restituat.</strong></span> <span class='ocrx_word' id='word_1_63' title='bbox 818 597 868 654; x_wconf 89' lang='lat' dir='ltr'><strong>llic</strong></span> <span class='ocrx_word' id='word_1_64' title='bbox 918 598 1077 654; x_wconf 74' lang='lat' dir='ltr'><strong>ministretis</strong></span> <span class='ocrx_word' id='word_1_65' title='bbox 1092 597 1120 652; x_wconf 95' lang='lat' dir='ltr'><strong>in</strong></span> <span class='ocrx_word' id='word_1_66' title='bbox 1148 598 1273 655; x_wconf 91' lang='lat' dir='ltr'><strong>vinculis.</strong></span> <span class='ocrx_word' id='word_1_67' title='bbox 1300 598 1359 666; x_wconf 82' lang='lat' dir='ltr'><strong>Vel,</strong></span> <span class='ocrx_word' id='word_1_68' title='bbox 1376 607 1405 653; x_wconf 92' lang='lat' dir='ltr'><strong>ut</strong></span> <span class='ocrx_word' id='word_1_69' title='bbox 1425 599 1549 671; x_wconf 82' lang='lat' dir='ltr'><strong>exemplo</strong></span> <span class='ocrx_word' id='word_1_70' title='bbox 1578 615 1640 654; x_wconf 92' lang='lat' dir='ltr'><strong>meo</strong></span> <span class='ocrx_word' id='word_1_71' title='bbox 1662 614 1713 671; x_wconf 91' lang='lat' dir='ltr'><strong>pro</strong></span> 
     </span>
     <span class='ocr_line' id='line_1_6' title="bbox 66 685 1713 758; baseline 0 -16"><span class='ocrx_word' id='word_1_72' title='bbox 66 687 231 757; x_wconf 78' lang='lat' dir='ltr'><strong>Archippus,</strong></span> <span class='ocrx_word' id='word_1_73' title='bbox 254 686 338 741; x_wconf 85' lang='lat' dir='ltr'><strong>iratus</strong></span> <span class='ocrx_word' id='word_1_74' title='bbox 370 687 434 758; x_wconf 91' lang='lat' dir='ltr'><strong>quia</strong></span> <span class='ocrx_word' id='word_1_75' title='bbox 461 686 603 742; x_wconf 89' lang='lat' dir='ltr'><strong>andiemnt</strong></span> <span class='ocrx_word' id='word_1_76' title='bbox 630 694 723 741; x_wconf 88' lang='lat' dir='ltr'><strong>contra</strong></span> <span class='ocrx_word' id='word_1_77' title='bbox 751 702 781 741; x_wconf 91' lang='lat' dir='ltr'><strong>se</strong></span> <span class='ocrx_word' id='word_1_78' title='bbox 806 685 868 741; x_wconf 88' lang='lat' dir='ltr'><strong>illos</strong></span> <span class='ocrx_word' id='word_1_79' title='bbox 918 686 1026 742; x_wconf 87' lang='lat' dir='ltr'><strong>Christo</strong></span> <span class='ocrx_word' id='word_1_80' title='bbox 1044 685 1194 758; x_wconf 91' lang='lat' dir='ltr'><strong>patiamini.</strong></span> <span class='ocrx_word' id='word_1_81' title='bbox 1214 686 1344 743; x_wconf 87' lang='lat' dir='ltr'><strong>Salutatio</strong></span> <span class='ocrx_word' id='word_1_82' title='bbox 1375 688 1434 743; x_wconf 85' lang='lat' dir='ltr'><strong>haec</strong></span> <span class='ocrx_word' id='word_1_83' title='bbox 1458 695 1522 742; x_wconf 90' lang='lat' dir='ltr'><strong>est:</strong></span> <span class='ocrx_word' id='word_1_84' title='bbox 1542 688 1640 744; x_wconf 79' lang='lat' dir='ltr'><strong>Gratia</strong></span> <span class='ocrx_word' id='word_1_85' title='bbox 1657 688 1713 742; x_wconf 85' lang='lat' dir='ltr'><strong>llo-</strong></span> 
     </span>
     <span class='ocr_line' id='line_1_7' title="bbox 65 774 1578 848; baseline 0 -17"><span class='ocrx_word' id='word_1_86' title='bbox 65 774 183 848; x_wconf 88' lang='lat' dir='ltr'><strong>pseudo,</strong></span> <span class='ocrx_word' id='word_1_87' title='bbox 201 774 306 830; x_wconf 78' lang='lat' dir='ltr'><strong>dixerat</strong></span> <span class='ocrx_word' id='word_1_88' title='bbox 321 791 419 830; x_wconf 93' lang='lat' dir='ltr'><strong>senon</strong></span> <span class='ocrx_word' id='word_1_89' title='bbox 439 775 557 847; x_wconf 90' lang='lat' dir='ltr'><strong>amplius</strong></span> <span class='ocrx_word' id='word_1_90' title='bbox 585 774 803 846; x_wconf 82' lang='lat' dir='ltr'><strong>episcopaturum</strong></span> <span class='ocrx_word' id='word_1_91' title='bbox 828 774 868 830; x_wconf 87' lang='lat' dir='ltr'><strong>eis</strong></span> <span class='ocrx_word' id='word_1_92' title='bbox 917 775 991 831; x_wconf 82' lang='lat' dir='ltr'><strong>mini</strong></span> <span class='ocrx_word' id='word_1_93' title='bbox 1005 776 1095 831; x_wconf 81' lang='lat' dir='ltr'><strong>nostri</strong></span> <span class='ocrx_word' id='word_1_94' title='bbox 1109 777 1175 832; x_wconf 72' lang='lat' dir='ltr'><strong>lesu</strong></span> <span class='ocrx_word' id='word_1_95' title='bbox 1191 774 1295 831; x_wconf 78' lang='lat' dir='ltr'><strong>Christi</strong></span> <span class='ocrx_word' id='word_1_96' title='bbox 1309 776 1457 832; x_wconf 82' lang='lat' dir='ltr'><strong>vobiscum.</strong></span> <span class='ocrx_word' id='word_1_97' title='bbox 1479 777 1578 831; x_wconf 77' lang='lat' dir='ltr'><strong>Amen.</strong></span> 
     </span>
    </p>
   </div>
   <div class='ocr_carea' id='block_1_3' title="bbox 328 1054 1453 1114">
    <p class='ocr_par' dir='ltr' id='par_1_3' title="bbox 328 1054 1453 1114">
     <span class='ocr_line' id='line_1_8' title="bbox 328 1054 1453 1114; baseline 0.001 -3"><span class='ocrx_word' id='word_1_98' title='bbox 328 1055 578 1112; x_wconf 80' lang='lat' dir='ltr'><strong>ARGUMENTUN</strong></span> <span class='ocrx_word' id='word_1_99' title='bbox 597 1057 632 1111; x_wconf 88' lang='lat' dir='ltr'><strong>IN</strong></span> <span class='ocrx_word' id='word_1_100' title='bbox 653 1054 849 1111; x_wconf 86' lang='lat' dir='ltr'><strong>EPlSTOLAbl</strong></span> <span class='ocrx_word' id='word_1_101' title='bbox 869 1054 1003 1111; x_wconf 83' lang='lat' dir='ltr'><strong>PElllAlll</strong></span> <span class='ocrx_word' id='word_1_102' title='bbox 1021 1056 1069 1111; x_wconf 89' lang='lat' dir='ltr'><strong>AD</strong></span> <span class='ocrx_word' id='word_1_103' title='bbox 1088 1055 1453 1114; x_wconf 77' lang='lat' dir='ltr'><strong>THESSALONICENSES.</strong></span> 
     </span>
    </p>
   </div>
   <div class='ocr_carea' id='block_1_4' title="bbox 68 1201 1717 1400">
    <p class='ocr_par' dir='ltr' id='par_1_4' title="bbox 68 1201 1717 1400">
     <span class='ocr_line' id='line_1_9' title="bbox 104 1201 1717 1277; baseline 0.004 -19"><span class='ocrx_word' id='word_1_104' title='bbox 104 1201 363 1259; x_wconf 83' lang='lat' dir='ltr'><strong>Thessalonicenses</strong></span> <span class='ocrx_word' id='word_1_105' title='bbox 375 1211 439 1258; x_wconf 90' lang='lat' dir='ltr'><strong>snut</strong></span> <span class='ocrx_word' id='word_1_106' title='bbox 452 1204 625 1261; x_wconf 86' lang='lat' dir='ltr'><strong>llacedones.</strong></span> <span class='ocrx_word' id='word_1_107' title='bbox 647 1203 680 1258; x_wconf 87' lang='lat' dir='ltr'><strong>lli</strong></span> <span class='ocrx_word' id='word_1_108' title='bbox 695 1204 722 1258; x_wconf 93' lang='lat' dir='ltr'><strong>in</strong></span> <span class='ocrx_word' id='word_1_109' title='bbox 738 1203 846 1260; x_wconf 88' lang='lat' dir='ltr'><strong>Christo</strong></span> <span class='ocrx_word' id='word_1_110' title='bbox 860 1204 926 1260; x_wconf 85' lang='lat' dir='ltr'><strong>lesu</strong></span> <span class='ocrx_word' id='word_1_111' title='bbox 941 1211 1055 1276; x_wconf 82' lang='lat' dir='ltr'><strong>accepto</strong></span> <span class='ocrx_word' id='word_1_112' title='bbox 1069 1204 1153 1260; x_wconf 91' lang='lat' dir='ltr'><strong>verbo</strong></span> <span class='ocrx_word' id='word_1_113' title='bbox 1178 1205 1298 1261; x_wconf 90' lang='lat' dir='ltr'><strong>veritatis</strong></span> <span class='ocrx_word' id='word_1_114' title='bbox 1319 1207 1492 1277; x_wconf 88' lang='lat' dir='ltr'><strong>perstiterunt</strong></span> <span class='ocrx_word' id='word_1_115' title='bbox 1505 1205 1532 1261; x_wconf 91' lang='lat' dir='ltr'><strong>in</strong></span> <span class='ocrx_word' id='word_1_116' title='bbox 1547 1205 1618 1277; x_wconf 85' lang='lat' dir='ltr'><strong>lide,</strong></span> <span class='ocrx_word' id='word_1_117' title='bbox 1634 1207 1717 1264; x_wconf 90' lang='lat' dir='ltr'><strong>etiam</strong></span> 
     </span>
     <span class='ocr_line' id='line_1_10' title="bbox 68 1272 1717 1400; baseline 0.004 -72"><span class='ocrx_word' id='word_1_118' title='bbox 68 1272 97 1328; x_wconf 92' lang='lat' dir='ltr'><strong>in</strong></span> <span class='ocrx_word' id='word_1_119' title='bbox 112 1273 300 1344; x_wconf 86' lang='lat' dir='ltr'><strong>persecutione</strong></span> <span class='ocrx_word' id='word_1_120' title='bbox 319 1275 418 1330; x_wconf 89' lang='lat' dir='ltr'><strong>civium</strong></span> <span class='ocrx_word' id='word_1_121' title='bbox 432 1290 555 1330; x_wconf 90' lang='lat' dir='ltr'><strong>suorum.</strong></span> <span class='ocrx_word' id='word_1_122' title='bbox 572 1277 709 1331; x_wconf 86' lang='lat' dir='ltr'><strong>Praeterea</strong></span> <span class='ocrx_word' id='word_1_123' title='bbox 722 1290 774 1331; x_wconf 91' lang='lat' dir='ltr'><strong>nec</strong></span> <span class='ocrx_word' id='word_1_124' title='bbox 789 1282 953 1346; x_wconf 89' lang='lat' dir='ltr'><strong>receperunt</strong></span> <span class='ocrx_word' id='word_1_125' title='bbox 967 1273 1213 1400; x_wconf 56' lang='lat' dir='ltr'><strong>ialsosa1postolos,</strong></span> <span class='ocrx_word' id='word_1_126' title='bbox 1229 1292 1280 1332; x_wconf 90' lang='lat' dir='ltr'><strong>neo</strong></span> <span class='ocrx_word' id='word_1_127' title='bbox 1295 1292 1328 1332; x_wconf 89' lang='lat' dir='ltr'><strong>ea</strong></span> <span class='ocrx_word' id='word_1_128' title='bbox 1339 1293 1400 1349; x_wconf 78' lang='lat' dir='ltr'><strong>quar</strong></span> <span class='ocrx_word' id='word_1_129' title='bbox 1415 1293 1433 1332; x_wconf 92' lang='lat' dir='ltr'><strong>a</strong></span> <span class='ocrx_word' id='word_1_130' title='bbox 1448 1277 1523 1332; x_wconf 83' lang='lat' dir='ltr'><strong>salsis</strong></span> <span class='ocrx_word' id='word_1_131' title='bbox 1537 1279 1717 1359; x_wconf 82' lang='lat' dir='ltr'><strong>apostolisdi-</strong></span> 
     </span>
    </p>
   </div>
   <div class='ocr_carea' id='block_1_5' title="bbox 69 1344 1717 1486">
    <p class='ocr_par' dir='ltr' id='par_1_5' title="bbox 69 1344 1717 1486">
     <span class='ocr_line' id='line_1_11' title="bbox 69 1344 1717 1469; baseline 0.004 -70"><span class='ocrx_word' id='word_1_132' title='bbox 69 1344 210 1469; x_wconf 42' lang='lat' dir='ltr'><strong>fetlssantur.</strong></span> <span class='ocrx_word' id='word_1_133' title='bbox 227 1345 284 1400; x_wconf 85' lang='lat' dir='ltr'><strong>llos</strong></span> <span class='ocrx_word' id='word_1_134' title='bbox 299 1345 435 1402; x_wconf 90' lang='lat' dir='ltr'><strong>collaudat</strong></span> <span class='ocrx_word' id='word_1_135' title='bbox 449 1346 611 1417; x_wconf 74' lang='lat' dir='ltr'><strong>Apostolus,</strong></span> <span class='ocrx_word' id='word_1_136' title='bbox 636 1345 759 1402; x_wconf 78' lang='lat' dir='ltr'><strong>scribens</strong></span> <span class='ocrx_word' id='word_1_137' title='bbox 775 1345 815 1401; x_wconf 90' lang='lat' dir='ltr'><strong>eis</strong></span> <span class='ocrx_word' id='word_1_138' title='bbox 831 1345 865 1400; x_wconf 93' lang='lat' dir='ltr'><strong>ab</strong></span> <span class='ocrx_word' id='word_1_139' title='bbox 881 1346 994 1401; x_wconf 90' lang='lat' dir='ltr'><strong>Athenis</strong></span> <span class='ocrx_word' id='word_1_140' title='bbox 1006 1361 1057 1417; x_wconf 92' lang='lat' dir='ltr'><strong>per</strong></span> <span class='ocrx_word' id='word_1_141' title='bbox 1093 1346 1218 1416; x_wconf 78' lang='lat' dir='ltr'><strong>vobicum</strong></span> <span class='ocrx_word' id='word_1_142' title='bbox 1237 1347 1397 1415; x_wconf 78' lang='lat' dir='ltr'><strong>diaconem,</strong></span> <span class='ocrx_word' id='word_1_143' title='bbox 1417 1355 1444 1405; x_wconf 90' lang='lat' dir='ltr'><strong>et</strong></span> <span class='ocrx_word' id='word_1_144' title='bbox 1468 1347 1627 1405; x_wconf 74' lang='lat' dir='ltr'><strong>Onesimum</strong></span> <span class='ocrx_word' id='word_1_145' title='bbox 1654 1363 1717 1406; x_wconf 91' lang='lat' dir='ltr'><strong>aco·</strong></span> 
     </span>
     <span class='ocr_line' id='line_1_12' title="bbox 80 1429 184 1486; baseline -0.01 -16"><span class='ocrx_word' id='word_1_146' title='bbox 80 1431 97 1486; x_wconf 91' lang='lat' dir='ltr'>y</span> <span class='ocrx_word' id='word_1_147' title='bbox 129 1429 184 1470; x_wconf 89' lang='lat' dir='ltr'><strong>um.</strong></span> 
     </span>
    </p>
   </div>
   <div class='ocr_carea' id='block_1_6' title="bbox 499 1699 1283 1764">
    <p class='ocr_par' dir='ltr' id='par_1_6' title="bbox 499 1699 1283 1764">
     <span class='ocr_line' id='line_1_13' title="bbox 499 1699 1283 1764; baseline 0.001 -3"><span class='ocrx_word' id='word_1_148' title='bbox 499 1699 722 1764; x_wconf 86' lang='lat' dir='ltr'><strong>PROLOGUS</strong></span> <span class='ocrx_word' id='word_1_149' title='bbox 742 1703 781 1763; x_wconf 90' lang='lat' dir='ltr'><strong>B.</strong></span> <span class='ocrx_word' id='word_1_150' title='bbox 804 1699 1015 1764; x_wconf 85' lang='lat' dir='ltr'><strong>BRUNONIS</strong></span> <span class='ocrx_word' id='word_1_151' title='bbox 1036 1700 1078 1762; x_wconf 94' lang='lat' dir='ltr'><strong>IN</strong></span> <span class='ocrx_word' id='word_1_152' title='bbox 1098 1701 1283 1762; x_wconf 88' lang='lat' dir='ltr'><strong>EAMDEM.</strong></span> 
     </span>
    </p>
   </div>
   <div class='ocr_carea' id='block_1_7' title="bbox 69 1856 1725 3072">
    <p class='ocr_par' dir='ltr' id='par_1_7' title="bbox 69 1856 1725 3072">
     <span class='ocr_line' id='line_1_14' title="bbox 107 1856 1719 1928; baseline 0.001 -12"><span class='ocrx_word' id='word_1_153' title='bbox 107 1856 368 1917; x_wconf 80' lang='lat' dir='ltr'><strong>Thessalonicenses</strong></span> <span class='ocrx_word' id='word_1_154' title='bbox 394 1865 456 1914; x_wconf 87' lang='lat' dir='ltr'><strong>sunt</strong></span> <span class='ocrx_word' id='word_1_155' title='bbox 484 1858 513 1914; x_wconf 93' lang='lat' dir='ltr'><strong>in</strong></span> <span class='ocrx_word' id='word_1_156' title='bbox 542 1858 711 1914; x_wconf 83' lang='lat' dir='ltr'><strong>Macedonia.</strong></span> <span class='ocrx_word' id='word_1_157' title='bbox 741 1857 786 1923; x_wconf 85' lang='lat' dir='ltr'><strong>Hi,</strong></span> <span class='ocrx_word' id='word_1_158' title='bbox 820 1862 908 1922; x_wconf 78' lang='grc' dir='ltr'>ιιι-Β</span> <span class='ocrx_word' id='word_1_159' title='bbox 922 1858 1062 1928; x_wconf 87' lang='lat' dir='ltr'><strong>aberrans,</strong></span> <span class='ocrx_word' id='word_1_160' title='bbox 1088 1857 1186 1914; x_wconf 88' lang='lat' dir='ltr'><strong>Paulus</strong></span> <span class='ocrx_word' id='word_1_161' title='bbox 1214 1858 1249 1913; x_wconf 93' lang='lat' dir='ltr'><strong>ab</strong></span> <span class='ocrx_word' id='word_1_162' title='bbox 1275 1859 1389 1916; x_wconf 88' lang='lat' dir='ltr'><strong>Athenis</strong></span> <span class='ocrx_word' id='word_1_163' title='bbox 1415 1859 1584 1917; x_wconf 81' lang='lat' dir='ltr'><strong>Timotheum</strong></span> <span class='ocrx_word' id='word_1_164' title='bbox 1612 1861 1647 1916; x_wconf 92' lang='lat' dir='ltr'><strong>ad</strong></span> <span class='ocrx_word' id='word_1_165' title='bbox 1671 1877 1719 1918; x_wconf 85' lang='lat' dir='ltr'><strong>eos</strong></span> 
     </span>
     <span class='ocr_line' id='line_1_15' title="bbox 72 1944 1718 2020; baseline 0.002 -18"><span class='ocrx_word' id='word_1_166' title='bbox 72 1946 132 2004; x_wconf 92' lang='lat' dir='ltr'><strong>dito</strong></span> <span class='ocrx_word' id='word_1_167' title='bbox 159 1946 245 2014; x_wconf 82' lang='lat' dir='ltr'><strong>verbo</strong></span> <span class='ocrx_word' id='word_1_168' title='bbox 277 1945 341 2003; x_wconf 89' lang='lat' dir='ltr'><strong>fidei</strong></span> <span class='ocrx_word' id='word_1_169' title='bbox 372 1944 506 2012; x_wconf 88' lang='lat' dir='ltr'><strong>aPaulo,</strong></span> <span class='ocrx_word' id='word_1_170' title='bbox 549 1945 731 2011; x_wconf 89' lang='lat' dir='ltr'><strong>crediderunt,</strong></span> <span class='ocrx_word' id='word_1_171' title='bbox 759 1953 870 2016; x_wconf 89' lang='lat' dir='ltr'><strong>accepta</strong></span> <span class='ocrx_word' id='word_1_172' title='bbox 924 1945 1032 2002; x_wconf 84' lang='lat' dir='ltr'><strong>direxit.</strong></span> <span class='ocrx_word' id='word_1_173' title='bbox 1049 1945 1237 2014; x_wconf 87' lang='lat' dir='ltr'><strong>Quoreverso,</strong></span> <span class='ocrx_word' id='word_1_174' title='bbox 1253 1947 1300 2002; x_wconf 93' lang='lat' dir='ltr'><strong>ubi</strong></span> <span class='ocrx_word' id='word_1_175' title='bbox 1319 1947 1416 2003; x_wconf 90' lang='lat' dir='ltr'><strong>Paulus</strong></span> <span class='ocrx_word' id='word_1_176' title='bbox 1433 1949 1613 2020; x_wconf 89' lang='lat' dir='ltr'><strong>quorumdam</strong></span> <span class='ocrx_word' id='word_1_177' title='bbox 1626 1948 1718 2019; x_wconf 84' lang='lat' dir='ltr'><strong>iidem,</strong></span> 
     </span>
     <span class='ocr_line' id='line_1_16' title="bbox 71 2031 1719 2110; baseline 0.001 -21"><span class='ocrx_word' id='word_1_178' title='bbox 71 2034 157 2090; x_wconf 88' lang='lat' dir='ltr'><strong>multa</strong></span> <span class='ocrx_word' id='word_1_179' title='bbox 180 2035 271 2107; x_wconf 79' lang='lat' dir='ltr'><strong>gratia</strong></span> <span class='ocrx_word' id='word_1_180' title='bbox 298 2034 327 2089; x_wconf 92' lang='lat' dir='ltr'><strong>in</strong></span> <span class='ocrx_word' id='word_1_181' title='bbox 358 2035 418 2105; x_wconf 92' lang='lat' dir='ltr'><strong>ipso</strong></span> <span class='ocrx_word' id='word_1_182' title='bbox 457 2034 568 2090; x_wconf 84' lang='lat' dir='ltr'><strong>exordio</strong></span> <span class='ocrx_word' id='word_1_183' title='bbox 596 2031 668 2089; x_wconf 86' lang='lat' dir='ltr'><strong>iidei.</strong></span> <span class='ocrx_word' id='word_1_184' title='bbox 704 2033 757 2089; x_wconf 87' lang='lat' dir='ltr'><strong>Sed</strong></span> <span class='ocrx_word' id='word_1_185' title='bbox 786 2033 870 2088; x_wconf 89' lang='lat' dir='ltr'><strong>Paulo</strong></span> <span class='ocrx_word' id='word_1_186' title='bbox 925 2034 1043 2091; x_wconf 89' lang='lat' dir='ltr'><strong>aliorum</strong></span> <span class='ocrx_word' id='word_1_187' title='bbox 1055 2050 1174 2091; x_wconf 91' lang='lat' dir='ltr'><strong>errorem</strong></span> <span class='ocrx_word' id='word_1_188' title='bbox 1203 2050 1252 2105; x_wconf 91' lang='lat' dir='ltr'><strong>per</strong></span> <span class='ocrx_word' id='word_1_189' title='bbox 1272 2034 1443 2092; x_wconf 85' lang='lat' dir='ltr'><strong>Timotheum</strong></span> <span class='ocrx_word' id='word_1_190' title='bbox 1464 2045 1553 2092; x_wconf 80' lang='lat' dir='ltr'><strong>certus</strong></span> <span class='ocrx_word' id='word_1_191' title='bbox 1579 2037 1719 2110; x_wconf 68' lang='lat' dir='ltr'><strong>cognovit,</strong></span> 
     </span>
     <span class='ocr_line' id='line_1_17' title="bbox 70 2121 1721 2197; baseline 0.002 -21"><span class='ocrx_word' id='word_1_192' title='bbox 70 2137 185 2180; x_wconf 90' lang='lat' dir='ltr'><strong>reverso</strong></span> <span class='ocrx_word' id='word_1_193' title='bbox 208 2123 242 2177; x_wconf 92' lang='lat' dir='ltr'><strong>ab</strong></span> <span class='ocrx_word' id='word_1_194' title='bbox 275 2129 325 2192; x_wconf 89' lang='lat' dir='ltr'><strong>ets,</strong></span> <span class='ocrx_word' id='word_1_195' title='bbox 354 2122 465 2195; x_wconf 85' lang='lat' dir='ltr'><strong>qnidam</strong></span> <span class='ocrx_word' id='word_1_196' title='bbox 480 2121 561 2193; x_wconf 81' lang='lat' dir='ltr'><strong>(sicut</strong></span> <span class='ocrx_word' id='word_1_197' title='bbox 584 2121 620 2177; x_wconf 90' lang='lat' dir='ltr'><strong>ab</strong></span> <span class='ocrx_word' id='word_1_198' title='bbox 642 2136 675 2176; x_wconf 92' lang='lat' dir='ltr'><strong>eo</strong></span> <span class='ocrx_word' id='word_1_199' title='bbox 697 2121 871 2193; x_wconf 86' lang='lat' dir='ltr'><strong>acceperant)</strong></span> <span class='ocrx_word' id='word_1_200' title='bbox 926 2121 1017 2178; x_wconf 87' lang='lat' dir='ltr'><strong>scribit</strong></span> <span class='ocrx_word' id='word_1_201' title='bbox 1027 2121 1081 2177; x_wconf 92' lang='lat' dir='ltr'><strong>illis</strong></span> <span class='ocrx_word' id='word_1_202' title='bbox 1096 2123 1166 2177; x_wconf 91' lang='lat' dir='ltr'><strong>banc</strong></span> <span class='ocrx_word' id='word_1_203' title='bbox 1190 2121 1349 2193; x_wconf 83' lang='lat' dir='ltr'><strong>Epistolam,</strong></span> <span class='ocrx_word' id='word_1_204' title='bbox 1374 2123 1402 2178; x_wconf 94' lang='lat' dir='ltr'><strong>in</strong></span> <span class='ocrx_word' id='word_1_205' title='bbox 1417 2140 1469 2196; x_wconf 91' lang='lat' dir='ltr'><strong>qua</strong></span> <span class='ocrx_word' id='word_1_206' title='bbox 1491 2132 1635 2197; x_wconf 90' lang='lat' dir='ltr'><strong>utramque</strong></span> <span class='ocrx_word' id='word_1_207' title='bbox 1655 2140 1721 2196; x_wconf 87' lang='lat' dir='ltr'><strong>par-</strong></span> 
     </span>
     <span class='ocr_line' id='line_1_18' title="bbox 69 2207 1722 2281; baseline 0.002 -17"><span class='ocrx_word' id='word_1_208' title='bbox 69 2209 223 2266; x_wconf 89' lang='lat' dir='ltr'><strong>imitatores</strong></span> <span class='ocrx_word' id='word_1_209' title='bbox 246 2209 322 2266; x_wconf 91' lang='lat' dir='ltr'><strong>Pauli</strong></span> <span class='ocrx_word' id='word_1_210' title='bbox 360 2208 539 2281; x_wconf 87' lang='lat' dir='ltr'><strong>perstiterunt</strong></span> <span class='ocrx_word' id='word_1_211' title='bbox 585 2209 614 2264; x_wconf 93' lang='lat' dir='ltr'><strong>in</strong></span> <span class='ocrx_word' id='word_1_212' title='bbox 647 2207 741 2275; x_wconf 88' lang='lat' dir='ltr'><strong>hono;</strong></span> <span class='ocrx_word' id='word_1_213' title='bbox 761 2209 872 2281; x_wconf 89' lang='lat' dir='ltr'><strong>quidam</strong></span> <span class='ocrx_word' id='word_1_214' title='bbox 927 2217 1097 2276; x_wconf 89' lang='lat' dir='ltr'><strong>temeorum,</strong></span> <span class='ocrx_word' id='word_1_215' title='bbox 1112 2209 1248 2280; x_wconf 89' lang='lat' dir='ltr'><strong>perlectos</strong></span> <span class='ocrx_word' id='word_1_216' title='bbox 1262 2211 1366 2266; x_wconf 88' lang='lat' dir='ltr'><strong>scilicet</strong></span> <span class='ocrx_word' id='word_1_217' title='bbox 1381 2219 1407 2267; x_wconf 85' lang='lat' dir='ltr'><strong>et</strong></span> <span class='ocrx_word' id='word_1_218' title='bbox 1420 2220 1554 2280; x_wconf 83' lang='lat' dir='ltr'><strong>errantes,</strong></span> <span class='ocrx_word' id='word_1_219' title='bbox 1569 2212 1722 2269; x_wconf 86' lang='lat' dir='ltr'><strong>habetme·</strong></span> 
     </span>
     <span class='ocr_line' id='line_1_19' title="bbox 69 2295 1723 2371; baseline 0.004 -19"><span class='ocrx_word' id='word_1_220' title='bbox 69 2304 163 2354; x_wconf 90' lang='lat' dir='ltr'><strong>autem</strong></span> <span class='ocrx_word' id='word_1_221' title='bbox 196 2313 289 2354; x_wconf 90' lang='lat' dir='ltr'><strong>eornm</strong></span> <span class='ocrx_word' id='word_1_222' title='bbox 312 2296 443 2369; x_wconf 91' lang='lat' dir='ltr'><strong>paulatim</strong></span> <span class='ocrx_word' id='word_1_223' title='bbox 471 2296 591 2367; x_wconf 85' lang='lat' dir='ltr'><strong>corrupti</strong></span> <span class='ocrx_word' id='word_1_224' title='bbox 614 2302 685 2362; x_wconf 90' lang='lat' dir='ltr'><strong>sunt,</strong></span> <span class='ocrx_word' id='word_1_225' title='bbox 708 2295 829 2352; x_wconf 90' lang='lat' dir='ltr'><strong>labentes</strong></span> <span class='ocrx_word' id='word_1_226' title='bbox 844 2295 873 2352; x_wconf 93' lang='lat' dir='ltr'><strong>in</strong></span> <span class='ocrx_word' id='word_1_227' title='bbox 928 2297 1026 2352; x_wconf 88' lang='lat' dir='ltr'><strong>teriam</strong></span> <span class='ocrx_word' id='word_1_228' title='bbox 1043 2311 1050 2351; x_wconf 74' lang='grc' dir='ltr'>ι</span> <span class='ocrx_word' id='word_1_229' title='bbox 1067 2297 1154 2353; x_wconf 92' lang='lat' dir='ltr'><strong>bonos</strong></span> <span class='ocrx_word' id='word_1_230' title='bbox 1173 2298 1207 2353; x_wconf 92' lang='lat' dir='ltr'><strong>de</strong></span> <span class='ocrx_word' id='word_1_231' title='bbox 1222 2297 1390 2368; x_wconf 86' lang='lat' dir='ltr'><strong>perfectione</strong></span> <span class='ocrx_word' id='word_1_232' title='bbox 1411 2298 1474 2356; x_wconf 90' lang='lat' dir='ltr'><strong>iidei</strong></span> <span class='ocrx_word' id='word_1_233' title='bbox 1488 2299 1680 2371; x_wconf 87' lang='lat' dir='ltr'><strong>collaudando,</strong></span> <span class='ocrx_word' id='word_1_234' title='bbox 1696 2308 1723 2358; x_wconf 87' lang='lat' dir='ltr'><strong>et</strong></span> 
     </span>
     <span class='ocr_line' id='line_1_20' title="bbox 73 2384 1722 2459; baseline 0.001 -16"><span class='ocrx_word' id='word_1_235' title='bbox 73 2384 196 2443; x_wconf 68' lang='lat'><strong>289</strong></span> <span class='ocrx_word' id='word_1_236' title='bbox 212 2385 320 2442; x_wconf 82' lang='lat' dir='ltr'><strong>foveam</strong></span> <span class='ocrx_word' id='word_1_237' title='bbox 336 2385 530 2442; x_wconf 89' lang='lat' dir='ltr'><strong>iomicationis.</strong></span> <span class='ocrx_word' id='word_1_238' title='bbox 556 2385 702 2455; x_wconf 89' lang='lat' dir='ltr'><strong>Coeperunt</strong></span> <span class='ocrx_word' id='word_1_239' title='bbox 716 2384 797 2439; x_wconf 92' lang='lat' dir='ltr'><strong>etiam</strong></span> <span class='ocrx_word' id='word_1_240' title='bbox 811 2399 873 2440; x_wconf 89' lang='lat' dir='ltr'><strong>esse</strong></span> <span class='ocrx_word' id='word_1_241' title='bbox 926 2384 961 2439; x_wconf 91' lang='lat' dir='ltr'><strong>ad</strong></span> <span class='ocrx_word' id='word_1_242' title='bbox 982 2385 1179 2442; x_wconf 90' lang='lat' dir='ltr'><strong>incrementum</strong></span> <span class='ocrx_word' id='word_1_243' title='bbox 1208 2385 1352 2454; x_wconf 85' lang='lat' dir='ltr'><strong>bonorum,</strong></span> <span class='ocrx_word' id='word_1_244' title='bbox 1379 2403 1441 2459; x_wconf 83' lang='lat' dir='ltr'><strong>quae</strong></span> <span class='ocrx_word' id='word_1_245' title='bbox 1459 2396 1599 2459; x_wconf 88' lang='lat' dir='ltr'><strong>coeperunt</strong></span> <span class='ocrx_word' id='word_1_246' title='bbox 1620 2388 1722 2445; x_wconf 87' lang='lat' dir='ltr'><strong>adhor-</strong></span> 
     </span>
     <span class='ocr_line' id='line_1_21' title="bbox 72 2471 1724 2545; baseline 0.001 -16"><span class='ocrx_word' id='word_1_247' title='bbox 72 2473 164 2540; x_wconf 91' lang='lat' dir='ltr'><strong>otiosi,</strong></span> <span class='ocrx_word' id='word_1_248' title='bbox 181 2474 308 2530; x_wconf 88' lang='lat' dir='ltr'><strong>laborare</strong></span> <span class='ocrx_word' id='word_1_249' title='bbox 318 2472 453 2542; x_wconf 87' lang='lat' dir='ltr'><strong>nolentes,</strong></span> <span class='ocrx_word' id='word_1_250' title='bbox 471 2480 499 2531; x_wconf 89' lang='grc' dir='ltr'><strong>ει</strong></span> <span class='ocrx_word' id='word_1_251' title='bbox 512 2471 622 2539; x_wconf 89' lang='lat' dir='ltr'><strong>curiosi,</strong></span> <span class='ocrx_word' id='word_1_252' title='bbox 645 2487 769 2527; x_wconf 83' lang='lat' dir='ltr'><strong>minores</strong></span> <span class='ocrx_word' id='word_1_253' title='bbox 796 2471 873 2528; x_wconf 90' lang='lat' dir='ltr'><strong>urbis</strong></span> <span class='ocrx_word' id='word_1_254' title='bbox 927 2473 1029 2539; x_wconf 86' lang='lat' dir='ltr'><strong>tando;</strong></span> <span class='ocrx_word' id='word_1_255' title='bbox 1057 2481 1178 2529; x_wconf 81' lang='lat' dir='ltr'><strong>errantes</strong></span> <span class='ocrx_word' id='word_1_256' title='bbox 1192 2488 1209 2528; x_wconf 94' lang='lat' dir='ltr'><strong>a</strong></span> <span class='ocrx_word' id='word_1_257' title='bbox 1232 2475 1396 2543; x_wconf 87' lang='lat' dir='ltr'><strong>curiositate,</strong></span> <span class='ocrx_word' id='word_1_258' title='bbox 1413 2475 1478 2542; x_wconf 90' lang='lat' dir='ltr'><strong>otio,</strong></span> <span class='ocrx_word' id='word_1_259' title='bbox 1494 2474 1682 2545; x_wconf 82' lang='lat' dir='ltr'><strong>fornicatione,</strong></span> <span class='ocrx_word' id='word_1_260' title='bbox 1697 2483 1724 2532; x_wconf 92' lang='lat' dir='ltr'><strong>et</strong></span> 
     </span>
     <span class='ocr_line' id='line_1_22' title="bbox 70 2558 1723 2634; baseline 0.002 -19"><span class='ocrx_word' id='word_1_261' title='bbox 70 2561 157 2616; x_wconf 91' lang='lat' dir='ltr'><strong>multo</strong></span> <span class='ocrx_word' id='word_1_262' title='bbox 172 2561 261 2617; x_wconf 87' lang='lat' dir='ltr'><strong>studio</strong></span> <span class='ocrx_word' id='word_1_263' title='bbox 274 2562 473 2634; x_wconf 89' lang='lat' dir='ltr'><strong>perquirentes.</strong></span> <span class='ocrx_word' id='word_1_264' title='bbox 487 2561 617 2617; x_wconf 85' lang='lat' dir='ltr'><strong>Errantes</strong></span> <span class='ocrx_word' id='word_1_265' title='bbox 628 2559 710 2614; x_wconf 90' lang='lat' dir='ltr'><strong>etiam</strong></span> <span class='ocrx_word' id='word_1_266' title='bbox 723 2558 873 2616; x_wconf 93' lang='lat' dir='ltr'><strong>dubitando</strong></span> <span class='ocrx_word' id='word_1_267' title='bbox 927 2577 943 2615; x_wconf 90' lang='lat' dir='ltr'><strong>a</strong></span> <span class='ocrx_word' id='word_1_268' title='bbox 961 2560 1130 2617; x_wconf 88' lang='lat' dir='ltr'><strong>dubitatione</strong></span> <span class='ocrx_word' id='word_1_269' title='bbox 1153 2561 1245 2616; x_wconf 88' lang='lat' dir='ltr'><strong>habita</strong></span> <span class='ocrx_word' id='word_1_270' title='bbox 1263 2561 1298 2618; x_wconf 95' lang='lat' dir='ltr'><strong>de</strong></span> <span class='ocrx_word' id='word_1_271' title='bbox 1321 2561 1411 2618; x_wconf 86' lang='lat' dir='ltr'><strong>lutura</strong></span> <span class='ocrx_word' id='word_1_272' title='bbox 1431 2564 1630 2620; x_wconf 89' lang='lat' dir='ltr'><strong>resurrectione</strong></span> <span class='ocrx_word' id='word_1_273' title='bbox 1657 2577 1723 2620; x_wconf 89' lang='lat' dir='ltr'><strong>con·</strong></span> 
     </span>
     <span class='ocr_line' id='line_1_23' title="bbox 71 2647 1724 2722; baseline 0.003 -20"><span class='ocrx_word' id='word_1_274' title='bbox 71 2647 108 2703; x_wconf 88' lang='lat' dir='ltr'><strong>de</strong></span> <span class='ocrx_word' id='word_1_275' title='bbox 122 2649 323 2706; x_wconf 89' lang='lat' dir='ltr'><strong>resurrectione</strong></span> <span class='ocrx_word' id='word_1_276' title='bbox 336 2656 517 2705; x_wconf 86' lang='lat' dir='ltr'><strong>mortuorum.</strong></span> <span class='ocrx_word' id='word_1_277' title='bbox 534 2648 627 2718; x_wconf 82' lang='lat' dir='ltr'><strong>Quare</strong></span> <span class='ocrx_word' id='word_1_278' title='bbox 643 2647 722 2703; x_wconf 88' lang='lat' dir='ltr'><strong>etiam</strong></span> <span class='ocrx_word' id='word_1_279' title='bbox 737 2663 767 2702; x_wconf 90' lang='lat' dir='ltr'><strong>se</strong></span> <span class='ocrx_word' id='word_1_280' title='bbox 790 2663 874 2720; x_wconf 91' lang='lat' dir='ltr'><strong>supra</strong></span> <span class='ocrx_word' id='word_1_281' title='bbox 928 2648 1001 2720; x_wconf 78' lang='lat' dir='ltr'><strong>gruis</strong></span> <span class='ocrx_word' id='word_1_282' title='bbox 1016 2648 1164 2703; x_wconf 86' lang='lat' dir='ltr'><strong>rationibus</strong></span> <span class='ocrx_word' id='word_1_283' title='bbox 1193 2650 1365 2706; x_wconf 89' lang='lat' dir='ltr'><strong>retrahendo.</strong></span> <span class='ocrx_word' id='word_1_284' title='bbox 1382 2652 1413 2706; x_wconf 97' lang='lat' dir='ltr'><strong>ln</strong></span> <span class='ocrx_word' id='word_1_285' title='bbox 1426 2666 1478 2722; x_wconf 89' lang='lat' dir='ltr'><strong>qua</strong></span> <span class='ocrx_word' id='word_1_286' title='bbox 1493 2667 1521 2707; x_wconf 89' lang='lat' dir='ltr'><strong>re</strong></span> <span class='ocrx_word' id='word_1_287' title='bbox 1542 2659 1637 2722; x_wconf 86' lang='lat' dir='ltr'><strong>aperta</strong></span> <span class='ocrx_word' id='word_1_288' title='bbox 1658 2650 1724 2707; x_wconf 86' lang='lat' dir='ltr'><strong>satis</strong></span> 
     </span>
     <span class='ocr_line' id='line_1_24' title="bbox 71 2735 1724 2810; baseline 0.001 -19"><span class='ocrx_word' id='word_1_289' title='bbox 71 2736 185 2792; x_wconf 90' lang='lat' dir='ltr'><strong>modum</strong></span> <span class='ocrx_word' id='word_1_290' title='bbox 207 2736 365 2810; x_wconf 81' lang='lat' dir='ltr'><strong>ailligebant</strong></span> <span class='ocrx_word' id='word_1_291' title='bbox 392 2736 421 2792; x_wconf 92' lang='lat' dir='ltr'><strong>in</strong></span> <span class='ocrx_word' id='word_1_292' title='bbox 442 2745 530 2792; x_wconf 89' lang='lat' dir='ltr'><strong>morte</strong></span> <span class='ocrx_word' id='word_1_293' title='bbox 558 2737 717 2803; x_wconf 87' lang='lat' dir='ltr'><strong>amicorum,</strong></span> <span class='ocrx_word' id='word_1_294' title='bbox 746 2743 874 2805; x_wconf 90' lang='lat' dir='ltr'><strong>putantes</strong></span> <span class='ocrx_word' id='word_1_295' title='bbox 928 2745 968 2791; x_wconf 93' lang='lat' dir='ltr'><strong>est</strong></span> <span class='ocrx_word' id='word_1_296' title='bbox 982 2736 1041 2806; x_wconf 80' lang='lat' dir='ltr'><strong>ejus</strong></span> <span class='ocrx_word' id='word_1_297' title='bbox 1054 2735 1177 2804; x_wconf 84' lang='lat' dir='ltr'><strong>intentio,</strong></span> <span class='ocrx_word' id='word_1_298' title='bbox 1194 2736 1297 2793; x_wconf 89' lang='lat' dir='ltr'><strong>scilicet</strong></span> <span class='ocrx_word' id='word_1_299' title='bbox 1320 2745 1349 2792; x_wconf 92' lang='lat' dir='ltr'><strong>ut</strong></span> <span class='ocrx_word' id='word_1_300' title='bbox 1372 2738 1435 2794; x_wconf 92' lang='lat' dir='ltr'><strong>boni</strong></span> <span class='ocrx_word' id='word_1_301' title='bbox 1450 2737 1485 2794; x_wconf 94' lang='lat' dir='ltr'><strong>de</strong></span> <span class='ocrx_word' id='word_1_302' title='bbox 1499 2738 1666 2794; x_wconf 91' lang='lat' dir='ltr'><strong>incremento</strong></span> <span class='ocrx_word' id='word_1_303' title='bbox 1680 2738 1724 2794; x_wconf 92' lang='lat' dir='ltr'><strong>la-</strong></span> 
     </span>
     <span class='ocr_line' id='line_1_25' title="bbox 71 2822 1725 2898; baseline 0.001 -18"><span class='ocrx_word' id='word_1_304' title='bbox 71 2838 122 2880; x_wconf 85' lang='lat' dir='ltr'><strong>eos</strong></span> <span class='ocrx_word' id='word_1_305' title='bbox 151 2840 206 2880; x_wconf 95' lang='lat' dir='ltr'><strong>non</strong></span> <span class='ocrx_word' id='word_1_306' title='bbox 227 2826 343 2896; x_wconf 87' lang='lat' dir='ltr'><strong>amplius</strong></span> <span class='ocrx_word' id='word_1_307' title='bbox 370 2833 583 2889; x_wconf 86' lang='lat' dir='ltr'><strong>resurrecturos.</strong></span> <span class='ocrx_word' id='word_1_308' title='bbox 612 2826 679 2882; x_wconf 89' lang='lat' dir='ltr'><strong>Cum</strong></span> <span class='ocrx_word' id='word_1_309' title='bbox 702 2833 793 2881; x_wconf 89' lang='lat' dir='ltr'><strong>autem</strong></span> <span class='ocrx_word' id='word_1_310' title='bbox 812 2825 873 2881; x_wconf 80' lang='lat' dir='ltr'><strong>duae</strong></span> <span class='ocrx_word' id='word_1_311' title='bbox 927 2822 1023 2879; x_wconf 89' lang='lat' dir='ltr'><strong>borent</strong></span> <span class='ocrx_word' id='word_1_312' title='bbox 1038 2841 1046 2891; x_wconf 78' lang='lat'>3</span> <span class='ocrx_word' id='word_1_313' title='bbox 1061 2823 1118 2891; x_wconf 88' lang='lat' dir='ltr'><strong>alii,</strong></span> <span class='ocrx_word' id='word_1_314' title='bbox 1142 2822 1256 2879; x_wconf 90' lang='lat' dir='ltr'><strong>dimisso</strong></span> <span class='ocrx_word' id='word_1_315' title='bbox 1285 2840 1389 2896; x_wconf 89' lang='lat' dir='ltr'><strong>errore,</strong></span> <span class='ocrx_word' id='word_1_316' title='bbox 1408 2825 1542 2883; x_wconf 90' lang='lat' dir='ltr'><strong>bonorum</strong></span> <span class='ocrx_word' id='word_1_317' title='bbox 1562 2824 1725 2898; x_wconf 83' lang='lat' dir='ltr'><strong>perfectioni</strong></span> 
     </span>
     <span class='ocr_line' id='line_1_26' title="bbox 71 2909 1353 2984; baseline 0.001 -17"><span class='ocrx_word' id='word_1_318' title='bbox 71 2919 168 2984; x_wconf 89' lang='lat' dir='ltr'><strong>partes</strong></span> <span class='ocrx_word' id='word_1_319' title='bbox 196 2928 290 2969; x_wconf 87' lang='lat' dir='ltr'><strong>eorum</strong></span> <span class='ocrx_word' id='word_1_320' title='bbox 319 2921 419 2983; x_wconf 88' lang='lat' dir='ltr'><strong>essent,</strong></span> <span class='ocrx_word' id='word_1_321' title='bbox 436 2912 518 2969; x_wconf 91' lang='lat' dir='ltr'><strong>altera</strong></span> <span class='ocrx_word' id='word_1_322' title='bbox 541 2913 645 2971; x_wconf 88' lang='lat' dir='ltr'><strong>directo</strong></span> <span class='ocrx_word' id='word_1_323' title='bbox 671 2914 768 2970; x_wconf 88' lang='lat' dir='ltr'><strong>itinere</strong></span> <span class='ocrx_word' id='word_1_324' title='bbox 797 2911 874 2969; x_wconf 87' lang='lat' dir='ltr'><strong>Pauli</strong></span> <span class='ocrx_word' id='word_1_325' title='bbox 926 2909 980 2968; x_wconf 89' lang='lat' dir='ltr'><strong>fide</strong></span> <span class='ocrx_word' id='word_1_326' title='bbox 995 2920 1022 2970; x_wconf 86' lang='grc' dir='ltr'><strong>ει</strong></span> <span class='ocrx_word' id='word_1_327' title='bbox 1030 2927 1113 2983; x_wconf 89' lang='lat' dir='ltr'><strong>opere</strong></span> <span class='ocrx_word' id='word_1_328' title='bbox 1129 2928 1160 2969; x_wconf 91' lang='lat' dir='ltr'><strong>se</strong></span> <span class='ocrx_word' id='word_1_329' title='bbox 1174 2912 1353 2969; x_wconf 82' lang='lat' dir='ltr'><strong>conforment.</strong></span> 
     </span>
     <span class='ocr_line' id='line_1_27' title="bbox 71 2999 874 3072; baseline -0.001 -16"><span class='ocrx_word' id='word_1_330' title='bbox 71 2999 338 3069; x_wconf 76' lang='lat' dir='ltr'><strong>inccdens3a1tera,</strong></span> <span class='ocrx_word' id='word_1_331' title='bbox 365 3000 434 3058; x_wconf 91' lang='lat' dir='ltr'><strong>sicut</strong></span> <span class='ocrx_word' id='word_1_332' title='bbox 454 3001 556 3058; x_wconf 88' lang='lat' dir='ltr'><strong>dictum</strong></span> <span class='ocrx_word' id='word_1_333' title='bbox 581 3010 632 3072; x_wconf 90' lang='lat' dir='ltr'><strong>est,</strong></span> <span class='ocrx_word' id='word_1_334' title='bbox 652 3002 726 3059; x_wconf 86' lang='lat' dir='ltr'><strong>avia</strong></span> <span class='ocrx_word' id='word_1_335' title='bbox 751 3001 874 3058; x_wconf 87' lang='lat' dir='ltr'><strong>veritatis</strong></span> 
     </span>
    </p>
   </div>
   <div class='ocr_carea' id='block_1_8' title="bbox 75 3161 1717 3191">
    <p class='ocr_par' dir='ltr' id='par_1_8' title="bbox 75 3161 1717 3191">
     <span class='ocr_line' id='line_1_28' title="bbox 75 3161 1717 3191; baseline 0.001 -10"><span class='ocrx_word' id='word_1_336' title='bbox 75 3161 1717 3191; x_wconf 50' lang='grc' dir='ltr'><em>Ἥ</em></span> 
     </span>
    </p>
   </div>
   <div class='ocr_carea' id='block_1_9' title="bbox 358 3311 1425 3401">
    <p class='ocr_par' dir='ltr' id='par_1_9' title="bbox 358 3311 1425 3401">
     <span class='ocr_line' id='line_1_29' title="bbox 358 3311 1425 3401; baseline 0 0"><span class='ocrx_word' id='word_1_337' title='bbox 358 3311 684 3401; x_wconf 87' lang='lat' dir='ltr'><strong>EPISTOLAI</strong></span> <span class='ocrx_word' id='word_1_338' title='bbox 725 3313 799 3397; x_wconf 90' lang='lat' dir='ltr'><strong>AD</strong></span> <span class='ocrx_word' id='word_1_339' title='bbox 850 3311 1425 3401; x_wconf 85' lang='lat' dir='ltr'><strong>THESSALONICENSES.</strong></span> 
     </span>
    </p>
   </div>
   <div class='ocr_carea' id='block_1_10' title="bbox 73 3495 1772 5598">
    <p class='ocr_par' dir='ltr' id='par_1_10' title="bbox 73 3495 1772 5598">
     <span class='ocr_line' id='line_1_30' title="bbox 337 3495 1724 3582; baseline 0.002 -30"><span class='ocrx_word' id='word_1_340' title='bbox 337 3495 452 3553; x_wconf 83' lang='lat' dir='ltr'><strong>CAPUT</strong></span> <span class='ocrx_word' id='word_1_341' title='bbox 465 3496 612 3553; x_wconf 86' lang='lat' dir='ltr'><strong>PRlblUll.</strong></span> <span class='ocrx_word' id='word_1_342' title='bbox 885 3519 909 3582; x_wconf 77' lang='lat'><strong>0</strong></span> <span class='ocrx_word' id='word_1_343' title='bbox 926 3517 937 3547; x_wconf 73' lang='grc' dir='ltr'>ιι</span> <span class='ocrx_word' id='word_1_344' title='bbox 956 3498 1069 3553; x_wconf 87' lang='lat' dir='ltr'><strong>Deuma</strong></span> <span class='ocrx_word' id='word_1_345' title='bbox 1084 3496 1236 3553; x_wconf 82' lang='lat' dir='ltr'><strong>simulacris</strong></span> <span class='ocrx_word' id='word_1_346' title='bbox 1264 3497 1369 3554; x_wconf 88' lang='lat' dir='ltr'><strong>servire</strong></span> <span class='ocrx_word' id='word_1_347' title='bbox 1395 3499 1454 3555; x_wconf 87' lang='lat' dir='ltr'><strong>Deo</strong></span> <span class='ocrx_word' id='word_1_348' title='bbox 1469 3497 1530 3555; x_wconf 90' lang='lat' dir='ltr'><strong>vivo</strong></span> <span class='ocrx_word' id='word_1_349' title='bbox 1547 3505 1574 3554; x_wconf 92' lang='lat' dir='ltr'><strong>et</strong></span> <span class='ocrx_word' id='word_1_350' title='bbox 1588 3514 1662 3567; x_wconf 90' lang='lat' dir='ltr'><strong>vero,</strong></span> <span class='ocrx_word' id='word_1_351' title='bbox 1696 3506 1724 3557; x_wconf 89' lang='lat' dir='ltr'><strong>et</strong></span> 
     </span>
     <span class='ocr_line' id='line_1_31' title="bbox 114 3582 1724 3659; baseline 0.002 -20"><span class='ocrx_word' id='word_1_352' title='bbox 114 3582 255 3651; x_wconf 82' lang='lat' dir='ltr'><strong>·Paulns,</strong></span> <span class='ocrx_word' id='word_1_353' title='bbox 283 3592 310 3641; x_wconf 93' lang='grc' dir='ltr'><strong>ει</strong></span> <span class='ocrx_word' id='word_1_354' title='bbox 329 3585 454 3642; x_wconf 80' lang='lat' dir='ltr'><strong>Silvanus</strong></span> <span class='ocrx_word' id='word_1_355' title='bbox 476 3594 504 3641; x_wconf 89' lang='lat' dir='ltr'><strong>et</strong></span> <span class='ocrx_word' id='word_1_356' title='bbox 537 3585 714 3653; x_wconf 89' lang='lat' dir='ltr'><strong>Timotheus,</strong></span> <span class='ocrx_word' id='word_1_357' title='bbox 742 3583 874 3643; x_wconf 74' lang='lat' dir='ltr'><strong>Ecclesia</strong></span> <span class='ocrx_word' id='word_1_358' title='bbox 926 3591 1116 3657; x_wconf 79' lang='lat' dir='ltr'><strong>«exspectare</strong></span> <span class='ocrx_word' id='word_1_359' title='bbox 1131 3583 1228 3641; x_wconf 85' lang='lat' dir='ltr'><strong>Filium</strong></span> <span class='ocrx_word' id='word_1_360' title='bbox 1245 3586 1305 3656; x_wconf 76' lang='lat' dir='ltr'><strong>ejnr</strong></span> <span class='ocrx_word' id='word_1_361' title='bbox 1320 3585 1354 3643; x_wconf 93' lang='lat' dir='ltr'><strong>de</strong></span> <span class='ocrx_word' id='word_1_362' title='bbox 1373 3586 1450 3642; x_wconf 81' lang='lat' dir='ltr'><strong>coehs</strong></span> <span class='ocrx_word' id='word_1_363' title='bbox 1465 3586 1558 3659; x_wconf 89' lang='lat' dir='ltr'><strong>(quem</strong></span> <span class='ocrx_word' id='word_1_364' title='bbox 1585 3587 1724 3644; x_wconf 90' lang='lat' dir='ltr'><strong>suscitavit</strong></span> 
     </span>
     <span class='ocr_line' id='line_1_32' title="bbox 75 3671 1723 3747; baseline 0.001 -19"><span class='ocrx_word' id='word_1_365' title='bbox 75 3671 400 3740; x_wconf 80' lang='lat' dir='ltr'><strong>«Thessalonicensium,</strong></span> <span class='ocrx_word' id='word_1_366' title='bbox 429 3674 458 3729; x_wconf 92' lang='lat' dir='ltr'><strong>in</strong></span> <span class='ocrx_word' id='word_1_367' title='bbox 486 3675 545 3730; x_wconf 87' lang='lat' dir='ltr'><strong>Deo</strong></span> <span class='ocrx_word' id='word_1_368' title='bbox 562 3674 638 3730; x_wconf 81' lang='lat' dir='ltr'><strong>Patre</strong></span> <span class='ocrx_word' id='word_1_369' title='bbox 661 3681 755 3730; x_wconf 86' lang='lat' dir='ltr'><strong>nostro</strong></span> <span class='ocrx_word' id='word_1_370' title='bbox 770 3683 797 3730; x_wconf 89' lang='lat' dir='ltr'><strong>et</strong></span> <span class='ocrx_word' id='word_1_371' title='bbox 819 3676 874 3731; x_wconf 86' lang='lat' dir='ltr'><strong>Do·</strong></span> <span class='ocrx_word' id='word_1_372' title='bbox 925 3689 987 3729; x_wconf 82' lang='lat' dir='ltr'><strong>«ex</strong></span> <span class='ocrx_word' id='word_1_373' title='bbox 1001 3672 1125 3746; x_wconf 89' lang='lat' dir='ltr'><strong>mortuis)</strong></span> <span class='ocrx_word' id='word_1_374' title='bbox 1141 3674 1245 3743; x_wconf 86' lang='lat' dir='ltr'><strong>lesum,</strong></span> <span class='ocrx_word' id='word_1_375' title='bbox 1271 3673 1317 3745; x_wconf 92' lang='lat' dir='ltr'><strong>qui</strong></span> <span class='ocrx_word' id='word_1_376' title='bbox 1341 3673 1440 3747; x_wconf 90' lang='lat' dir='ltr'><strong>eripuit</strong></span> <span class='ocrx_word' id='word_1_377' title='bbox 1467 3690 1518 3731; x_wconf 89' lang='lat' dir='ltr'><strong>nos</strong></span> <span class='ocrx_word' id='word_1_378' title='bbox 1542 3674 1577 3730; x_wconf 91' lang='lat' dir='ltr'><strong>ab</strong></span> <span class='ocrx_word' id='word_1_379' title='bbox 1592 3673 1635 3730; x_wconf 89' lang='lat' dir='ltr'><strong>ira</strong></span> <span class='ocrx_word' id='word_1_380' title='bbox 1653 3691 1723 3733; x_wconf 90' lang='lat' dir='ltr'><strong>ven·</strong></span> 
     </span>
     <span class='ocr_line' id='line_1_33' title="bbox 77 3760 1060 3834; baseline 0 -18"><span class='ocrx_word' id='word_1_381' title='bbox 77 3780 90 3812; x_wconf 86' lang='grc' dir='ltr'>ι</span> <span class='ocrx_word' id='word_1_382' title='bbox 111 3760 187 3817; x_wconf 88' lang='lat' dir='ltr'><strong>mino</strong></span> <span class='ocrx_word' id='word_1_383' title='bbox 200 3761 266 3818; x_wconf 87' lang='lat' dir='ltr'><strong>lesu</strong></span> <span class='ocrx_word' id='word_1_384' title='bbox 280 3761 400 3818; x_wconf 87' lang='lat' dir='ltr'><strong>Christo.</strong></span> <span class='ocrx_word' id='word_1_385' title='bbox 416 3760 507 3818; x_wconf 86' lang='lat' dir='ltr'><strong>Gratia</strong></span> <span class='ocrx_word' id='word_1_386' title='bbox 530 3762 609 3820; x_wconf 91' lang='lat' dir='ltr'><strong>vobis</strong></span> <span class='ocrx_word' id='word_1_387' title='bbox 630 3770 657 3818; x_wconf 92' lang='lat' dir='ltr'><strong>et</strong></span> <span class='ocrx_word' id='word_1_388' title='bbox 670 3777 733 3834; x_wconf 82' lang='lat' dir='ltr'><strong>pax.</strong></span> <span class='ocrx_word' id='word_1_389' title='bbox 763 3762 874 3819; x_wconf 85' lang='lat' dir='ltr'><strong>Gratias</strong></span> <span class='ocrx_word' id='word_1_390' title='bbox 926 3768 1026 3817; x_wconf 73' lang='lat' dir='ltr'><strong>«tura.</strong></span> <span class='ocrx_word' id='word_1_391' title='bbox 1048 3779 1060 3816; x_wconf 81' lang='grc' dir='ltr'>ι</span> 
     </span>
     <span class='ocr_line' id='line_1_34' title="bbox 75 3845 1397 3922; baseline 0.004 -21"><span class='ocrx_word' id='word_1_392' title='bbox 75 3848 216 3922; x_wconf 71' lang='lat' dir='ltr'><strong>saginem</strong></span> <span class='ocrx_word' id='word_1_393' title='bbox 230 3850 409 3921; x_wconf 88' lang='lat' dir='ltr'><strong>Deosemper</strong></span> <span class='ocrx_word' id='word_1_394' title='bbox 436 3866 485 3922; x_wconf 88' lang='lat' dir='ltr'><strong>pro</strong></span> <span class='ocrx_word' id='word_1_395' title='bbox 514 3850 640 3906; x_wconf 90' lang='lat' dir='ltr'><strong>omnibus</strong></span> <span class='ocrx_word' id='word_1_396' title='bbox 667 3850 757 3918; x_wconf 91' lang='lat' dir='ltr'><strong>vobis,</strong></span> <span class='ocrx_word' id='word_1_397' title='bbox 771 3866 875 3906; x_wconf 90' lang='lat' dir='ltr'><strong>memo·</strong></span> <span class='ocrx_word' id='word_1_398' title='bbox 1237 3845 1397 3920; x_wconf 58' lang='lat' dir='ltr'><strong>⁸3⁹⁰⁸¹T1O</strong></span> 
     </span>
     <span class='ocr_line' id='line_1_35' title="bbox 76 3935 1722 4007; baseline 0.007 -21"><span class='ocrx_word' id='word_1_399' title='bbox 76 3959 89 3986; x_wconf 81' lang='grc' dir='ltr'>ι</span> <span class='ocrx_word' id='word_1_400' title='bbox 110 3935 180 3991; x_wconf 86' lang='lat' dir='ltr'><strong>riam</strong></span> <span class='ocrx_word' id='word_1_401' title='bbox 196 3937 279 3993; x_wconf 88' lang='lat' dir='ltr'><strong>vestri</strong></span> <span class='ocrx_word' id='word_1_402' title='bbox 300 3937 432 3995; x_wconf 88' lang='lat' dir='ltr'><strong>iacientes</strong></span> <span class='ocrx_word' id='word_1_403' title='bbox 452 3936 481 3994; x_wconf 86' lang='lat' dir='ltr'><strong>in</strong></span> <span class='ocrx_word' id='word_1_404' title='bbox 505 3938 673 3997; x_wconf 88' lang='lat' dir='ltr'><strong>orationihus</strong></span> <span class='ocrx_word' id='word_1_405' title='bbox 687 3939 788 3995; x_wconf 87' lang='lat' dir='ltr'><strong>nostris</strong></span> <span class='ocrx_word' id='word_1_406' title='bbox 814 3939 874 3994; x_wconf 90' lang='lat' dir='ltr'><strong>sine</strong></span> <span class='ocrx_word' id='word_1_407' title='bbox 956 3937 1074 4004; x_wconf 79' lang='lat' dir='ltr'><strong>Paulus,</strong></span> <span class='ocrx_word' id='word_1_408' title='bbox 1091 3944 1144 3993; x_wconf 88' lang='lat' dir='ltr'><strong>etc.</strong></span> <span class='ocrx_word' id='word_1_409' title='bbox 1169 3937 1245 3995; x_wconf 89' lang='lat' dir='ltr'><strong>Sicut</strong></span> <span class='ocrx_word' id='word_1_410' title='bbox 1258 3937 1344 3993; x_wconf 85' lang='lat' dir='ltr'><strong>moris</strong></span> <span class='ocrx_word' id='word_1_411' title='bbox 1358 3938 1417 4007; x_wconf 79' lang='lat' dir='ltr'><strong>ejus</strong></span> <span class='ocrx_word' id='word_1_412' title='bbox 1444 3944 1502 4006; x_wconf 89' lang='grc' dir='ltr'>εει,</span> <span class='ocrx_word' id='word_1_413' title='bbox 1532 3937 1722 3997; x_wconf 87' lang='lat' dir='ltr'><strong>salutationem</strong></span> 
     </span>
     <span class='ocr_line' id='line_1_36' title="bbox 77 4023 1723 4099; baseline 0.004 -20"><span class='ocrx_word' id='word_1_414' title='bbox 77 4045 88 4073; x_wconf 86' lang='grc' dir='ltr'>ι</span> <span class='ocrx_word' id='word_1_415' title='bbox 107 4023 329 4092; x_wconf 85' lang='lat' dir='ltr'><strong>intermissione,</strong></span> <span class='ocrx_word' id='word_1_416' title='bbox 354 4041 490 4082; x_wconf 88' lang='lat' dir='ltr'><strong>memores</strong></span> <span class='ocrx_word' id='word_1_417' title='bbox 517 4027 608 4099; x_wconf 88' lang='lat' dir='ltr'><strong>operis</strong></span> <span class='ocrx_word' id='word_1_418' title='bbox 632 4026 696 4083; x_wconf 90' lang='lat' dir='ltr'><strong>iidei</strong></span> <span class='ocrx_word' id='word_1_419' title='bbox 715 4034 823 4094; x_wconf 75' lang='lat' dir='ltr'><strong>vestrae,</strong></span> <span class='ocrx_word' id='word_1_420' title='bbox 847 4034 875 4083; x_wconf 89' lang='lat' dir='ltr'><strong>et</strong></span> <span class='ocrx_word' id='word_1_421' title='bbox 922 4025 1309 4096; x_wconf 72' lang='lat' dir='ltr'><strong>premittitdicensesaatus,</strong></span> <span class='ocrx_word' id='word_1_422' title='bbox 1320 4031 1349 4082; x_wconf 86' lang='lat' dir='ltr'><strong>et</strong></span> <span class='ocrx_word' id='word_1_423' title='bbox 1357 4026 1498 4093; x_wconf 78' lang='lat' dir='ltr'><strong>Siluanus,</strong></span> <span class='ocrx_word' id='word_1_424' title='bbox 1507 4029 1535 4083; x_wconf 83' lang='lat' dir='ltr'><strong>et</strong></span> <span class='ocrx_word' id='word_1_425' title='bbox 1544 4028 1705 4085; x_wconf 79' lang='lat' dir='ltr'><strong>Timotheus</strong></span> <span class='ocrx_word' id='word_1_426' title='bbox 1712 4045 1723 4098; x_wconf 89' lang='lat'><strong>,·</strong></span> 
     </span>
     <span class='ocr_line' id='line_1_37' title="bbox 76 4111 1772 4187; baseline 0.004 -22"><span class='ocrx_word' id='word_1_427' title='bbox 76 4111 225 4180; x_wconf 72' lang='lat' dir='ltr'><strong>elaboris,</strong></span> <span class='ocrx_word' id='word_1_428' title='bbox 241 4121 268 4169; x_wconf 92' lang='grc' dir='ltr'><strong>ει</strong></span> <span class='ocrx_word' id='word_1_429' title='bbox 293 4114 431 4171; x_wconf 88' lang='lat' dir='ltr'><strong>charitatis</strong></span> <span class='ocrx_word' id='word_1_430' title='bbox 446 4123 474 4170; x_wconf 90' lang='grc' dir='ltr'><strong>ει</strong></span> <span class='ocrx_word' id='word_1_431' title='bbox 496 4115 665 4172; x_wconf 69' lang='lat' dir='ltr'><strong>sustinentiae</strong></span> <span class='ocrx_word' id='word_1_432' title='bbox 680 4115 739 4187; x_wconf 89' lang='lat' dir='ltr'><strong>spei</strong></span> <span class='ocrx_word' id='word_1_433' title='bbox 765 4114 875 4172; x_wconf 82' lang='lat' dir='ltr'><strong>Domini</strong></span> <span class='ocrx_word' id='word_1_434' title='bbox 924 4112 1174 4184; x_wconf 82' lang='lat' dir='ltr'><strong>Sylvanumseoum</strong></span> <span class='ocrx_word' id='word_1_435' title='bbox 1191 4112 1219 4168; x_wconf 93' lang='lat' dir='ltr'><strong>in</strong></span> <span class='ocrx_word' id='word_1_436' title='bbox 1234 4113 1394 4170; x_wconf 91' lang='lat' dir='ltr'><strong>salutatione</strong></span> <span class='ocrx_word' id='word_1_437' title='bbox 1417 4113 1503 4185; x_wconf 90' lang='lat' dir='ltr'><strong>ponit,</strong></span> <span class='ocrx_word' id='word_1_438' title='bbox 1519 4114 1581 4186; x_wconf 91' lang='lat' dir='ltr'><strong>quia</strong></span> <span class='ocrx_word' id='word_1_439' title='bbox 1595 4115 1623 4169; x_wconf 95' lang='lat' dir='ltr'><strong>in</strong></span> <span class='ocrx_word' id='word_1_440' title='bbox 1652 4131 1721 4171; x_wconf 90' lang='lat' dir='ltr'><strong>con·</strong></span> <span class='ocrx_word' id='word_1_441' title='bbox 1767 4128 1772 4132; x_wconf 80' lang='grc'><em>·</em></span> 
     </span>
     <span class='ocr_line' id='line_1_38' title="bbox 77 4200 1724 4269; baseline 0.003 -14"><span class='ocrx_word' id='word_1_442' title='bbox 77 4200 196 4257; x_wconf 79' lang='grc' dir='ltr'>ιιιοειιί</span> <span class='ocrx_word' id='word_1_443' title='bbox 218 4201 284 4258; x_wconf 87' lang='lat' dir='ltr'><strong>lesu</strong></span> <span class='ocrx_word' id='word_1_444' title='bbox 307 4201 417 4268; x_wconf 87' lang='lat' dir='ltr'><strong>Christi,</strong></span> <span class='ocrx_word' id='word_1_445' title='bbox 442 4210 505 4259; x_wconf 91' lang='lat' dir='ltr'><strong>ante</strong></span> <span class='ocrx_word' id='word_1_446' title='bbox 528 4203 616 4259; x_wconf 88' lang='lat' dir='ltr'><strong>Deum</strong></span> <span class='ocrx_word' id='word_1_447' title='bbox 643 4211 670 4259; x_wconf 90' lang='lat' dir='ltr'><strong>et</strong></span> <span class='ocrx_word' id='word_1_448' title='bbox 692 4205 798 4260; x_wconf 86' lang='lat' dir='ltr'><strong>Patrem</strong></span> <span class='ocrx_word' id='word_1_449' title='bbox 820 4218 874 4259; x_wconf 93' lang='lat' dir='ltr'><strong>no·</strong></span> <span class='ocrx_word' id='word_1_450' title='bbox 922 4200 1048 4258; x_wconf 84' lang='lat' dir='ltr'><strong>versione</strong></span> <span class='ocrx_word' id='word_1_451' title='bbox 1072 4217 1165 4258; x_wconf 90' lang='lat' dir='ltr'><strong>eorum</strong></span> <span class='ocrx_word' id='word_1_452' title='bbox 1193 4216 1285 4257; x_wconf 89' lang='lat' dir='ltr'><strong>secum</strong></span> <span class='ocrx_word' id='word_1_453' title='bbox 1320 4201 1507 4269; x_wconf 83' lang='lat' dir='ltr'><strong>collaboravit,</strong></span> <span class='ocrx_word' id='word_1_454' title='bbox 1535 4201 1724 4260; x_wconf 88' lang='lat' dir='ltr'><strong>anctoritatem</strong></span> 
     </span>
     <span class='ocr_line' id='line_1_39' title="bbox 74 4288 1723 4362; baseline 0.002 -18"><span class='ocrx_word' id='word_1_455' title='bbox 74 4309 89 4337; x_wconf 77' lang='grc' dir='ltr'>ι</span> <span class='ocrx_word' id='word_1_456' title='bbox 108 4295 207 4359; x_wconf 86' lang='lat' dir='ltr'><strong>strum,</strong></span> <span class='ocrx_word' id='word_1_457' title='bbox 218 4289 345 4356; x_wconf 84' lang='lat' dir='ltr'><strong>scientes,</strong></span> <span class='ocrx_word' id='word_1_458' title='bbox 368 4290 465 4347; x_wconf 85' lang='lat' dir='ltr'><strong>iratres</strong></span> <span class='ocrx_word' id='word_1_459' title='bbox 488 4290 606 4348; x_wconf 91' lang='lat' dir='ltr'><strong>dilectia</strong></span> <span class='ocrx_word' id='word_1_460' title='bbox 619 4292 687 4358; x_wconf 88' lang='lat' dir='ltr'><strong>Deo,</strong></span> <span class='ocrx_word' id='word_1_461' title='bbox 713 4290 874 4347; x_wconf 89' lang='lat' dir='ltr'><strong>electionem</strong></span> <span class='ocrx_word' id='word_1_462' title='bbox 923 4289 1027 4346; x_wconf 88' lang='lat' dir='ltr'><strong>habens</strong></span> <span class='ocrx_word' id='word_1_463' title='bbox 1040 4288 1112 4359; x_wconf 88' lang='lat' dir='ltr'><strong>apud</strong></span> <span class='ocrx_word' id='word_1_464' title='bbox 1127 4288 1215 4361; x_wconf 87' lang='lat' dir='ltr'><strong>ipsos.</strong></span> <span class='ocrx_word' id='word_1_465' title='bbox 1249 4288 1419 4346; x_wconf 86' lang='lat' dir='ltr'><strong>Timotheum</strong></span> <span class='ocrx_word' id='word_1_466' title='bbox 1435 4288 1506 4358; x_wconf 91' lang='lat' dir='ltr'><strong>ideo,</strong></span> <span class='ocrx_word' id='word_1_467' title='bbox 1530 4290 1592 4362; x_wconf 86' lang='lat' dir='ltr'><strong>quia</strong></span> <span class='ocrx_word' id='word_1_468' title='bbox 1606 4305 1639 4347; x_wconf 87' lang='lat' dir='ltr'><strong>ex</strong></span> <span class='ocrx_word' id='word_1_469' title='bbox 1653 4305 1723 4348; x_wconf 92' lang='lat' dir='ltr'><strong>con-</strong></span> 
     </span>
     <span class='ocr_line' id='line_1_40' title="bbox 75 4375 1722 4451; baseline 0.004 -22"><span class='ocrx_word' id='word_1_470' title='bbox 75 4395 89 4429; x_wconf 81' lang='grc' dir='ltr'>ε</span> <span class='ocrx_word' id='word_1_471' title='bbox 106 4384 238 4445; x_wconf 86' lang='lat' dir='ltr'><strong>vestram,</strong></span> <span class='ocrx_word' id='word_1_472' title='bbox 254 4378 319 4449; x_wconf 88' lang='lat' dir='ltr'><strong>quia</strong></span> <span class='ocrx_word' id='word_1_473' title='bbox 343 4377 524 4451; x_wconf 74' lang='lat' dir='ltr'><strong>Evangelium</strong></span> <span class='ocrx_word' id='word_1_474' title='bbox 540 4387 663 4435; x_wconf 86' lang='lat' dir='ltr'><strong>nostrum</strong></span> <span class='ocrx_word' id='word_1_475' title='bbox 681 4394 735 4435; x_wconf 91' lang='lat' dir='ltr'><strong>non</strong></span> <span class='ocrx_word' id='word_1_476' title='bbox 762 4379 812 4434; x_wconf 87' lang='lat' dir='ltr'><strong>init</strong></span> <span class='ocrx_word' id='word_1_477' title='bbox 839 4379 874 4434; x_wconf 92' lang='lat' dir='ltr'><strong>ad</strong></span> <span class='ocrx_word' id='word_1_478' title='bbox 924 4377 985 4432; x_wconf 92' lang='lat' dir='ltr'><strong>silio</strong></span> <span class='ocrx_word' id='word_1_479' title='bbox 999 4376 1133 4433; x_wconf 89' lang='lat' dir='ltr'><strong>Timothei</strong></span> <span class='ocrx_word' id='word_1_480' title='bbox 1148 4375 1194 4449; x_wconf 88' lang='lat' dir='ltr'><strong>qui</strong></span> <span class='ocrx_word' id='word_1_481' title='bbox 1209 4376 1245 4432; x_wconf 91' lang='lat' dir='ltr'><strong>ab</strong></span> <span class='ocrx_word' id='word_1_482' title='bbox 1259 4376 1299 4432; x_wconf 88' lang='lat' dir='ltr'><strong>eis</strong></span> <span class='ocrx_word' id='word_1_483' title='bbox 1317 4392 1448 4434; x_wconf 89' lang='lat' dir='ltr'><strong>reversus</strong></span> <span class='ocrx_word' id='word_1_484' title='bbox 1471 4377 1568 4444; x_wconf 88' lang='lat' dir='ltr'><strong>iuerat,</strong></span> <span class='ocrx_word' id='word_1_485' title='bbox 1598 4379 1669 4436; x_wconf 90' lang='lat' dir='ltr'><strong>hanc</strong></span> <span class='ocrx_word' id='word_1_486' title='bbox 1683 4379 1722 4436; x_wconf 88' lang='lat' dir='ltr'><strong>eis</strong></span> 
     </span>
     <span class='ocr_line' id='line_1_41' title="bbox 77 4464 1722 4536; baseline 0.004 -19"><span class='ocrx_word' id='word_1_487' title='bbox 77 4479 158 4521; x_wconf 75' lang='lat' dir='ltr'><strong>«vos</strong></span> <span class='ocrx_word' id='word_1_488' title='bbox 173 4464 203 4519; x_wconf 89' lang='lat' dir='ltr'><strong>in</strong></span> <span class='ocrx_word' id='word_1_489' title='bbox 217 4481 344 4522; x_wconf 91' lang='lat' dir='ltr'><strong>sermone</strong></span> <span class='ocrx_word' id='word_1_490' title='bbox 359 4473 475 4533; x_wconf 88' lang='lat' dir='ltr'><strong>tantum,</strong></span> <span class='ocrx_word' id='word_1_491' title='bbox 501 4467 550 4523; x_wconf 91' lang='lat' dir='ltr'><strong>sed</strong></span> <span class='ocrx_word' id='word_1_492' title='bbox 564 4476 590 4522; x_wconf 92' lang='lat' dir='ltr'><strong>et</strong></span> <span class='ocrx_word' id='word_1_493' title='bbox 604 4467 632 4522; x_wconf 93' lang='lat' dir='ltr'><strong>in</strong></span> <span class='ocrx_word' id='word_1_494' title='bbox 659 4467 767 4533; x_wconf 90' lang='lat' dir='ltr'><strong>virtute,</strong></span> <span class='ocrx_word' id='word_1_495' title='bbox 797 4466 875 4522; x_wconf 92' lang='lat' dir='ltr'><strong>etin</strong></span> <span class='ocrx_word' id='word_1_496' title='bbox 922 4464 1022 4520; x_wconf 89' lang='lat' dir='ltr'><strong>Paulus</strong></span> <span class='ocrx_word' id='word_1_497' title='bbox 1044 4464 1138 4521; x_wconf 90' lang='lat' dir='ltr'><strong>scribit</strong></span> <span class='ocrx_word' id='word_1_498' title='bbox 1164 4464 1323 4536; x_wconf 89' lang='lat' dir='ltr'><strong>Epistolam.</strong></span> <span class='ocrx_word' id='word_1_499' title='bbox 1347 4465 1412 4521; x_wconf 91' lang='lat' dir='ltr'><strong>ldeo</strong></span> <span class='ocrx_word' id='word_1_500' title='bbox 1439 4464 1521 4521; x_wconf 88' lang='lat' dir='ltr'><strong>etiam</strong></span> <span class='ocrx_word' id='word_1_501' title='bbox 1552 4466 1722 4523; x_wconf 89' lang='lat' dir='ltr'><strong>Timotheum</strong></span> 
     </span>
     <span class='ocr_line' id='line_1_42' title="bbox 77 4551 1722 4627; baseline 0.003 -21"><span class='ocrx_word' id='word_1_502' title='bbox 77 4573 89 4604; x_wconf 77' lang='grc' dir='ltr'>ι</span> <span class='ocrx_word' id='word_1_503' title='bbox 108 4551 211 4624; x_wconf 89' lang='lat' dir='ltr'><strong>Spiritu</strong></span> <span class='ocrx_word' id='word_1_504' title='bbox 223 4561 327 4621; x_wconf 89' lang='lat' dir='ltr'><strong>sancto,</strong></span> <span class='ocrx_word' id='word_1_505' title='bbox 344 4561 369 4610; x_wconf 91' lang='lat' dir='ltr'><strong>et</strong></span> <span class='ocrx_word' id='word_1_506' title='bbox 384 4554 590 4627; x_wconf 89' lang='lat' dir='ltr'><strong>inplenitudine</strong></span> <span class='ocrx_word' id='word_1_507' title='bbox 605 4554 698 4621; x_wconf 91' lang='lat' dir='ltr'><strong>multa,</strong></span> <span class='ocrx_word' id='word_1_508' title='bbox 725 4554 794 4610; x_wconf 91' lang='lat' dir='ltr'><strong>sicut</strong></span> <span class='ocrx_word' id='word_1_509' title='bbox 817 4553 873 4610; x_wconf 91' lang='lat' dir='ltr'><strong>sci·</strong></span> <span class='ocrx_word' id='word_1_510' title='bbox 921 4553 1007 4623; x_wconf 92' lang='lat' dir='ltr'><strong>ponit,</strong></span> <span class='ocrx_word' id='word_1_511' title='bbox 1022 4560 1052 4608; x_wconf 92' lang='grc' dir='ltr'><strong>ιιι</strong></span> <span class='ocrx_word' id='word_1_512' title='bbox 1065 4551 1190 4609; x_wconf 87' lang='lat' dir='ltr'><strong>noverint</strong></span> <span class='ocrx_word' id='word_1_513' title='bbox 1211 4552 1279 4608; x_wconf 90' lang='lat' dir='ltr'><strong>nihil</strong></span> <span class='ocrx_word' id='word_1_514' title='bbox 1292 4568 1386 4609; x_wconf 90' lang='lat' dir='ltr'><strong>eorum</strong></span> <span class='ocrx_word' id='word_1_515' title='bbox 1399 4569 1461 4626; x_wconf 83' lang='lat' dir='ltr'><strong>quae</strong></span> <span class='ocrx_word' id='word_1_516' title='bbox 1483 4552 1548 4610; x_wconf 88' lang='lat' dir='ltr'><strong>fiunt</strong></span> <span class='ocrx_word' id='word_1_517' title='bbox 1577 4554 1650 4626; x_wconf 88' lang='lat' dir='ltr'><strong>apud</strong></span> <span class='ocrx_word' id='word_1_518' title='bbox 1673 4570 1722 4611; x_wconf 89' lang='lat' dir='ltr'><strong>eos</strong></span> 
     </span>
     <span class='ocr_line' id='line_1_43' title="bbox 77 4640 1720 4714; baseline 0.003 -21"><span class='ocrx_word' id='word_1_519' title='bbox 77 4640 142 4695; x_wconf 75' lang='lat' dir='ltr'><strong>etis</strong></span> <span class='ocrx_word' id='word_1_520' title='bbox 156 4640 251 4713; x_wconf 85' lang='lat' dir='ltr'><strong>quales</strong></span> <span class='ocrx_word' id='word_1_521' title='bbox 259 4640 390 4698; x_wconf 86' lang='lat' dir='ltr'><strong>fuerimus</strong></span> <span class='ocrx_word' id='word_1_522' title='bbox 404 4642 432 4698; x_wconf 91' lang='lat' dir='ltr'><strong>in</strong></span> <span class='ocrx_word' id='word_1_523' title='bbox 454 4643 530 4699; x_wconf 89' lang='lat' dir='ltr'><strong>vobis</strong></span> <span class='ocrx_word' id='word_1_524' title='bbox 554 4651 664 4714; x_wconf 86' lang='lat' dir='ltr'><strong>propter</strong></span> <span class='ocrx_word' id='word_1_525' title='bbox 679 4657 738 4699; x_wconf 88' lang='lat' dir='ltr'><strong>vos.</strong></span> <span class='ocrx_word' id='word_1_526' title='bbox 769 4643 803 4697; x_wconf 89' lang='lat' dir='ltr'><strong>Et</strong></span> <span class='ocrx_word' id='word_1_527' title='bbox 826 4657 875 4698; x_wconf 92' lang='lat' dir='ltr'><strong>vos</strong></span> <span class='ocrx_word' id='word_1_528' title='bbox 923 4640 1008 4696; x_wconf 90' lang='lat' dir='ltr'><strong>latere</strong></span> <span class='ocrx_word' id='word_1_529' title='bbox 1027 4640 1152 4697; x_wconf 89' lang='lat' dir='ltr'><strong>Paulum.</strong></span> <span class='ocrx_word' id='word_1_530' title='bbox 1187 4641 1285 4697; x_wconf 90' lang='lat' dir='ltr'><strong>Paulus</strong></span> <span class='ocrx_word' id='word_1_531' title='bbox 1309 4648 1336 4696; x_wconf 93' lang='grc' dir='ltr'><strong>ει</strong></span> <span class='ocrx_word' id='word_1_532' title='bbox 1365 4640 1490 4697; x_wconf 89' lang='lat' dir='ltr'><strong>Silvanus</strong></span> <span class='ocrx_word' id='word_1_533' title='bbox 1514 4649 1541 4697; x_wconf 90' lang='lat' dir='ltr'><strong>et</strong></span> <span class='ocrx_word' id='word_1_534' title='bbox 1563 4641 1720 4698; x_wconf 82' lang='lat' dir='ltr'><strong>Timotheus</strong></span> 
     </span>
     <span class='ocr_line' id='line_1_44' title="bbox 77 4728 1720 4800; baseline 0.003 -18"><span class='ocrx_word' id='word_1_535' title='bbox 77 4728 261 4785; x_wconf 81' lang='lat' dir='ltr'><strong>«imitatores</strong></span> <span class='ocrx_word' id='word_1_536' title='bbox 274 4730 361 4786; x_wconf 89' lang='lat' dir='ltr'><strong>nostri</strong></span> <span class='ocrx_word' id='word_1_537' title='bbox 375 4729 438 4787; x_wconf 88' lang='lat' dir='ltr'><strong>iacti</strong></span> <span class='ocrx_word' id='word_1_538' title='bbox 462 4730 537 4796; x_wconf 85' lang='lat' dir='ltr'><strong>estis,</strong></span> <span class='ocrx_word' id='word_1_539' title='bbox 555 4737 581 4786; x_wconf 92' lang='lat' dir='ltr'><strong>et</strong></span> <span class='ocrx_word' id='word_1_540' title='bbox 595 4729 713 4796; x_wconf 88' lang='lat' dir='ltr'><strong>Domini,</strong></span> <span class='ocrx_word' id='word_1_541' title='bbox 738 4728 875 4800; x_wconf 85' lang='lat' dir='ltr'><strong>excipien-</strong></span> <span class='ocrx_word' id='word_1_542' title='bbox 923 4729 1045 4785; x_wconf 88' lang='lat' dir='ltr'><strong>scribunt</strong></span> <span class='ocrx_word' id='word_1_543' title='bbox 1059 4728 1191 4786; x_wconf 80' lang='lat' dir='ltr'><strong>Ecclesioe</strong></span> <span class='ocrx_word' id='word_1_544' title='bbox 1209 4729 1508 4787; x_wconf 81' lang='lat' dir='ltr'><strong>Thessalonicensium.</strong></span> <span class='ocrx_word' id='word_1_545' title='bbox 1518 4729 1649 4786; x_wconf 82' lang='lat' dir='ltr'><strong>Ecclesiae</strong></span> <span class='ocrx_word' id='word_1_546' title='bbox 1658 4729 1720 4787; x_wconf 92' lang='lat' dir='ltr'><strong>dico</strong></span> 
     </span>
     <span class='ocr_line' id='line_1_45' title="bbox 77 4816 1719 4891; baseline 0.004 -22"><span class='ocrx_word' id='word_1_547' title='bbox 77 4824 150 4873; x_wconf 76' lang='lat' dir='ltr'><strong>«tes</strong></span> <span class='ocrx_word' id='word_1_548' title='bbox 170 4816 286 4873; x_wconf 86' lang='lat' dir='ltr'><strong>verbum</strong></span> <span class='ocrx_word' id='word_1_549' title='bbox 314 4817 342 4873; x_wconf 92' lang='lat' dir='ltr'><strong>in</strong></span> <span class='ocrx_word' id='word_1_550' title='bbox 369 4818 542 4875; x_wconf 88' lang='lat' dir='ltr'><strong>tribulatione</strong></span> <span class='ocrx_word' id='word_1_551' title='bbox 570 4818 652 4874; x_wconf 91' lang='lat' dir='ltr'><strong>multa</strong></span> <span class='ocrx_word' id='word_1_552' title='bbox 679 4833 741 4874; x_wconf 90' lang='lat' dir='ltr'><strong>cum</strong></span> <span class='ocrx_word' id='word_1_553' title='bbox 772 4817 872 4891; x_wconf 84' lang='lat' dir='ltr'><strong>gaudio</strong></span> <span class='ocrx_word' id='word_1_554' title='bbox 925 4817 1051 4873; x_wconf 86' lang='lat' dir='ltr'><strong>existenti</strong></span> <span class='ocrx_word' id='word_1_555' title='bbox 1068 4817 1100 4872; x_wconf 80' lang='lat' dir='ltr'><strong>in</strong></span> <span class='ocrx_word' id='word_1_556' title='bbox 1120 4817 1174 4874; x_wconf 78' lang='lat' dir='ltr'><strong>lieo</strong></span> <span class='ocrx_word' id='word_1_557' title='bbox 1193 4819 1288 4884; x_wconf 82' lang='lat' dir='ltr'><strong>Patre,</strong></span> <span class='ocrx_word' id='word_1_558' title='bbox 1314 4821 1343 4874; x_wconf 86' lang='lat' dir='ltr'><strong>et</strong></span> <span class='ocrx_word' id='word_1_559' title='bbox 1358 4819 1476 4874; x_wconf 83' lang='lat' dir='ltr'><strong>Domino</strong></span> <span class='ocrx_word' id='word_1_560' title='bbox 1502 4820 1568 4875; x_wconf 77' lang='lat' dir='ltr'><strong>teau</strong></span> <span class='ocrx_word' id='word_1_561' title='bbox 1598 4816 1719 4887; x_wconf 80' lang='lat' dir='ltr'><strong>Christo,</strong></span> 
     </span>
     <span class='ocr_line' id='line_1_46' title="bbox 76 4870 1722 4977; baseline 0.002 -17"><span class='ocrx_word' id='word_1_562' title='bbox 76 4928 87 4954; x_wconf 79' lang='grc' dir='ltr'>ι</span> <span class='ocrx_word' id='word_1_563' title='bbox 106 4904 225 4976; x_wconf 89' lang='lat' dir='ltr'><strong>Spiritus</strong></span> <span class='ocrx_word' id='word_1_564' title='bbox 238 4906 334 4976; x_wconf 89' lang='lat' dir='ltr'><strong>sancti,</strong></span> <span class='ocrx_word' id='word_1_565' title='bbox 357 4905 394 4962; x_wconf 87' lang='lat' dir='ltr'><strong>ita</strong></span> <span class='ocrx_word' id='word_1_566' title='bbox 415 4914 444 4962; x_wconf 91' lang='lat' dir='ltr'><strong>ut</strong></span> <span class='ocrx_word' id='word_1_567' title='bbox 459 4907 523 4964; x_wconf 88' lang='lat' dir='ltr'><strong>iacti</strong></span> <span class='ocrx_word' id='word_1_568' title='bbox 550 4907 608 4963; x_wconf 87' lang='lat' dir='ltr'><strong>sitis</strong></span> <span class='ocrx_word' id='word_1_569' title='bbox 634 4906 723 4962; x_wconf 82' lang='lat' dir='ltr'><strong>torma</strong></span> <span class='ocrx_word' id='word_1_570' title='bbox 746 4906 873 4962; x_wconf 89' lang='lat' dir='ltr'><strong>omnibus</strong></span> <span class='ocrx_word' id='word_1_571' title='bbox 887 4870 952 4960; x_wconf 66' lang='lat' dir='ltr'><strong>Did</strong></span> <span class='ocrx_word' id='word_1_572' title='bbox 967 4913 1008 4960; x_wconf 90' lang='lat' dir='ltr'><strong>est</strong></span> <span class='ocrx_word' id='word_1_573' title='bbox 1022 4906 1075 4961; x_wconf 90' lang='lat' dir='ltr'><strong>boo</strong></span> <span class='ocrx_word' id='word_1_574' title='bbox 1089 4905 1161 4977; x_wconf 90' lang='lat' dir='ltr'><strong>quod</strong></span> <span class='ocrx_word' id='word_1_575' title='bbox 1181 4896 1224 4959; x_wconf 85' lang='grc' dir='ltr'><strong>εει</strong></span> <span class='ocrx_word' id='word_1_576' title='bbox 1240 4904 1374 4972; x_wconf 86' lang='lat' dir='ltr'><strong>Ecclesia,</strong></span> <span class='ocrx_word' id='word_1_577' title='bbox 1400 4905 1482 4961; x_wconf 90' lang='lat' dir='ltr'><strong>habet</strong></span> <span class='ocrx_word' id='word_1_578' title='bbox 1496 4921 1512 4960; x_wconf 91' lang='lat' dir='ltr'><strong>a</strong></span> <span class='ocrx_word' id='word_1_579' title='bbox 1526 4908 1585 4962; x_wconf 88' lang='lat' dir='ltr'><strong>Deo</strong></span> <span class='ocrx_word' id='word_1_580' title='bbox 1603 4905 1681 4963; x_wconf 86' lang='lat' dir='ltr'><strong>Patre</strong></span> <span class='ocrx_word' id='word_1_581' title='bbox 1695 4913 1722 4963; x_wconf 90' lang='lat' dir='ltr'><strong>et</strong></span> 
     </span>
     <span class='ocr_line' id='line_1_47' title="bbox 78 4986 1721 5068; baseline 0.004 -23"><span class='ocrx_word' id='word_1_582' title='bbox 78 5015 90 5044; x_wconf 79' lang='grc' dir='ltr'>ι</span> <span class='ocrx_word' id='word_1_583' title='bbox 112 4994 288 5050; x_wconf 90' lang='lat' dir='ltr'><strong>credentibus</strong></span> <span class='ocrx_word' id='word_1_584' title='bbox 301 4995 330 5049; x_wconf 92' lang='lat' dir='ltr'><strong>in</strong></span> <span class='ocrx_word' id='word_1_585' title='bbox 342 4995 500 5051; x_wconf 81' lang='lat' dir='ltr'><strong>Macedonia</strong></span> <span class='ocrx_word' id='word_1_586' title='bbox 521 5003 549 5052; x_wconf 91' lang='lat' dir='ltr'><strong>et</strong></span> <span class='ocrx_word' id='word_1_587' title='bbox 563 4996 591 5051; x_wconf 92' lang='lat' dir='ltr'><strong>in</strong></span> <span class='ocrx_word' id='word_1_588' title='bbox 611 4995 722 5052; x_wconf 87' lang='lat' dir='ltr'><strong>Achaia.</strong></span> <span class='ocrx_word' id='word_1_589' title='bbox 748 4996 772 5050; x_wconf 94' lang='lat' dir='ltr'><strong>A</strong></span> <span class='ocrx_word' id='word_1_590' title='bbox 795 4993 873 5051; x_wconf 92' lang='lat' dir='ltr'><strong>vobis</strong></span> <span class='ocrx_word' id='word_1_591' title='bbox 922 4986 987 5050; x_wconf 76' lang='lat' dir='ltr'><strong>iesu</strong></span> <span class='ocrx_word' id='word_1_592' title='bbox 997 4992 1115 5050; x_wconf 86' lang='lat' dir='ltr'><strong>Christo.</strong></span> <span class='ocrx_word' id='word_1_593' title='bbox 1134 4993 1296 5050; x_wconf 88' lang='lat' dir='ltr'><strong>Perseveret</strong></span> <span class='ocrx_word' id='word_1_594' title='bbox 1310 4993 1401 5066; x_wconf 88' lang='lat' dir='ltr'><strong>itaque</strong></span> <span class='ocrx_word' id='word_1_595' title='bbox 1415 4993 1443 5048; x_wconf 91' lang='lat' dir='ltr'><strong>in</strong></span> <span class='ocrx_word' id='word_1_596' title='bbox 1457 4993 1510 5050; x_wconf 89' lang='lat' dir='ltr'><strong>lide</strong></span> <span class='ocrx_word' id='word_1_597' title='bbox 1526 4994 1622 5065; x_wconf 87' lang='lat' dir='ltr'><strong>ipsius,</strong></span> <span class='ocrx_word' id='word_1_598' title='bbox 1638 5009 1721 5068; x_wconf 89' lang='lat' dir='ltr'><strong>equo</strong></span> 
     </span>
     <span class='ocr_line' id='line_1_48' title="bbox 79 5081 1720 5154; baseline 0.004 -21"><span class='ocrx_word' id='word_1_599' title='bbox 79 5082 187 5139; x_wconf 77' lang='lat' dir='ltr'><strong>«enim</strong></span> <span class='ocrx_word' id='word_1_600' title='bbox 211 5081 365 5138; x_wconf 83' lang='lat' dir='ltr'><strong>diffamatus</strong></span> <span class='ocrx_word' id='word_1_601' title='bbox 385 5091 427 5140; x_wconf 90' lang='grc' dir='ltr'><strong>εει</strong></span> <span class='ocrx_word' id='word_1_602' title='bbox 450 5099 539 5140; x_wconf 90' lang='lat' dir='ltr'><strong>senno</strong></span> <span class='ocrx_word' id='word_1_603' title='bbox 559 5083 677 5150; x_wconf 90' lang='lat' dir='ltr'><strong>Domini,</strong></span> <span class='ocrx_word' id='word_1_604' title='bbox 703 5099 758 5140; x_wconf 89' lang='lat' dir='ltr'><strong>non</strong></span> <span class='ocrx_word' id='word_1_605' title='bbox 785 5083 874 5139; x_wconf 93' lang='lat' dir='ltr'><strong>solum</strong></span> <span class='ocrx_word' id='word_1_606' title='bbox 920 5081 977 5151; x_wconf 89' lang='lat' dir='ltr'><strong>jam</strong></span> <span class='ocrx_word' id='word_1_607' title='bbox 991 5097 1092 5138; x_wconf 89' lang='lat' dir='ltr'><strong>nomen</strong></span> <span class='ocrx_word' id='word_1_608' title='bbox 1120 5081 1224 5152; x_wconf 88' lang='lat' dir='ltr'><strong>accepit</strong></span> <span class='ocrx_word' id='word_1_609' title='bbox 1252 5081 1402 5137; x_wconf 89' lang='lat' dir='ltr'><strong>electionis.</strong></span> <span class='ocrx_word' id='word_1_610' title='bbox 1418 5081 1486 5148; x_wconf 86' lang='lat' dir='ltr'><strong>lloc,</strong></span> <span class='ocrx_word' id='word_1_611' title='bbox 1506 5081 1627 5154; x_wconf 84' lang='lat' dir='ltr'><strong>inquam,</strong></span> <span class='ocrx_word' id='word_1_612' title='bbox 1652 5083 1720 5140; x_wconf 89' lang='lat' dir='ltr'><strong>scri-</strong></span> 
     </span>
     <span class='ocr_line' id='line_1_49' title="bbox 73 5169 1721 5243; baseline 0.002 -18"><span class='ocrx_word' id='word_1_613' title='bbox 73 5191 86 5218; x_wconf 84' lang='lat'><strong>·</strong></span> <span class='ocrx_word' id='word_1_614' title='bbox 105 5169 135 5226; x_wconf 94' lang='lat' dir='ltr'><strong>in</strong></span> <span class='ocrx_word' id='word_1_615' title='bbox 149 5170 308 5227; x_wconf 86' lang='lat' dir='ltr'><strong>liacedonia</strong></span> <span class='ocrx_word' id='word_1_616' title='bbox 327 5179 354 5226; x_wconf 93' lang='grc' dir='ltr'><strong>ει</strong></span> <span class='ocrx_word' id='word_1_617' title='bbox 379 5171 408 5226; x_wconf 93' lang='lat' dir='ltr'><strong>in</strong></span> <span class='ocrx_word' id='word_1_618' title='bbox 432 5173 551 5239; x_wconf 88' lang='lat' dir='ltr'><strong>Achaia,</strong></span> <span class='ocrx_word' id='word_1_619' title='bbox 585 5173 634 5228; x_wconf 90' lang='lat' dir='ltr'><strong>sed</strong></span> <span class='ocrx_word' id='word_1_620' title='bbox 658 5172 687 5227; x_wconf 90' lang='lat' dir='ltr'><strong>in</strong></span> <span class='ocrx_word' id='word_1_621' title='bbox 715 5170 789 5227; x_wconf 91' lang='lat' dir='ltr'><strong>omni</strong></span> <span class='ocrx_word' id='word_1_622' title='bbox 813 5171 874 5227; x_wconf 92' lang='lat' dir='ltr'><strong>loco</strong></span> <span class='ocrx_word' id='word_1_623' title='bbox 923 5170 998 5237; x_wconf 90' lang='lat' dir='ltr'><strong>bunt,</strong></span> <span class='ocrx_word' id='word_1_624' title='bbox 1014 5172 1109 5242; x_wconf 72' lang='lat' dir='ltr'><strong>qratia</strong></span> <span class='ocrx_word' id='word_1_625' title='bbox 1124 5169 1197 5226; x_wconf 79' lang='lat' dir='ltr'><strong>vobis</strong></span> <span class='ocrx_word' id='word_1_626' title='bbox 1214 5174 1244 5226; x_wconf 86' lang='lat' dir='ltr'><strong>et</strong></span> <span class='ocrx_word' id='word_1_627' title='bbox 1251 5186 1320 5243; x_wconf 77' lang='lat' dir='ltr'><strong>poa.</strong></span> <span class='ocrx_word' id='word_1_628' title='bbox 1342 5170 1373 5223; x_wconf 95' lang='lat' dir='ltr'><strong>ln</strong></span> <span class='ocrx_word' id='word_1_629' title='bbox 1395 5169 1491 5242; x_wconf 89' lang='lat' dir='ltr'><strong>primis</strong></span> <span class='ocrx_word' id='word_1_630' title='bbox 1505 5180 1611 5243; x_wconf 89' lang='lat' dir='ltr'><strong>partem</strong></span> <span class='ocrx_word' id='word_1_631' title='bbox 1625 5187 1721 5228; x_wconf 89' lang='lat' dir='ltr'><strong>eorum</strong></span> 
     </span>
     <span class='ocr_line' id='line_1_50' title="bbox 76 5256 1720 5332; baseline 0.004 -23"><span class='ocrx_word' id='word_1_632' title='bbox 76 5278 88 5309; x_wconf 77' lang='grc' dir='ltr'>ε</span> <span class='ocrx_word' id='word_1_633' title='bbox 104 5256 176 5315; x_wconf 82' lang='lat' dir='ltr'><strong>tides</strong></span> <span class='ocrx_word' id='word_1_634' title='bbox 190 5267 292 5325; x_wconf 85' lang='lat' dir='ltr'><strong>vestra,</strong></span> <span class='ocrx_word' id='word_1_635' title='bbox 309 5275 369 5330; x_wconf 86' lang='lat' dir='ltr'><strong>quae</strong></span> <span class='ocrx_word' id='word_1_636' title='bbox 383 5268 424 5315; x_wconf 91' lang='lat' dir='ltr'><strong>est</strong></span> <span class='ocrx_word' id='word_1_637' title='bbox 439 5261 474 5316; x_wconf 89' lang='lat' dir='ltr'><strong>ad</strong></span> <span class='ocrx_word' id='word_1_638' title='bbox 497 5261 593 5327; x_wconf 90' lang='lat' dir='ltr'><strong>Deum,</strong></span> <span class='ocrx_word' id='word_1_639' title='bbox 610 5258 730 5332; x_wconf 90' lang='lat' dir='ltr'><strong>proiecta</strong></span> <span class='ocrx_word' id='word_1_640' title='bbox 759 5266 809 5326; x_wconf 90' lang='lat' dir='ltr'><strong>est,</strong></span> <span class='ocrx_word' id='word_1_641' title='bbox 837 5259 874 5314; x_wconf 90' lang='lat' dir='ltr'><strong>ita</strong></span> <span class='ocrx_word' id='word_1_642' title='bbox 924 5274 985 5331; x_wconf 77' lang='lat' dir='ltr'><strong>quse</strong></span> <span class='ocrx_word' id='word_1_643' title='bbox 997 5257 1061 5314; x_wconf 89' lang='lat' dir='ltr'><strong>fidei</strong></span> <span class='ocrx_word' id='word_1_644' title='bbox 1074 5257 1260 5329; x_wconf 79' lang='lat' dir='ltr'><strong>integritatem</strong></span> <span class='ocrx_word' id='word_1_645' title='bbox 1270 5265 1437 5328; x_wconf 88' lang='lat' dir='ltr'><strong>servaverat,</strong></span> <span class='ocrx_word' id='word_1_646' title='bbox 1451 5257 1600 5331; x_wconf 87' lang='lat' dir='ltr'><strong>alloquitur</strong></span> <span class='ocrx_word' id='word_1_647' title='bbox 1615 5270 1623 5327; x_wconf 74' lang='grc' dir='ltr'><strong>ς</strong></span> <span class='ocrx_word' id='word_1_648' title='bbox 1637 5259 1720 5315; x_wconf 89' lang='lat' dir='ltr'><strong>iidem</strong></span> 
     </span>
     <span class='ocr_line' id='line_1_51' title="bbox 73 5344 1720 5421; baseline 0.004 -24"><span class='ocrx_word' id='word_1_649' title='bbox 73 5367 88 5397; x_wconf 78' lang='grc' dir='ltr'>ι</span> <span class='ocrx_word' id='word_1_650' title='bbox 111 5354 211 5403; x_wconf 89' lang='lat' dir='ltr'><strong>utnon</strong></span> <span class='ocrx_word' id='word_1_651' title='bbox 225 5347 260 5402; x_wconf 86' lang='lat' dir='ltr'><strong>sit</strong></span> <span class='ocrx_word' id='word_1_652' title='bbox 280 5347 359 5403; x_wconf 93' lang='lat' dir='ltr'><strong>nobis</strong></span> <span class='ocrx_word' id='word_1_653' title='bbox 382 5364 496 5405; x_wconf 89' lang='lat' dir='ltr'><strong>necesse</strong></span> <span class='ocrx_word' id='word_1_654' title='bbox 525 5348 674 5421; x_wconf 87' lang='lat' dir='ltr'><strong>quidquem</strong></span> <span class='ocrx_word' id='word_1_655' title='bbox 702 5347 789 5418; x_wconf 88' lang='lat' dir='ltr'><strong>loqui.</strong></span> <span class='ocrx_word' id='word_1_656' title='bbox 818 5346 873 5418; x_wconf 92' lang='lat' dir='ltr'><strong>Ipsi</strong></span> <span class='ocrx_word' id='word_1_657' title='bbox 924 5361 1016 5403; x_wconf 87' lang='lat' dir='ltr'><strong>eorum</strong></span> <span class='ocrx_word' id='word_1_658' title='bbox 1031 5344 1219 5419; x_wconf 80' lang='lat' dir='ltr'><strong>magnificans,</strong></span> <span class='ocrx_word' id='word_1_659' title='bbox 1236 5352 1263 5401; x_wconf 90' lang='grc' dir='ltr'><strong>ει</strong></span> <span class='ocrx_word' id='word_1_660' title='bbox 1280 5345 1385 5418; x_wconf 85' lang='lat' dir='ltr'><strong>gratias</strong></span> <span class='ocrx_word' id='word_1_661' title='bbox 1398 5344 1452 5402; x_wconf 91' lang='lat' dir='ltr'><strong>illis</strong></span> <span class='ocrx_word' id='word_1_662' title='bbox 1466 5345 1493 5401; x_wconf 96' lang='lat' dir='ltr'><strong>in</strong></span> <span class='ocrx_word' id='word_1_663' title='bbox 1508 5346 1643 5419; x_wconf 89' lang='lat' dir='ltr'><strong>principio</strong></span> <span class='ocrx_word' id='word_1_664' title='bbox 1657 5344 1720 5403; x_wconf 87' lang='lat' dir='ltr'><strong>fidei</strong></span> 
     </span>
     <span class='ocr_line' id='line_1_52' title="bbox 78 5432 1721 5508; baseline -0.002 -16"><span class='ocrx_word' id='word_1_665' title='bbox 78 5433 322 5492; x_wconf 79' lang='lat' dir='ltr'><strong>«enindembis</strong></span> <span class='ocrx_word' id='word_1_666' title='bbox 349 5436 508 5492; x_wconf 88' lang='lat' dir='ltr'><strong>annuntiant</strong></span> <span class='ocrx_word' id='word_1_667' title='bbox 522 5437 630 5508; x_wconf 89' lang='lat' dir='ltr'><strong>qualem</strong></span> <span class='ocrx_word' id='word_1_668' title='bbox 656 5435 794 5491; x_wconf 88' lang='lat' dir='ltr'><strong>introitum</strong></span> <span class='ocrx_word' id='word_1_669' title='bbox 823 5435 872 5490; x_wconf 89' lang='lat' dir='ltr'><strong>be·</strong></span> <span class='ocrx_word' id='word_1_670' title='bbox 923 5448 1079 5501; x_wconf 89' lang='lat' dir='ltr'><strong>concessas,</strong></span> <span class='ocrx_word' id='word_1_671' title='bbox 1100 5441 1129 5488; x_wconf 91' lang='lat' dir='ltr'><strong>nt</strong></span> <span class='ocrx_word' id='word_1_672' title='bbox 1142 5449 1191 5505; x_wconf 89' lang='lat' dir='ltr'><strong>per</strong></span> <span class='ocrx_word' id='word_1_673' title='bbox 1216 5432 1323 5488; x_wconf 90' lang='lat' dir='ltr'><strong>laudem</strong></span> <span class='ocrx_word' id='word_1_674' title='bbox 1348 5433 1480 5506; x_wconf 87' lang='lat' dir='ltr'><strong>Apostoli,</strong></span> <span class='ocrx_word' id='word_1_675' title='bbox 1510 5433 1665 5489; x_wconf 89' lang='lat' dir='ltr'><strong>animentur</strong></span> <span class='ocrx_word' id='word_1_676' title='bbox 1692 5434 1721 5489; x_wconf 94' lang='lat' dir='ltr'><strong>in</strong></span> 
     </span>
     <span class='ocr_line' id='line_1_53' title="bbox 76 5519 1719 5598; baseline -0.001 -16"><span class='ocrx_word' id='word_1_677' title='bbox 76 5543 88 5574; x_wconf 83' lang='grc' dir='ltr'>ι</span> <span class='ocrx_word' id='word_1_678' title='bbox 107 5522 249 5582; x_wconf 78' lang='lat' dir='ltr'><strong>haesimus</strong></span> <span class='ocrx_word' id='word_1_679' title='bbox 263 5524 300 5582; x_wconf 83' lang='lat' dir='ltr'><strong>sd</strong></span> <span class='ocrx_word' id='word_1_680' title='bbox 327 5539 386 5594; x_wconf 84' lang='lat' dir='ltr'><strong>vos,</strong></span> <span class='ocrx_word' id='word_1_681' title='bbox 402 5532 430 5581; x_wconf 91' lang='lat' dir='ltr'><strong>et</strong></span> <span class='ocrx_word' id='word_1_682' title='bbox 453 5525 589 5598; x_wconf 86' lang='lat' dir='ltr'><strong>quomodo</strong></span> <span class='ocrx_word' id='word_1_683' title='bbox 608 5523 735 5584; x_wconf 86' lang='lat' dir='ltr'><strong>conversi</strong></span> <span class='ocrx_word' id='word_1_684' title='bbox 749 5521 814 5581; x_wconf 87' lang='lat' dir='ltr'><strong>estis</strong></span> <span class='ocrx_word' id='word_1_685' title='bbox 835 5522 872 5579; x_wconf 88' lang='lat' dir='ltr'><strong>ad</strong></span> <span class='ocrx_word' id='word_1_686' title='bbox 923 5521 1031 5592; x_wconf 86' lang='lat' dir='ltr'><strong>melius,</strong></span> <span class='ocrx_word' id='word_1_687' title='bbox 1060 5520 1156 5580; x_wconf 90' lang='lat' dir='ltr'><strong>dicens</strong></span> <span class='ocrx_word' id='word_1_688' title='bbox 1171 5537 1179 5577; x_wconf 92' lang='lat'><strong>:</strong></span> <span class='ocrx_word' id='word_1_689' title='bbox 1193 5521 1342 5580; x_wconf 86' lang='lat' dir='ltr'><strong>Audientes</strong></span> <span class='ocrx_word' id='word_1_690' title='bbox 1372 5519 1489 5580; x_wconf 87' lang='lat' dir='ltr'><strong>iructum</strong></span> <span class='ocrx_word' id='word_1_691' title='bbox 1517 5519 1581 5580; x_wconf 86' lang='lat' dir='ltr'><strong>fidei</strong></span> <span class='ocrx_word' id='word_1_692' title='bbox 1611 5528 1719 5590; x_wconf 78' lang='lat' dir='ltr'><strong>vestre,</strong></span> 
     </span>
    </p>
   </div>
   <div class='ocr_carea' id='block_1_11' title="bbox 0 0 1885 5984">
    <p class='ocr_par' dir='ltr' id='par_1_11' title="bbox 0 0 1885 5984">
     <span class='ocr_line' id='line_1_54' title="bbox 0 0 1885 5984; baseline 0 0"><span class='ocrx_word' id='word_1_693' title='bbox 0 0 1885 5984; x_wconf 95' lang='lat' dir='ltr'><strong> </strong></span> 
     </span>
    </p>
   </div>
  </div>
 </body>
</html>
