3742 5986
159 167 209 223 itt
439 166 468 225 S.
488 162 667 226 taunucus
685 157 1008 223 caumusttnonatt
1025 158 1268 220 trtsrtttttottts
1286 159 1364 221 ΟΡΡ.
1383 162 1473 222 PARS
1490 162 1524 222 11.
1751 166 1807 222 tta

163 290 242 348 teria.
265 289 346 361 Quod
361 289 459 347 Paulus
473 295 514 361 (ει
528 290 563 346 ad
577 288 691 346 meliora
710 304 820 360 semper
833 291 962 361 provocet
975 283 1075 351 Abos,
1090 292 1116 341 et
1130 300 1186 341 non
1198 285 1349 344 vivificans.
1366 288 1400 343 Et
1413 304 1479 345 rere
1493 295 1588 361 surget
1605 303 1706 359 corpus
1721 287 1805 359 spiri-

162 378 222 451 eos)
237 396 287 451 per
301 379 505 435 similitudinem
516 377 630 434 aliarum
640 384 830 434 creaturarum
854 376 960 446 impro-
1010 372 1098 432 tuales
1114 388 1179 428 nam
1192 377 1361 432 nouissimus
1375 378 1478 443 Adam,
1494 376 1523 431 id
1537 384 1578 432 est
1590 376 1722 442 Christus,
1735 375 1806 432 dici-

164 467 212 523 bat
224 482 230 522 :
243 467 308 539 quia
317 467 546 540 quemadmodum
561 465 652 522 omnia
669 465 798 521 animalia
810 480 844 519 ex
858 462 961 518 eisdem
1011 467 1055 515 tur
1068 461 1164 530 Adam,
1181 463 1245 534 quia
1259 473 1339 520 natus
1353 465 1388 522 de
1402 465 1462 536 ipso
1472 466 1624 522 secundum
1637 464 1737 520 bucam
1746 479 1807 521 car·

164 555 307 610 elementis
325 554 395 611 lacta
410 563 482 621 sunt,
504 555 600 610 eadent
616 561 708 609 tamen
722 551 835 609 materia
845 567 900 606 non
914 565 961 604 au·
1011 549 1054 603 nis
1072 564 1079 603 ε
1096 549 1156 606 ideo
1171 559 1260 607 autem
1275 553 1450 618 novissimus,
1466 553 1530 625 quia
1544 561 1607 625 post
1621 569 1684 608 eum
1698 568 1753 609 non
1764 561 1808 608 εει

164 641 305 715 iert‚quin
319 643 373 699 alia
388 642 483 699 etalio
508 643 580 697 inter
607 658 638 697 se
657 642 720 696 sint.
741 643 773 695 ln
803 638 962 696 coelestibus
1011 635 1119 693 iuturus
1134 638 1203 694 alius
1218 640 1315 707 Adam,
1331 641 1378 713 qui
1395 657 1495 698 novam
1513 642 1624 698 inducat
1649 641 1808 713 generatio-

166 731 246 788 etiam
261 731 390 788 creaturis
405 748 438 787 er
457 730 562 786 eisdem
575 729 697 785 materiis
720 727 874 785 constitutis
888 724 964 781 diffe·
1014 741 1088 782 nem.
1101 726 1197 782 Omnis
1212 728 1285 784 enim
1300 730 1392 796 homo,
1408 729 1452 785 vel
1465 729 1584 786 carnalis
1598 731 1665 786 Adae
1677 728 1749 785 tilius
1764 731 1809 786 vel

166 820 256 877 nentia
284 827 326 876 εει
352 819 387 875 ad
410 819 528 876 invicem
562 817 711 885 claritatis;
734 816 773 872 sic
787 816 815 870 in
842 814 962 871 homini·
1012 814 1169 885 spiritualis.
1189 816 1249 883 llic,
1264 817 1558 889 inquam,norissimus
1572 818 1670 885 Adam,
1687 817 1802 876 151

165 908 217 963 bus
240 915 336 963 natura
364 907 453 964 carnis
480 906 607 962 omnibus
635 905 732 961 cadem
758 919 813 960 non
850 901 964 974 impedit
1011 904 1409 976 sactusestinspirilumnou
1423 905 1569 976 viventem,
1586 906 1635 962 sed
1658 907 1808 976 tiaificrm-

166 995 232 1068 quin
245 995 351 1068 possint
374 993 551 1051 diversificari
577 994 606 1049 in
634 993 724 1066 gloria
743 990 961 1048 resurrectionis.
1014 994 1079 1046 tem.
1096 992 1128 1046 ln
1150 991 1197 1047 illa
1217 992 1290 1048 enim
1309 993 1510 1050 resurrectione
1524 993 1564 1051 sic
1591 995 1679 1049 anima
1707 1008 1808 1066 corpus

167 1083 266 1139 Littera
279 1081 319 1139 sic
331 1083 456 1154 jungitur
468 1081 558 1138 :Licet
573 1097 668 1138 ornnes
686 1087 834 1153 resurgunt
860 1079 887 1134 in
901 1093 962 1133 ma·
1012 1077 1168 1149 vivificabit,
1184 1081 1301 1137 utnulla
1319 1098 1405 1155 egens
1420 1082 1548 1138 alimento
1570 1082 1644 1138 vivat
1665 1090 1806 1154 perpetuo.

163 1171 216 1241 jori
229 1170 318 1242 gloria
332 1169 430 1238 carnis,
444 1177 537 1226 tamen
550 1168 710 1226 differenter
728 1185 734 1224 :
750 1184 802 1224 nec
830 1168 883 1224 hoc
909 1166 963 1221 im·
1048 1167 1156 1224 Diceret
1172 1168 1219 1224 ille
1234 1183 1240 1223 :
1256 1168 1331 1226 Licet
1359 1169 1483 1226 Christus
1510 1170 1557 1242 qui
1584 1172 1659 1227 Deus
1686 1170 1755 1238 luit,
1772 1171 1809 1226 ita

166 1259 242 1331 pedit
258 1256 353 1315 eadem
368 1257 495 1315 omnibus
509 1257 624 1314 materia
638 1256 801 1313 conditionis
818 1273 825 1310 ε
842 1256 910 1312 siout
924 1254 965 1310 vi·
1012 1255 1099 1326 potuit
1113 1254 1253 1323 vivificari,
1278 1273 1331 1330 ego
1353 1273 1410 1314 non
1437 1258 1477 1314 sio
1503 1267 1618 1330 potero,
1635 1258 1680 1331 qui
1704 1267 1809 1314 tantum

166 1347 215 1402 des
231 1346 303 1420 quod
314 1364 371 1404 non
388 1349 480 1405 omnia
495 1363 571 1415 earo,
588 1344 686 1402 eadem
711 1344 861 1412 euro,licct
875 1341 964 1399 omnis
1013 1343 1095 1399 horno
1123 1361 1194 1400 sum.
1218 1344 1292 1400 Nihil
1321 1346 1450 1418 impedit,
1470 1347 1508 1402 ait
1531 1347 1648 1415 Paulus,
1669 1347 1732 1419 quia
1744 1347 1809 1404 licet

167 1452 200 1491 ox
216 1437 312 1492 eadem
334 1436 458 1502 materia,
474 1437 521 1492 aed
540 1436 600 1491 aliu
626 1442 668 1490 εει
683 1449 748 1490 caro
777 1433 924 1490 bominum
938 1439 965 1488 et
1014 1431 1136 1488 Christus
1150 1433 1224 1488 Deus
1239 1433 1283 1502 sit,
1300 1441 1391 1490 tamem
1404 1452 1462 1492 non
1476 1435 1616 1509 priasfuit
1630 1436 1695 1491 illud
1710 1450 1809 1508 corpus

167 1525 226 1580 alia
241 1531 281 1579 est
296 1540 438 1596 pecorum.
459 1524 524 1580 Alia
538 1530 629 1578 autem
643 1529 685 1577 εει
699 1537 765 1579 caro
792 1522 940 1579 volucram
956 1536 963 1574 :
1013 1520 1084 1592 quod
1097 1525 1140 1576 ert
1153 1522 1316 1593 spirituale,
1335 1523 1384 1579 sed
1394 1523 1469 1594 prius
1481 1523 1530 1579 luit
1542 1524 1609 1580 illud
1623 1539 1724 1596 corpus
1737 1531 1810 1598 quod

170 1614 230 1668 ulia
248 1619 339 1668 autern
355 1619 396 1668 εει
411 1626 477 1667 caro
488 1612 622 1684 piscium.
638 1611 673 1666 Et
688 1610 757 1667 sicut
771 1616 879 1666 terrena
898 1624 963 1665 cor·
977 1615 1056 1696 Βεει
1069 1609 1195 1666 animale
1210 1629 1219 1665 .·
1234 1618 1260 1666 ει
1288 1611 1388 1667 deinde
1409 1610 1458 1666 luit
1473 1612 1540 1668 illud
1555 1628 1666 1684 corpus,
1678 1615 1750 1686 qaod
1765 1621 1808 1668 est

167 1715 235 1772 pora
250 1699 322 1756 inter
335 1716 366 1757 se
381 1698 517 1767 diffemnt,
534 1699 575 1756 sic
589 1698 710 1755 coelestia
723 1715 739 1754 a
753 1697 880 1754 terrenis.
891 1698 964 1754 Sunt
1014 1696 1176 1767 spirituale.
1187 1697 1259 1753 Vere
1272 1698 1376 1769 primus
1390 1699 1472 1755 homo
1486 1699 1575 1757 lactus
1589 1707 1630 1757 est
1643 1701 1671 1756 in
1690 1701 1810 1757 animam

169 1788 240 1845 enim
264 1805 380 1863 corpora
403 1790 539 1855 calestia,
560 1791 590 1844 et
613 1803 731 1860 corpora
754 1787 923 1843 terrestria:
938 1792 965 1841 et
1015 1783 1160 1851 virentem,
1177 1800 1241 1840 narn
1262 1786 1367 1857 primus
1387 1788 1470 1844 homo
1494 1788 1582 1844 lactus
1609 1797 1651 1844 εει
1673 1788 1707 1845 de
1732 1794 1810 1846 terra

168 1892 230 1934 cum
244 1877 271 1932 in
287 1879 339 1934 boc
353 1877 426 1949 quod
439 1891 555 1948 corpora
572 1883 651 1940 sunt,
671 1875 834 1932 convenient
850 1892 857 1929 :
874 1882 965 1930 tamen
1016 1874 1158 1939 terrenus,
1176 1880 1204 1929 ει
1217 1875 1354 1930 secundus
1373 1876 1460 1931 Adam
1476 1876 1562 1933 lactus
1575 1885 1617 1932 εει
1635 1877 1663 1932 in
1685 1877 1810 1950 spiritum

167 1965 196 2021 in
210 1967 263 2022 hoc
277 1964 404 2020 differunt
419 1965 492 2036 quod
502 1965 561 2021 alia
570 1963 681 2036 quidem
690 1967 734 2020 est
743 1964 898 2020 eoelntiam
907 1978 967 2018 eor·
1015 1959 1208 2018 vivificantem.
1225 1963 1297 2018 Nam
1310 1963 1451 2021 secundus
1467 1966 1547 2022 torno
1560 1964 1650 2022 lactus
1659 1974 1701 2022 est
1715 1967 1809 2022 cebs-

167 2070 271 2128 poram
284 2054 384 2126 gloria,
413 2054 472 2109 alic
498 2056 595 2108 autern
620 2053 811 2109 terrestriam.
833 2053 867 2107 Et
896 2052 966 2107 sicut
1016 2049 1178 2106 lisveniens
1192 2052 1356 2108 decaelo.llt
1371 2052 1523 2125 quolisluit
1545 2053 1649 2124 primus
1663 2054 1811 2110 illelerre·

169 2141 289 2200 coelestia
302 2156 320 2196 a
334 2140 449 2210 terrenis
464 2137 603 2208 differunt,
623 2139 664 2196 sic
678 2140 737 2210 ipsa
750 2139 873 2195 ooelestia
896 2137 966 2195 inter
1014 2154 1078 2202 nus,
1097 2139 1168 2194 tales
1184 2147 1247 2194 sunt
1261 2143 1289 2195 et
1300 2142 1418 2210 terreni,
1435 2141 1480 2214 qui
1495 2142 1636 2197 adbaerent
1650 2143 1710 2212 ejus
1721 2149 1810 2198 terre-

170 2246 210 2286 se.
224 2230 296 2284 Nam
310 2229 422 2284 aliaest
443 2228 561 2284 claritas
575 2228 651 2294 solis,
668 2231 696 2283 et
711 2228 770 2284 aliu
794 2235 836 2282 est
856 2226 965 2283 claritas
1015 2225 1632 2298 nitati.thualisfuitsecundusillecaelestia,
1642 2232 1714 2287 tales
1724 2233 1812 2287 etiam

171 2318 256 2384 lanae,
272 2316 371 2372 etalio
388 2323 431 2371 εει
444 2316 567 2371 claritas
583 2317 743 2372 stellarum.
757 2315 788 2370 ln
802 2315 869 2386 ipsis
884 2315 966 2370 etiam
1016 2321 1093 2369 erunt
1122 2314 1269 2370 imitatores
1292 2317 1350 2386 ejus
1372 2318 1509 2374 coelestes.
1536 2319 1573 2373 Et
1590 2318 1812 2391 quandoquidem

175 2404 260 2460 stellis
274 2402 425 2460 differentia
441 2418 448 2458 ε
464 2420 533 2459 nam
543 2404 733 2475 stetudtpert
742 2421 759 2459 a
769 2404 893 2460 stellain
903 2405 965 2459 cla·
1016 2402 1062 2473 qui
1077 2408 1216 2458 terrenum
1226 2403 1382 2474 sectabitur,
1395 2413 1520 2487 tergenus
1533 2407 1603 2473 erit;
1619 2407 1701 2480 etqui
1711 2407 1812 2464 coeles·

170 2494 258 2550 ritate
273 2513 282 2549 .·
298 2500 325 2548 ει
339 2492 409 2548 sicut
423 2492 466 2548 bae
478 2498 609 2548 creaturae
627 2492 750 2548 vicissim
764 2506 781 2547 a
794 2507 823 2548 se
838 2489 967 2547 diffamnt
1016 2497 1080 2556 tem,
1092 2489 1211 2547 caelestis
1223 2509 1230 2557 ;
1246 2493 1334 2564 ipitrn
1348 2494 1424 2549 sicat
1452 2496 1629 2566 portavimus
1657 2497 1812 2568 imaginem

169 2580 299 2650 maritate,
311 2582 352 2638 ric
366 2582 454 2639 etiarn
470 2581 640 2639 resurrectio
648 2585 826 2637 mortuorum
835 2580 966 2636 differens
1018 2579 1126 2635 terreni
1136 2579 1202 2634 Adae
1211 2589 1417 2651 perpeccatum,
1429 2584 1470 2638 sic
1480 2583 1578 2639 amodo
1587 2588 1731 2656 portemus
1741 2587 1812 2641 imc-

170 2669 303 2739 eritjustis
311 2669 338 2724 in
346 2668 468 2725 claritate
476 2668 579 2740 gloria.
589 2669 625 2723 Et
631 2669 728 2725 licetin
737 2669 827 2742 gloria
833 2683 967 2726 resurrec
1016 2667 1111 2738 pinam
1123 2668 1243 2724 celestis
1254 2669 1331 2737 udae,
1342 2686 1393 2741 per
1400 2670 1531 2740 justitiam
1542 2671 1603 2728 vitre
1619 2680 1675 2740 zat,
1687 2673 1813 2744 deposito

173 2757 254 2813 tionis
262 2755 399 2827 differant,
410 2757 463 2814 boc
473 2764 564 2813 tamen
575 2755 760 2814 indifferenter
780 2757 880 2814 habent
894 2757 967 2829 quod
1018 2769 1101 2810 onere
1110 2755 1287 2823 terrenitatis,
1301 2757 1470 2829 gaudeamus
1484 2758 1512 2814 in
1526 2759 1636 2816 leuitate
1651 2760 1812 2833 gloriarcoe-

172 2845 914 2918 bicseminaturcorpushominisinoorruptioaern‚id
926 2853 968 2902 est
1017 2841 1104 2897 lestis.
1121 2841 1190 2910 Quia
1203 2844 1286 2900 modo
1300 2845 1405 2901 dixerat
1419 2846 1507 2918 qualis
1521 2846 1571 2903 luit
1594 2848 1724 2916 coelestis,
1744 2849 1815 2906 tales

172 2935 206 2990 ad
220 2936 272 2992 boc
281 2943 311 2990 ut
320 2933 489 3007 corruptioni
496 2934 647 3003 subjaceat.
660 2934 800 2991 Seminare
810 2934 874 2990 dicit
897 2933 967 2990 adie
1019 2938 1097 2986 erunt
1112 2931 1282 2987 adhaerentes
1297 2933 1331 2989 ei.
1349 2934 1460 2990 Dixerat
1474 2935 1556 2991 etiam
1566 2945 1706 3008 portemus
1713 2937 1812 3011 imagi·

173 3040 227 3096 quo
242 3022 394 3096 concipitur
408 3023 504 3089 homo,
520 3038 608 3095 usque
622 3022 657 3078 ad
669 3022 743 3078 diem
757 3022 968 3079 resurrectionis
1019 3035 1081 3074 nem
1097 3019 1233 3076 coelestis:
1249 3037 1284 3076 ne
1294 3023 1439 3078 occasione
1458 3025 1556 3080 horum
1569 3025 1717 3082 verborum
1731 3035 1814 3100 puta·

174 3112 306 3170 omnium.
337 3110 493 3167 seminatur
521 3109 630 3182 quidam
659 3110 686 3165 in
705 3110 879 3181 corruptione
896 3129 903 3166 :
919 3112 968 3168 sed
1019 3123 1110 3162 remus
1124 3107 1203 3163 nobis
1217 3108 1251 3164 ad
1264 3109 1574 3170 salumionemsufficere
1588 3122 1708 3170 veterem
1722 3115 1815 3171 homi-

174 3204 271 3272 carpet
285 3200 318 3256 in
332 3200 557 3272 incorruptione,
574 3197 602 3254 id
617 3204 659 3254 cst
677 3207 706 3254 ut
718 3199 752 3254 ab
767 3199 842 3255 omni
869 3215 968 3255 corru-
1019 3212 1082 3251 nem
1096 3195 1125 3250 in
1139 3196 1272 3268 baptismo
1281 3199 1428 3270 deponere,
1445 3209 1471 3256 ει
1485 3217 1586 3258 novum
1600 3203 1737 3259 bominem
1760 3203 1815 3259 ibi-

172 3288 266 3360 ptione
280 3287 398 3344 alienum
408 3286 453 3355 sit,
467 3295 494 3343 et
507 3287 561 3344 boc
575 3303 687 3361 surgere
702 3287 753 3343 crit
767 3287 794 3342 in
805 3287 849 3343 die
861 3288 967 3358 judicii.
1019 3284 1082 3339 dem
1092 3300 1243 3342 assumere.
1256 3287 1426 3344 Determinat
1436 3289 1537 3345 Paulus
1546 3306 1600 3346 non
1612 3292 1679 3347 satis
1689 3308 1752 3349 esse
1762 3295 1816 3351 hoo

174 3377 341 3433 seminatur
354 3391 409 3432 non
423 3375 512 3431 solum
526 3376 554 3430 in
570 3375 759 3447 corruptione,
776 3376 825 3432 sed
840 3376 922 3432 etiam
936 3378 969 3433 in
1019 3374 1101 3428 modo
1115 3373 1261 3446 imaginem
1276 3376 1396 3431 coelestia
1412 3385 1530 3448 portare,
1552 3379 1605 3434 nisi
1618 3380 1745 3436 continua
1754 3373 1816 3437 imi·

173 3465 362 3538 ignobilitate.
378 3465 410 3520 ln
423 3465 508 3520 multa
524 3464 596 3522 enim
610 3464 712 3521 vilitate
726 3465 816 3522 carnis
831 3467 968 3537 homoge·
1020 3461 1121 3516 tutione
1149 3477 1263 3547 operum
1299 3472 1449 3535 portemus.
1480 3466 1579 3522 Littera
1601 3467 1641 3524 sic
1667 3469 1813 3541 jungitur:

173 3559 351 3620 nominaret
360 3561 425 3610 tunc
435 3558 532 3624 carpet
541 3554 573 3609 in
581 3555 681 3625 picria,
693 3561 824 3625 perpetua
833 3554 967 3609 habenda.
1020 3549 1094 3606 Licet
1117 3550 1255 3619 dixerim,
1283 3560 1426 3624 portemus
1457 3554 1606 3627 imaginem
1634 3557 1763 3625 coelestis,
1789 3567 1817 3616 ει

174 3641 434 3698 Seminatar·hicin
450 3641 768 3720 infimitate,omnibus
782 3641 854 3697 enim
865 3642 970 3698 morbis
1020 3638 1122 3693 erimus
1133 3638 1267 3706 coelestes,
1284 3647 1374 3696 tamen
1390 3643 1439 3699 boe
1464 3643 1535 3714 dieo,
1563 3644 1591 3700 id
1606 3652 1647 3700 εει
1661 3645 1815 3703 determino

175 3736 201 3785 ει
215 3729 329 3786 dirersis
343 3729 388 3786 hic
403 3729 523 3799 subjacet
537 3728 655 3785 miseriis
672 3746 679 3784 ε
694 3730 742 3785 sed
759 3737 823 3786 tuno
832 3735 928 3800 surget
938 3731 970 3786 in
1020 3726 1108 3793 vobis,
1124 3730 1240 3799 fratres,
1258 3731 1401 3801 quoniam,
1418 3730 1447 3785 id
1473 3740 1513 3787 est
1528 3734 1612 3805 quod,
1626 3749 1692 3792 caro
1706 3739 1736 3791 et
1748 3752 1816 3792 son-

174 3819 282 3874 uirtute
296 3816 520 3888 impassibilitatis
534 3825 561 3872 et
575 3817 796 3872 immortalitatis.
805 3817 971 3874 seminatur
1020 3816 1092 3886 puis,
1109 3814 1136 3869 id
1152 3823 1203 3886 est,
1215 3816 1261 3887 qui
1276 3818 1351 3873 carni
1365 3819 1540 3891 acquiescunt
1555 3831 1581 3876 et
1595 3822 1730 3895 sanguini,
1742 3840 1818 3895 quse·

175 3904 220 3962 bic
234 3920 334 3976 carptas
364 3905 500 3972 animale,
516 3904 589 3976 quod
614 3905 779 3977 quotidianis
789 3904 912 3962 ciborum
926 3904 971 3962 lo·
1021 3901 1085 3958 dam
1099 3903 1171 3959 anim
1183 3913 1296 3974 peccata
1311 3915 1373 3961 sunt
1387 3923 1420 3962 ex
1434 3908 1602 3979 carnalitate,
1619 3918 1649 3966 ει
1671 3911 1763 3967 mollis
1772 3913 1817 3968 lu-

175 3992 276 4049 mentis
303 3991 451 4048 sustentari
484 3999 601 4063 oportet,
628 4000 658 4047 ut
676 3993 816 4065 quodlibet
847 3995 969 4050 animal:
1021 3991 1098 4047 xuria
1111 4007 1116 4045 :
1130 3993 1255 4064 quaedam
1271 4010 1304 4050 cx
1319 3994 1544 4068 uitiosanguinis‚
1561 3999 1643 4054 utica
1661 4016 1695 4055 ex
1708 4000 1817 4057 melan·

177 4082 225 4137 sed
236 4088 298 4137 tunc
311 4084 406 4152 surget
421 4095 523 4154 corpas
538 4081 699 4152 spirituale,
717 4081 789 4154 quod
805 4082 899 4153 spiritu
913 4083 971 4139 solo
1022 4078 1112 4135 cholia
1125 4087 1169 4136 :et
1184 4081 1337 4155 quicunque
1354 4099 1466 4141 carnem
1480 4094 1507 4141 ει
1522 4087 1685 4159 sanguinem
1711 4089 1818 4160 peccati

177 4169 292 4241 regitur,
309 4168 367 4224 sine
390 4185 442 4224 εεε
461 4170 588 4241 corporei
614 4169 678 4226 cibi.
694 4171 764 4227 Vere
779 4170 895 4228 animale
909 4187 972 4228 cor·
1023 4176 1170 4235 sectantur,
1185 4170 1286 4226 utnon
1298 4177 1419 4243 possunt
1432 4175 1574 4246 possedere
1589 4192 1708 4243 reanum
1717 4179 1778 4246 Dei,
1790 4177 1818 4233 id

175 4273 227 4329 pus
242 4256 392 4312 seminatur
407 4274 413 4312 :
430 4257 566 4329 siquidem
581 4258 633 4315 boc
648 4265 768 4314 uestrum
783 4275 884 4332 corpas
905 4261 972 4316 ani·
1023 4265 1064 4311 εει
1078 4257 1184 4328 seipsos
1197 4258 1226 4312 in
1236 4258 1324 4314 lutura
1338 4260 1433 4333 gloria.
1451 4263 1575 4336 ltegnurn
1591 4264 1663 4320 enim
1677 4265 1728 4320 Dei
1752 4265 1819 4322 nihil

176 4346 252 4401 male
262 4348 314 4415 est,
328 4349 425 4417 sarpet
440 4345 513 4402 idern
533 4347 685 4418 spirituale
700 4362 799 4418 corpus
815 4365 821 4401 ε
837 4347 971 4420 siquidem
985 4340 1095 4402 Daliud
1110 4354 1165 4412 εει,
1183 4361 1263 4419 quam
1291 4347 1344 4418 ipsi
1368 4349 1512 4419 homines,
1533 4352 1562 4406 in
1584 4353 1636 4409 huc
1659 4353 1715 4408 rita
1737 4369 1818 4411 nemo

177 4431 318 4504 spirituale
334 4439 397 4490 tunc
412 4433 472 4489 crit.
490 4434 539 4490 Vel
554 4434 633 4490 aliter
650 4450 656 4489 :
673 4436 744 4492 Vere
764 4451 863 4507 corpus
878 4445 974 4509 surget
1022 4433 1187 4505 possidetse
1200 4450 1206 4490 :
1219 4435 1368 4506 quianulla
1382 4437 1442 4493 dies
1466 4446 1516 4507 cst,
1553 4455 1606 4512 qua
1619 4456 1674 4496 non
1703 4441 1820 4515 quisquc

178 4520 334 4592 spirituale;
349 4536 413 4577 nam
428 4521 451 4577 si
461 4536 562 4593 corpus
572 4522 654 4578 modo
669 4523 766 4579 dicitur
780 4523 904 4591 animale,
922 4540 973 4580 vo·
1023 4522 1196 4593 possideatur
1223 4538 1240 4577 a
1273 4532 1396 4594 peccato,
1413 4526 1463 4581 sed
1490 4527 1517 4581 in
1545 4527 1634 4584 lutura
1653 4529 1819 4587 beatitudine

178 4608 295 4665 candum
309 4616 351 4664 εει
366 4609 445 4664 etiam
460 4609 533 4666 idern
548 4626 648 4682 eorpus
659 4609 800 4680 spirituale
817 4627 823 4665 :
839 4627 901 4664 narn
911 4612 973 4667 ani·
1025 4610 1139 4682 quisque
1151 4611 1286 4679 justorum
1297 4613 1448 4683 possidebit
1458 4630 1498 4670 se.
1514 4616 1566 4673 Ubi
1580 4633 1661 4673 nemo
1671 4619 1820 4676 tentatione

177 4696 251 4754 male
273 4712 330 4752 non
357 4697 504 4765 diceretur,
534 4697 587 4753 nisi
616 4705 742 4768 respectu
769 4697 929 4769 spiritualis,
945 4707 975 4755 ut
1024 4698 1115 4754 carnis
1129 4698 1331 4770 inquietabitur.
1349 4702 1493 4759 Verecaro
1508 4712 1535 4759 ει
1557 4706 1669 4778 sanguis
1682 4722 1738 4762 non
1752 4722 1820 4780 pos·

179 4784 258 4856 quasi
273 4783 328 4839 uim
349 4784 523 4841 relativorum
549 4785 675 4853 babeant,
706 4785 823 4841 animale
838 4794 865 4842 et
892 4787 974 4859 spiri-
1024 4786 1151 4841 sidebant
1179 4804 1294 4860 regnum
1321 4789 1371 4845 Dei
1388 4807 1395 4846 :
1411 4807 1475 4846 nam
1502 4808 1566 4848 caro
1589 4801 1617 4850 et
1646 4795 1758 4868 sanguis
1779 4803 1821 4852 est

179 4872 252 4927 tuale
268 4890 275 4927 ε
292 4888 356 4928 vere
370 4887 469 4944 corpus
483 4874 535 4929 boc
549 4880 591 4928 est
604 4872 733 4939 animale,
745 4875 819 4930 sicut
837 4876 975 4948 scriptum
1025 4875 1172 4946 corruptio.
1190 4876 1314 4946 Regnum
1329 4885 1419 4933 autem
1435 4879 1484 4936 Dei
1505 4889 1545 4936 est
1559 4880 1735 4954 incorruptio.
1752 4885 1821 4941 Cor·

181 4958 262 5016 estin
277 4959 378 5015 Genesi
394 4960 476 5031 (Gen.
496 4975 526 5026 tt,
543 4961 587 5032 t):
605 4961 718 5018 Primus
731 4961 974 5030 laonto,hicautem
1025 4963 1120 5034 ruptio
1135 4978 1200 5019 vero
1215 4980 1273 5019 non
1299 4967 1449 5037 possidebit
1478 4968 1702 5036 incorruptelam
1717 4970 1822 5044 :igitur

179 5045 269 5102 dictus
283 5054 325 5101 εει
340 5047 440 5116 Adam,
454 5052 551 5120 soclus
565 5048 644 5104 estin
660 5049 780 5105 animam
804 5066 859 5106 non
884 5052 972 5108 vivili-
1025 5064 1089 5106 caro
1125 5059 1152 5107 ει
1174 5053 1287 5123 sanguis
1316 5070 1371 5109 non
1408 5057 1586 5126 possidebunt
1612 5074 1728 5132 regnum
1759 5059 1819 5115 Dei.

179 5141 287 5191 cantem
302 5148 401 5206 corpus
418 5152 424 5192 :
442 5136 506 5208 quia
521 5136 575 5191 cito
589 5145 677 5193 morte
687 5137 849 5195 dissolutum
859 5149 910 5208 est,
926 5141 975 5197 sed
1026 5137 1096 5206 Quia
1127 5140 1209 5195 modo
1234 5143 1358 5212 superius
1395 5143 1501 5200 dixerat
1528 5162 1534 5201 ε
1565 5146 1725 5218 Quicunque
1753 5163 1821 5219 por-

179 5223 212 5277 in
225 5221 353 5277 animum
370 5224 520 5290 uiuentem,
537 5223 563 5279 irl
579 5231 690 5296 estqute
704 5225 809 5282 viveret
822 5227 861 5282 ibi
875 5228 903 5283 in
918 5245 975 5285 car·
1026 5228 1121 5283 tuterit
1151 5228 1296 5301 imaginem
1338 5231 1466 5299 caelestis,
1500 5243 1625 5305 resurget
1653 5235 1682 5289 in
1723 5235 1819 5309 gloria.

179 5325 215 5364 ne
230 5326 237 5363 ι
254 5309 307 5364 nisi
322 5315 394 5365 enim
409 5326 509 5382 corpus
523 5310 592 5368 cibis
615 5312 742 5381 aleretur,
758 5315 850 5370 anima
863 5331 917 5371 non
931 5317 975 5372 vi·
1025 5316 1136 5373 Dixerat
1150 5317 1246 5374 iterum
1263 5320 1335 5391 quod
1362 5336 1426 5376 caro
1450 5331 1475 5378 ει
1503 5323 1617 5394 sanguis
1650 5324 1822 5380 nullomodo

181 5403 256 5456 reret
264 5396 312 5454 ibi.
336 5397 372 5454 Et
384 5398 447 5456 ideo
462 5398 561 5456 dieitur
580 5400 684 5469 vivens
700 5403 779 5475 quasi
794 5403 890 5461 ειίεείε
906 5404 973 5463 viri·
1025 5405 1204 5478 possidebunt
1237 5424 1352 5482 regnum
1381 5409 1430 5466 Dei
1462 5426 1469 5467 ε
1498 5427 1533 5467 ne
1570 5413 1629 5470 hac
1669 5413 1752 5471 verbu
1776 5413 1822 5469 iu-
