<?xml version="1.0" encoding="UTF-8"?>
<!DOCTYPE html PUBLIC "-//W3C//DTD XHTML 1.0 Transitional//EN"
    "http://www.w3.org/TR/xhtml1/DTD/xhtml1-transitional.dtd">
<html xmlns="http://www.w3.org/1999/xhtml" xml:lang="en" lang="en">
 <head>
  <title>
</title>
<meta http-equiv="Content-Type" content="text/html;charset=utf-8" />
  <meta name='ocr-system' content='tesseract 3.04.00' />
  <meta name='ocr-capabilities' content='ocr_page ocr_carea ocr_par ocr_line ocrx_word'/>
</head>
<body>
  <div class='ocr_page' id='page_1' title='image "./patrologiaecurs20unkngoog/patrologiaecurs20unkngoog_0040.png"; bbox 0 0 3742 5986; ppageno 0'>
   <div class='ocr_carea' id='block_1_1' title="bbox 64 107 1706 170">
    <p class='ocr_par' dir='ltr' id='par_1_1' title="bbox 64 107 1706 170">
     <span class='ocr_line' id='line_1_1' title="bbox 64 107 1706 170; baseline -0.002 0"><span class='ocrx_word' id='word_1_1' title='bbox 64 114 98 170; x_wconf 77' lang='grc'><strong>69</strong></span> <span class='ocrx_word' id='word_1_2' title='bbox 385 111 575 169; x_wconf 77' lang='lat' dir='ltr'><strong>nxrosltlo</strong></span> <span class='ocrx_word' id='word_1_3' title='bbox 594 110 632 167; x_wconf 89' lang='lat' dir='ltr'><strong>IN</strong></span> <span class='ocrx_word' id='word_1_4' title='bbox 649 108 840 167; x_wconf 81' lang='lat' dir='ltr'><strong>EPISTOLAS</strong></span> <span class='ocrx_word' id='word_1_5' title='bbox 859 108 974 164; x_wconf 79' lang='lat' dir='ltr'><strong>PAULI.</strong></span> <span class='ocrx_word' id='word_1_6' title='bbox 992 139 1027 150; x_wconf 88' lang='lat'>-</span> <span class='ocrx_word' id='word_1_7' title='bbox 1041 109 1077 165; x_wconf 89' lang='lat' dir='ltr'><strong>IN</strong></span> <span class='ocrx_word' id='word_1_8' title='bbox 1094 109 1205 165; x_wconf 85' lang='lat' dir='ltr'><strong>EPIST.</strong></span> <span class='ocrx_word' id='word_1_9' title='bbox 1229 109 1276 165; x_wconf 77' lang='lat' dir='ltr'><strong>AD</strong></span> <span class='ocrx_word' id='word_1_10' title='bbox 1295 107 1381 166; x_wconf 81' lang='lat' dir='ltr'><strong>aon.</strong></span> <span class='ocrx_word' id='word_1_11' title='bbox 1670 111 1706 166; x_wconf 77' lang='lat' dir='ltr'><strong>&#39;to</strong></span> 
     </span>
    </p>
   </div>
   <div class='ocr_carea' id='block_1_2' title="bbox 59 232 1709 4022">
    <p class='ocr_par' dir='ltr' id='par_1_2' title="bbox 59 232 1709 3940">
     <span class='ocr_line' id='line_1_2' title="bbox 67 232 1706 311; baseline -0.002 -18"><span class='ocrx_word' id='word_1_12' title='bbox 67 261 78 286; x_wconf 77' lang='grc' dir='ltr'><strong>ι</strong></span> <span class='ocrx_word' id='word_1_13' title='bbox 95 252 186 311; x_wconf 86' lang='lat' dir='ltr'><strong>usque</strong></span> <span class='ocrx_word' id='word_1_14' title='bbox 201 237 300 294; x_wconf 84' lang='lat' dir='ltr'><strong>adhuc.</strong></span> <span class='ocrx_word' id='word_1_15' title='bbox 315 238 377 295; x_wconf 92' lang='lat' dir='ltr'><strong>Non</strong></span> <span class='ocrx_word' id='word_1_16' title='bbox 392 237 479 294; x_wconf 90' lang='lat' dir='ltr'><strong>solum</strong></span> <span class='ocrx_word' id='word_1_17' title='bbox 491 244 582 292; x_wconf 90' lang='lat' dir='ltr'><strong>autem</strong></span> <span class='ocrx_word' id='word_1_18' title='bbox 603 236 659 303; x_wconf 90' lang='lat' dir='ltr'><strong>illa,</strong></span> <span class='ocrx_word' id='word_1_19' title='bbox 685 235 734 291; x_wconf 89' lang='lat' dir='ltr'><strong>sed</strong></span> <span class='ocrx_word' id='word_1_20' title='bbox 754 243 780 290; x_wconf 90' lang='lat' dir='ltr'><strong>et</strong></span> <span class='ocrx_word' id='word_1_21' title='bbox 794 235 899 295; x_wconf 79' lang='lat' dir='ltr'><strong>nos-A</strong></span> <span class='ocrx_word' id='word_1_22' title='bbox 913 233 1038 304; x_wconf 86' lang='lat' dir='ltr'><strong>provenit</strong></span> <span class='ocrx_word' id='word_1_23' title='bbox 1052 233 1103 289; x_wconf 85' lang='lat' dir='ltr'><strong>vita</strong></span> <span class='ocrx_word' id='word_1_24' title='bbox 1118 242 1219 289; x_wconf 78' lang='lat' dir='ltr'><strong>aterna</strong></span> <span class='ocrx_word' id='word_1_25' title='bbox 1235 250 1241 287; x_wconf 92' lang='lat'><strong>:</strong></span> <span class='ocrx_word' id='word_1_26' title='bbox 1258 232 1326 288; x_wconf 79' lang='lat' dir='ltr'><strong>Vitae</strong></span> <span class='ocrx_word' id='word_1_27' title='bbox 1349 232 1411 289; x_wconf 88' lang='lat' dir='ltr'><strong>dico</strong></span> <span class='ocrx_word' id='word_1_28' title='bbox 1425 232 1524 290; x_wconf 86' lang='lat' dir='ltr'><strong>habitae</strong></span> <span class='ocrx_word' id='word_1_29' title='bbox 1548 236 1579 290; x_wconf 84' lang='lat' dir='ltr'><strong>ia</strong></span> <span class='ocrx_word' id='word_1_30' title='bbox 1595 233 1706 294; x_wconf 83' lang='lat' dir='ltr'><strong>Christo</strong></span> 
     </span>
     <span class='ocr_line' id='line_1_3' title="bbox 65 321 1706 398; baseline 0.001 -19"><span class='ocrx_word' id='word_1_31' title='bbox 65 349 76 379; x_wconf 81' lang='lat' dir='ltr'><strong>r</strong></span> <span class='ocrx_word' id='word_1_32' title='bbox 95 327 150 398; x_wconf 92' lang='lat' dir='ltr'><strong>ipsi</strong></span> <span class='ocrx_word' id='word_1_33' title='bbox 174 326 306 398; x_wconf 74' lang='lat' dir='ltr'><strong>primitias</strong></span> <span class='ocrx_word' id='word_1_34' title='bbox 321 327 432 398; x_wconf 92' lang='lat' dir='ltr'><strong>spiritus</strong></span> <span class='ocrx_word' id='word_1_35' title='bbox 453 325 584 381; x_wconf 87' lang='lat' dir='ltr'><strong>habentes</strong></span> <span class='ocrx_word' id='word_1_36' title='bbox 599 342 606 392; x_wconf 90' lang='grc'>;</span> <span class='ocrx_word' id='word_1_37' title='bbox 623 333 650 381; x_wconf 90' lang='grc' dir='ltr'><strong>ει</strong></span> <span class='ocrx_word' id='word_1_38' title='bbox 662 324 714 395; x_wconf 91' lang='lat' dir='ltr'><strong>ipsi</strong></span> <span class='ocrx_word' id='word_1_39' title='bbox 729 324 798 378; x_wconf 87' lang='lat' dir='ltr'><strong>intra</strong></span> <span class='ocrx_word' id='word_1_40' title='bbox 812 339 863 379; x_wconf 92' lang='lat' dir='ltr'><strong>nos</strong></span> <span class='ocrx_word' id='word_1_41' title='bbox 912 325 986 389; x_wconf 76' lang='lat' dir='ltr'><strong>lesa,</strong></span> <span class='ocrx_word' id='word_1_42' title='bbox 1004 322 1086 377; x_wconf 89' lang='lat' dir='ltr'><strong>idest</strong></span> <span class='ocrx_word' id='word_1_43' title='bbox 1109 339 1158 393; x_wconf 88' lang='lat' dir='ltr'><strong>per</strong></span> <span class='ocrx_word' id='word_1_44' title='bbox 1181 322 1318 377; x_wconf 76' lang='lat' dir='ltr'><strong>Christum</strong></span> <span class='ocrx_word' id='word_1_45' title='bbox 1337 323 1440 391; x_wconf 82' lang='lat' dir='ltr'><strong>lesum,</strong></span> <span class='ocrx_word' id='word_1_46' title='bbox 1468 321 1598 379; x_wconf 82' lang='lat' dir='ltr'><strong>liberauit</strong></span> <span class='ocrx_word' id='word_1_47' title='bbox 1620 340 1665 381; x_wconf 87' lang='lat' dir='ltr'><strong>me</strong></span> <span class='ocrx_word' id='word_1_48' title='bbox 1688 340 1706 380; x_wconf 93' lang='lat' dir='ltr'><strong>a</strong></span> 
     </span>
     <span class='ocr_line' id='line_1_4' title="bbox 65 410 1705 489; baseline 0.001 -23"><span class='ocrx_word' id='word_1_49' title='bbox 65 415 249 489; x_wconf 81' lang='lat' dir='ltr'><strong>«gemimus,</strong></span> <span class='ocrx_word' id='word_1_50' title='bbox 266 415 441 488; x_wconf 90' lang='lat' dir='ltr'><strong>adoptionem</strong></span> <span class='ocrx_word' id='word_1_51' title='bbox 461 413 579 470; x_wconf 87' lang='lat' dir='ltr'><strong>filiorum</strong></span> <span class='ocrx_word' id='word_1_52' title='bbox 594 413 644 468; x_wconf 91' lang='lat' dir='ltr'><strong>Dei</strong></span> <span class='ocrx_word' id='word_1_53' title='bbox 657 421 861 484; x_wconf 79' lang='lat' dir='ltr'><strong>exspectantes,</strong></span> <span class='ocrx_word' id='word_1_54' title='bbox 914 413 972 482; x_wconf 76' lang='lat' dir='ltr'><strong>leae</strong></span> <span class='ocrx_word' id='word_1_55' title='bbox 985 413 1105 485; x_wconf 83' lang='lat' dir='ltr'><strong>peccati,</strong></span> <span class='ocrx_word' id='word_1_56' title='bbox 1122 411 1150 466; x_wconf 93' lang='lat' dir='ltr'><strong>id</strong></span> <span class='ocrx_word' id='word_1_57' title='bbox 1177 418 1218 466; x_wconf 89' lang='grc' dir='ltr'><strong>εει</strong></span> <span class='ocrx_word' id='word_1_58' title='bbox 1243 427 1258 465; x_wconf 90' lang='lat' dir='ltr'><strong>a</strong></span> <span class='ocrx_word' id='word_1_59' title='bbox 1279 410 1373 466; x_wconf 79' lang='lat' dir='ltr'><strong>fomite</strong></span> <span class='ocrx_word' id='word_1_60' title='bbox 1403 412 1518 482; x_wconf 89' lang='lat' dir='ltr'><strong>peccati,</strong></span> <span class='ocrx_word' id='word_1_61' title='bbox 1549 417 1578 468; x_wconf 85' lang='lat' dir='ltr'><strong>et</strong></span> <span class='ocrx_word' id='word_1_62' title='bbox 1600 428 1617 466; x_wconf 87' lang='lat' dir='ltr'><strong>a</strong></span> <span class='ocrx_word' id='word_1_63' title='bbox 1643 413 1705 484; x_wconf 82' lang='lat' dir='ltr'><strong>lege</strong></span> 
     </span>
     <span class='ocr_line' id='line_1_5' title="bbox 63 499 1708 576; baseline -0.002 -17"><span class='ocrx_word' id='word_1_64' title='bbox 63 505 310 576; x_wconf 78' lang='lat' dir='ltr'><strong>«redemptionem</strong></span> <span class='ocrx_word' id='word_1_65' title='bbox 337 504 458 576; x_wconf 87' lang='lat' dir='ltr'><strong>eorporis</strong></span> <span class='ocrx_word' id='word_1_66' title='bbox 488 503 584 559; x_wconf 90' lang='lat' dir='ltr'><strong>nostri.</strong></span> <span class='ocrx_word' id='word_1_67' title='bbox 615 503 669 574; x_wconf 87' lang='lat' dir='ltr'><strong>Spe</strong></span> <span class='ocrx_word' id='word_1_68' title='bbox 692 501 765 557; x_wconf 87' lang='lat' dir='ltr'><strong>enim</strong></span> <span class='ocrx_word' id='word_1_69' title='bbox 794 501 862 557; x_wconf 90' lang='lat' dir='ltr'><strong>salvi</strong></span> <span class='ocrx_word' id='word_1_70' title='bbox 911 502 1020 569; x_wconf 83' lang='lat' dir='ltr'><strong>mortis,</strong></span> <span class='ocrx_word' id='word_1_71' title='bbox 1045 499 1072 554; x_wconf 90' lang='lat' dir='ltr'><strong>id</strong></span> <span class='ocrx_word' id='word_1_72' title='bbox 1095 506 1135 555; x_wconf 91' lang='grc' dir='ltr'><strong>εει</strong></span> <span class='ocrx_word' id='word_1_73' title='bbox 1160 499 1195 554; x_wconf 93' lang='lat' dir='ltr'><strong>ab</strong></span> <span class='ocrx_word' id='word_1_74' title='bbox 1219 508 1280 555; x_wconf 91' lang='lat' dir='ltr'><strong>actu</strong></span> <span class='ocrx_word' id='word_1_75' title='bbox 1304 499 1405 556; x_wconf 90' lang='lat' dir='ltr'><strong>fomitis</strong></span> <span class='ocrx_word' id='word_1_76' title='bbox 1428 501 1544 572; x_wconf 87' lang='lat' dir='ltr'><strong>peceati,</strong></span> <span class='ocrx_word' id='word_1_77' title='bbox 1575 517 1610 556; x_wconf 93' lang='lat' dir='ltr'><strong>ne</strong></span> <span class='ocrx_word' id='word_1_78' title='bbox 1634 501 1708 574; x_wconf 91' lang='lat' dir='ltr'><strong>quod</strong></span> 
     </span>
     <span class='ocr_line' id='line_1_6' title="bbox 64 587 1709 666; baseline 0.001 -20"><span class='ocrx_word' id='word_1_79' title='bbox 64 591 161 649; x_wconf 76' lang='lat' dir='ltr'><strong>«facti</strong></span> <span class='ocrx_word' id='word_1_80' title='bbox 183 609 286 648; x_wconf 90' lang='lat' dir='ltr'><strong>sumus.</strong></span> <span class='ocrx_word' id='word_1_81' title='bbox 317 593 386 664; x_wconf 83' lang='lat' dir='ltr'><strong>Spes</strong></span> <span class='ocrx_word' id='word_1_82' title='bbox 406 601 496 649; x_wconf 86' lang='lat' dir='ltr'><strong>autern</strong></span> <span class='ocrx_word' id='word_1_83' title='bbox 520 609 581 666; x_wconf 74' lang='lat' dir='ltr'><strong>quae</strong></span> <span class='ocrx_word' id='word_1_84' title='bbox 603 591 717 657; x_wconf 81' lang='lat' dir='ltr'><strong>ridetur,</strong></span> <span class='ocrx_word' id='word_1_85' title='bbox 743 606 798 646; x_wconf 91' lang='lat' dir='ltr'><strong>non</strong></span> <span class='ocrx_word' id='word_1_86' title='bbox 822 597 863 645; x_wconf 91' lang='lat' dir='ltr'><strong>est</strong></span> <span class='ocrx_word' id='word_1_87' title='bbox 911 587 998 644; x_wconf 86' lang='lat' dir='ltr'><strong>fomes</strong></span> <span class='ocrx_word' id='word_1_88' title='bbox 1012 588 1083 642; x_wconf 90' lang='lat' dir='ltr'><strong>male</strong></span> <span class='ocrx_word' id='word_1_89' title='bbox 1100 587 1205 654; x_wconf 83' lang='lat' dir='ltr'><strong>suadet,</strong></span> <span class='ocrx_word' id='word_1_90' title='bbox 1221 603 1361 659; x_wconf 83' lang='lat' dir='ltr'><strong>operarer.</strong></span> <span class='ocrx_word' id='word_1_91' title='bbox 1378 588 1450 645; x_wconf 83' lang='lat' dir='ltr'><strong>Vere</strong></span> <span class='ocrx_word' id='word_1_92' title='bbox 1464 589 1595 644; x_wconf 87' lang='lat' dir='ltr'><strong>liberatus</strong></span> <span class='ocrx_word' id='word_1_93' title='bbox 1617 606 1709 647; x_wconf 88' lang='lat' dir='ltr'><strong>suma</strong></span> 
     </span>
     <span class='ocr_line' id='line_1_7' title="bbox 67 676 1708 753; baseline 0.001 -19"><span class='ocrx_word' id='word_1_94' title='bbox 67 699 78 730; x_wconf 81' lang='lat' dir='ltr'><strong>r</strong></span> <span class='ocrx_word' id='word_1_95' title='bbox 96 697 173 752; x_wconf 91' lang='lat' dir='ltr'><strong>spes.</strong></span> <span class='ocrx_word' id='word_1_96' title='bbox 189 682 259 736; x_wconf 90' lang='lat' dir='ltr'><strong>Nam</strong></span> <span class='ocrx_word' id='word_1_97' title='bbox 275 683 347 753; x_wconf 90' lang='lat' dir='ltr'><strong>quod</strong></span> <span class='ocrx_word' id='word_1_98' title='bbox 362 681 436 737; x_wconf 86' lang='lat' dir='ltr'><strong>videt</strong></span> <span class='ocrx_word' id='word_1_99' title='bbox 458 681 528 753; x_wconf 91' lang='lat' dir='ltr'><strong>quis,</strong></span> <span class='ocrx_word' id='word_1_100' title='bbox 553 680 618 753; x_wconf 89' lang='lat' dir='ltr'><strong>quid</strong></span> <span class='ocrx_word' id='word_1_101' title='bbox 640 680 754 751; x_wconf 79' lang='lat' dir='ltr'><strong>sperati</strong></span> <span class='ocrx_word' id='word_1_102' title='bbox 770 678 798 735; x_wconf 92' lang='lat' dir='ltr'><strong>Si</strong></span> <span class='ocrx_word' id='word_1_103' title='bbox 812 695 862 732; x_wconf 92' lang='lat' dir='ltr'><strong>au·</strong></span> <span class='ocrx_word' id='word_1_104' title='bbox 910 676 971 748; x_wconf 83' lang='lat' dir='ltr'><strong>lege</strong></span> <span class='ocrx_word' id='word_1_105' title='bbox 987 676 1092 747; x_wconf 88' lang='lat' dir='ltr'><strong>peccati</strong></span> <span class='ocrx_word' id='word_1_106' title='bbox 1108 696 1115 743; x_wconf 86' lang='lat'><strong>;</strong></span> <span class='ocrx_word' id='word_1_107' title='bbox 1132 692 1260 747; x_wconf 83' lang='lat' dir='ltr'><strong>mamper</strong></span> <span class='ocrx_word' id='word_1_108' title='bbox 1274 676 1441 733; x_wconf 80' lang='lat' dir='ltr'><strong>filiumllei.</strong></span> <span class='ocrx_word' id='word_1_109' title='bbox 1456 678 1529 734; x_wconf 83' lang='lat' dir='ltr'><strong>Dour</strong></span> <span class='ocrx_word' id='word_1_110' title='bbox 1545 678 1616 733; x_wconf 90' lang='lat' dir='ltr'><strong>enim</strong></span> <span class='ocrx_word' id='word_1_111' title='bbox 1627 680 1708 735; x_wconf 81' lang='lat' dir='ltr'><strong>misit</strong></span> 
     </span>
     <span class='ocr_line' id='line_1_8' title="bbox 65 765 1708 841; baseline -0.001 -18"><span class='ocrx_word' id='word_1_112' title='bbox 65 791 77 818; x_wconf 78' lang='grc' dir='ltr'><strong>ι</strong></span> <span class='ocrx_word' id='word_1_113' title='bbox 96 777 154 824; x_wconf 89' lang='lat' dir='ltr'><strong>tem</strong></span> <span class='ocrx_word' id='word_1_114' title='bbox 169 770 242 841; x_wconf 90' lang='lat' dir='ltr'><strong>quod</strong></span> <span class='ocrx_word' id='word_1_115' title='bbox 264 785 318 824; x_wconf 93' lang='lat' dir='ltr'><strong>non</strong></span> <span class='ocrx_word' id='word_1_116' title='bbox 341 769 485 836; x_wconf 82' lang='lat' dir='ltr'><strong>ridemus,</strong></span> <span class='ocrx_word' id='word_1_117' title='bbox 507 783 649 840; x_wconf 85' lang='lat' dir='ltr'><strong>speramus</strong></span> <span class='ocrx_word' id='word_1_118' title='bbox 664 786 670 822; x_wconf 92' lang='lat'>:</span> <span class='ocrx_word' id='word_1_119' title='bbox 686 784 736 840; x_wconf 91' lang='lat' dir='ltr'><strong>per</strong></span> <span class='ocrx_word' id='word_1_120' title='bbox 758 767 863 838; x_wconf 91' lang='lat' dir='ltr'><strong>patien·</strong></span> <span class='ocrx_word' id='word_1_121' title='bbox 913 766 1016 821; x_wconf 84' lang='lat' dir='ltr'><strong>Filiam</strong></span> <span class='ocrx_word' id='word_1_122' title='bbox 1031 781 1114 821; x_wconf 87' lang='lat' dir='ltr'><strong>suam</strong></span> <span class='ocrx_word' id='word_1_123' title='bbox 1131 781 1137 820; x_wconf 92' lang='lat'>:</span> <span class='ocrx_word' id='word_1_124' title='bbox 1153 781 1208 820; x_wconf 92' lang='lat' dir='ltr'><strong>uon</strong></span> <span class='ocrx_word' id='word_1_125' title='bbox 1224 765 1296 836; x_wconf 88' lang='lat' dir='ltr'><strong>quod</strong></span> <span class='ocrx_word' id='word_1_126' title='bbox 1311 765 1394 820; x_wconf 86' lang='lat' dir='ltr'><strong>Filius</strong></span> <span class='ocrx_word' id='word_1_127' title='bbox 1410 766 1519 821; x_wconf 89' lang='lat' dir='ltr'><strong>abesset</strong></span> <span class='ocrx_word' id='word_1_128' title='bbox 1532 766 1641 833; x_wconf 87' lang='lat' dir='ltr'><strong>alicubi,</strong></span> <span class='ocrx_word' id='word_1_129' title='bbox 1658 766 1708 823; x_wconf 89' lang='lat' dir='ltr'><strong>sed</strong></span> 
     </span>
     <span class='ocr_line' id='line_1_9' title="bbox 64 853 1707 928; baseline 0.001 -18"><span class='ocrx_word' id='word_1_130' title='bbox 64 881 76 905; x_wconf 70' lang='lat' dir='ltr'><strong>r</strong></span> <span class='ocrx_word' id='word_1_131' title='bbox 95 856 163 911; x_wconf 88' lang='lat' dir='ltr'><strong>tiam</strong></span> <span class='ocrx_word' id='word_1_132' title='bbox 188 866 390 928; x_wconf 84' lang='lat' dir='ltr'><strong>exspectamus.</strong></span> <span class='ocrx_word' id='word_1_133' title='bbox 426 857 555 913; x_wconf 89' lang='lat' dir='ltr'><strong>Similiter</strong></span> <span class='ocrx_word' id='word_1_134' title='bbox 582 864 670 912; x_wconf 89' lang='lat' dir='ltr'><strong>autem</strong></span> <span class='ocrx_word' id='word_1_135' title='bbox 697 863 724 912; x_wconf 93' lang='lat' dir='ltr'><strong>et</strong></span> <span class='ocrx_word' id='word_1_136' title='bbox 752 855 862 927; x_wconf 88' lang='lat' dir='ltr'><strong>spiritus</strong></span> <span class='ocrx_word' id='word_1_137' title='bbox 912 853 974 924; x_wconf 84' lang='lat' dir='ltr'><strong>quia</strong></span> <span class='ocrx_word' id='word_1_138' title='bbox 989 854 1046 924; x_wconf 89' lang='lat' dir='ltr'><strong>ipsc</strong></span> <span class='ocrx_word' id='word_1_139' title='bbox 1061 861 1157 908; x_wconf 90' lang='lat' dir='ltr'><strong>natura</strong></span> <span class='ocrx_word' id='word_1_140' title='bbox 1180 853 1322 908; x_wconf 87' lang='lat' dir='ltr'><strong>invisibilis</strong></span> <span class='ocrx_word' id='word_1_141' title='bbox 1346 870 1396 924; x_wconf 89' lang='lat' dir='ltr'><strong>per</strong></span> <span class='ocrx_word' id='word_1_142' title='bbox 1412 854 1514 909; x_wconf 89' lang='lat' dir='ltr'><strong>unitam</strong></span> <span class='ocrx_word' id='word_1_143' title='bbox 1530 855 1581 909; x_wconf 93' lang='lat' dir='ltr'><strong>sibi</strong></span> <span class='ocrx_word' id='word_1_144' title='bbox 1596 870 1707 911; x_wconf 91' lang='lat' dir='ltr'><strong>carnem</strong></span> 
     </span>
     <span class='ocr_line' id='line_1_10' title="bbox 66 940 1707 1016; baseline -0.001 -16"><span class='ocrx_word' id='word_1_145' title='bbox 66 969 77 993; x_wconf 82' lang='grc' dir='ltr'><strong>ι</strong></span> <span class='ocrx_word' id='word_1_146' title='bbox 97 946 210 1015; x_wconf 87' lang='lat' dir='ltr'><strong>adjuvat</strong></span> <span class='ocrx_word' id='word_1_147' title='bbox 224 945 408 1002; x_wconf 81' lang='lat' dir='ltr'><strong>infirmitatem</strong></span> <span class='ocrx_word' id='word_1_148' title='bbox 432 954 562 1002; x_wconf 88' lang='lat' dir='ltr'><strong>nostram.</strong></span> <span class='ocrx_word' id='word_1_149' title='bbox 587 946 657 1000; x_wconf 88' lang='lat' dir='ltr'><strong>Nam</strong></span> <span class='ocrx_word' id='word_1_150' title='bbox 672 944 736 1016; x_wconf 84' lang='lat' dir='ltr'><strong>quid</strong></span> <span class='ocrx_word' id='word_1_151' title='bbox 751 961 862 1000; x_wconf 90' lang='lat' dir='ltr'><strong>oremus</strong></span> <span class='ocrx_word' id='word_1_152' title='bbox 911 940 997 997; x_wconf 86' lang='lat' dir='ltr'><strong>factus</strong></span> <span class='ocrx_word' id='word_1_153' title='bbox 1012 949 1038 996; x_wconf 91' lang='lat' dir='ltr'><strong>et</strong></span> <span class='ocrx_word' id='word_1_154' title='bbox 1053 941 1176 1009; x_wconf 84' lang='lat' dir='ltr'><strong>visibilis,</strong></span> <span class='ocrx_word' id='word_1_155' title='bbox 1193 941 1292 997; x_wconf 92' lang='lat' dir='ltr'><strong>missus</strong></span> <span class='ocrx_word' id='word_1_156' title='bbox 1316 941 1416 998; x_wconf 89' lang='lat' dir='ltr'><strong>dicitur</strong></span> <span class='ocrx_word' id='word_1_157' title='bbox 1439 943 1587 998; x_wconf 91' lang='lat' dir='ltr'><strong>secundum</strong></span> <span class='ocrx_word' id='word_1_158' title='bbox 1608 944 1707 1016; x_wconf 84' lang='lat' dir='ltr'><strong>cogni-</strong></span> 
     </span>
     <span class='ocr_line' id='line_1_11' title="bbox 63 1029 1705 1106; baseline 0.002 -22"><span class='ocrx_word' id='word_1_159' title='bbox 63 1034 168 1090; x_wconf 79' lang='lat' dir='ltr'><strong>«sicut</strong></span> <span class='ocrx_word' id='word_1_160' title='bbox 182 1042 299 1106; x_wconf 85' lang='lat' dir='ltr'><strong>oportet,</strong></span> <span class='ocrx_word' id='word_1_161' title='bbox 324 1035 462 1090; x_wconf 89' lang='lat' dir='ltr'><strong>nescimus</strong></span> <span class='ocrx_word' id='word_1_162' title='bbox 477 1053 484 1100; x_wconf 93' lang='grc'>;</span> <span class='ocrx_word' id='word_1_163' title='bbox 500 1035 548 1090; x_wconf 85' lang='lat' dir='ltr'><strong>sad</strong></span> <span class='ocrx_word' id='word_1_164' title='bbox 563 1035 621 1105; x_wconf 90' lang='lat' dir='ltr'><strong>ipse</strong></span> <span class='ocrx_word' id='word_1_165' title='bbox 637 1033 750 1105; x_wconf 86' lang='lat' dir='ltr'><strong>Spiritus</strong></span> <span class='ocrx_word' id='word_1_166' title='bbox 765 1040 861 1104; x_wconf 90' lang='lat' dir='ltr'><strong>postu·</strong></span> <span class='ocrx_word' id='word_1_167' title='bbox 911 1029 1012 1085; x_wconf 90' lang='lat' dir='ltr'><strong>tionem</strong></span> <span class='ocrx_word' id='word_1_168' title='bbox 1034 1037 1164 1084; x_wconf 88' lang='lat' dir='ltr'><strong>nostram.</strong></span> <span class='ocrx_word' id='word_1_169' title='bbox 1190 1030 1262 1084; x_wconf 86' lang='lat' dir='ltr'><strong>Misit</strong></span> <span class='ocrx_word' id='word_1_170' title='bbox 1282 1030 1375 1102; x_wconf 87' lang='lat' dir='ltr'><strong>utique</strong></span> <span class='ocrx_word' id='word_1_171' title='bbox 1403 1031 1477 1086; x_wconf 90' lang='lat' dir='ltr'><strong>Deus</strong></span> <span class='ocrx_word' id='word_1_172' title='bbox 1505 1031 1602 1086; x_wconf 80' lang='lat' dir='ltr'><strong>filium</strong></span> <span class='ocrx_word' id='word_1_173' title='bbox 1617 1049 1705 1101; x_wconf 90' lang='lat' dir='ltr'><strong>suum,</strong></span> 
     </span>
     <span class='ocr_line' id='line_1_12' title="bbox 67 1117 1707 1196; baseline 0.001 -20"><span class='ocrx_word' id='word_1_174' title='bbox 67 1145 78 1168; x_wconf 76' lang='lat' dir='ltr'>e</span> <span class='ocrx_word' id='word_1_175' title='bbox 97 1122 137 1177; x_wconf 88' lang='lat' dir='ltr'><strong>lat</strong></span> <span class='ocrx_word' id='word_1_176' title='bbox 151 1138 201 1194; x_wconf 90' lang='lat' dir='ltr'><strong>pro</strong></span> <span class='ocrx_word' id='word_1_177' title='bbox 215 1123 295 1178; x_wconf 90' lang='lat' dir='ltr'><strong>nobis</strong></span> <span class='ocrx_word' id='word_1_178' title='bbox 319 1122 466 1196; x_wconf 79' lang='lat' dir='ltr'><strong>gemitibus</strong></span> <span class='ocrx_word' id='word_1_179' title='bbox 490 1122 730 1177; x_wconf 87' lang='lat' dir='ltr'><strong>inenarrabilibus.</strong></span> <span class='ocrx_word' id='word_1_180' title='bbox 747 1121 799 1189; x_wconf 93' lang='lat' dir='ltr'><strong>Qui</strong></span> <span class='ocrx_word' id='word_1_181' title='bbox 811 1137 862 1176; x_wconf 90' lang='lat' dir='ltr'><strong>au·</strong></span> <span class='ocrx_word' id='word_1_182' title='bbox 911 1134 965 1173; x_wconf 92' lang='lat' dir='ltr'><strong>non</strong></span> <span class='ocrx_word' id='word_1_183' title='bbox 980 1117 1008 1171; x_wconf 89' lang='lat' dir='ltr'><strong>in</strong></span> <span class='ocrx_word' id='word_1_184' title='bbox 1022 1133 1131 1174; x_wconf 88' lang='lat' dir='ltr'><strong>carnem</strong></span> <span class='ocrx_word' id='word_1_185' title='bbox 1146 1118 1258 1189; x_wconf 86' lang='lat' dir='ltr'><strong>peccati,</strong></span> <span class='ocrx_word' id='word_1_186' title='bbox 1275 1119 1324 1173; x_wconf 90' lang='lat' dir='ltr'><strong>sed</strong></span> <span class='ocrx_word' id='word_1_187' title='bbox 1338 1121 1370 1175; x_wconf 87' lang='lat' dir='ltr'><strong>ia</strong></span> <span class='ocrx_word' id='word_1_188' title='bbox 1381 1120 1601 1177; x_wconf 81' lang='lat' dir='ltr'><strong>similitudimem</strong></span> <span class='ocrx_word' id='word_1_189' title='bbox 1611 1123 1707 1178; x_wconf 79' lang='lat' dir='ltr'><strong>carnit</strong></span> 
     </span>
     <span class='ocr_line' id='line_1_13' title="bbox 66 1205 1701 1283; baseline 0.001 -18"><span class='ocrx_word' id='word_1_190' title='bbox 66 1234 77 1257; x_wconf 66' lang='lat' dir='ltr'><strong>a</strong></span> <span class='ocrx_word' id='word_1_191' title='bbox 96 1219 153 1266; x_wconf 89' lang='lat' dir='ltr'><strong>tem</strong></span> <span class='ocrx_word' id='word_1_192' title='bbox 169 1219 303 1267; x_wconf 91' lang='lat' dir='ltr'><strong>scrutatur</strong></span> <span class='ocrx_word' id='word_1_193' title='bbox 315 1212 410 1275; x_wconf 90' lang='lat' dir='ltr'><strong>corda,</strong></span> <span class='ocrx_word' id='word_1_194' title='bbox 427 1211 477 1267; x_wconf 89' lang='lat' dir='ltr'><strong>scit</strong></span> <span class='ocrx_word' id='word_1_195' title='bbox 492 1211 566 1283; x_wconf 85' lang='lat' dir='ltr'><strong>quod</strong></span> <span class='ocrx_word' id='word_1_196' title='bbox 580 1210 716 1266; x_wconf 88' lang='lat' dir='ltr'><strong>desideret</strong></span> <span class='ocrx_word' id='word_1_197' title='bbox 732 1209 859 1281; x_wconf 88' lang='lat' dir='ltr'><strong>Spiritus,</strong></span> <span class='ocrx_word' id='word_1_198' title='bbox 907 1208 1028 1278; x_wconf 80' lang='lat' dir='ltr'><strong>pcccati,</strong></span> <span class='ocrx_word' id='word_1_199' title='bbox 1045 1206 1072 1260; x_wconf 94' lang='lat' dir='ltr'><strong>id</strong></span> <span class='ocrx_word' id='word_1_200' title='bbox 1088 1213 1129 1261; x_wconf 89' lang='lat' dir='ltr'><strong>est</strong></span> <span class='ocrx_word' id='word_1_201' title='bbox 1144 1205 1171 1259; x_wconf 91' lang='lat' dir='ltr'><strong>in</strong></span> <span class='ocrx_word' id='word_1_202' title='bbox 1185 1221 1297 1262; x_wconf 89' lang='lat' dir='ltr'><strong>carnem</strong></span> <span class='ocrx_word' id='word_1_203' title='bbox 1322 1207 1439 1263; x_wconf 88' lang='lat' dir='ltr'><strong>similem</strong></span> <span class='ocrx_word' id='word_1_204' title='bbox 1454 1208 1529 1264; x_wconf 91' lang='lat' dir='ltr'><strong>carni</strong></span> <span class='ocrx_word' id='word_1_205' title='bbox 1544 1210 1701 1279; x_wconf 83' lang='lat' dir='ltr'><strong>peccatrici.</strong></span> 
     </span>
     <span class='ocr_line' id='line_1_14' title="bbox 63 1293 1705 1371; baseline 0.004 -22"><span class='ocrx_word' id='word_1_206' title='bbox 63 1321 75 1349; x_wconf 75' lang='lat' dir='ltr'><strong>r</strong></span> <span class='ocrx_word' id='word_1_207' title='bbox 95 1299 160 1371; x_wconf 84' lang='lat' dir='ltr'><strong>quia</strong></span> <span class='ocrx_word' id='word_1_208' title='bbox 176 1301 327 1356; x_wconf 88' lang='lat' dir='ltr'><strong>secuudum</strong></span> <span class='ocrx_word' id='word_1_209' title='bbox 342 1301 430 1355; x_wconf 89' lang='lat' dir='ltr'><strong>Deum</strong></span> <span class='ocrx_word' id='word_1_210' title='bbox 451 1300 570 1371; x_wconf 87' lang='lat' dir='ltr'><strong>postulat</strong></span> <span class='ocrx_word' id='word_1_211' title='bbox 593 1315 644 1371; x_wconf 89' lang='lat' dir='ltr'><strong>pro</strong></span> <span class='ocrx_word' id='word_1_212' title='bbox 663 1298 775 1354; x_wconf 90' lang='lat' dir='ltr'><strong>sanctis.</strong></span> <span class='ocrx_word' id='word_1_213' title='bbox 797 1299 861 1353; x_wconf 91' lang='lat' dir='ltr'><strong>Sci·</strong></span> <span class='ocrx_word' id='word_1_214' title='bbox 911 1293 1032 1349; x_wconf 89' lang='lat' dir='ltr'><strong>Christus</strong></span> <span class='ocrx_word' id='word_1_215' title='bbox 1047 1293 1118 1348; x_wconf 91' lang='lat' dir='ltr'><strong>enim</strong></span> <span class='ocrx_word' id='word_1_216' title='bbox 1133 1309 1242 1349; x_wconf 92' lang='lat' dir='ltr'><strong>omnem</strong></span> <span class='ocrx_word' id='word_1_217' title='bbox 1267 1294 1357 1350; x_wconf 88' lang='lat' dir='ltr'><strong>carnis</strong></span> <span class='ocrx_word' id='word_1_218' title='bbox 1372 1296 1514 1352; x_wconf 87' lang='lat' dir='ltr'><strong>materiam</strong></span> <span class='ocrx_word' id='word_1_219' title='bbox 1527 1305 1624 1368; x_wconf 72' lang='lat' dir='ltr'><strong>praeter</strong></span> <span class='ocrx_word' id='word_1_220' title='bbox 1637 1314 1705 1369; x_wconf 85' lang='lat' dir='ltr'><strong>pea-</strong></span> 
     </span>
     <span class='ocr_line' id='line_1_15' title="bbox 65 1381 1705 1461; baseline 0.002 -21"><span class='ocrx_word' id='word_1_221' title='bbox 65 1404 158 1442; x_wconf 82' lang='lat' dir='ltr'><strong>rmus</strong></span> <span class='ocrx_word' id='word_1_222' title='bbox 186 1396 275 1443; x_wconf 90' lang='lat' dir='ltr'><strong>autem</strong></span> <span class='ocrx_word' id='word_1_223' title='bbox 304 1389 432 1461; x_wconf 90' lang='lat' dir='ltr'><strong>quoniam</strong></span> <span class='ocrx_word' id='word_1_224' title='bbox 455 1388 631 1461; x_wconf 84' lang='lat' dir='ltr'><strong>diligentibus</strong></span> <span class='ocrx_word' id='word_1_225' title='bbox 656 1389 743 1443; x_wconf 83' lang='lat' dir='ltr'><strong>Deum</strong></span> <span class='ocrx_word' id='word_1_226' title='bbox 770 1387 862 1443; x_wconf 86' lang='lat' dir='ltr'><strong>omnia</strong></span> <span class='ocrx_word' id='word_1_227' title='bbox 910 1390 1000 1438; x_wconf 81' lang='lat' dir='ltr'><strong>catum</strong></span> <span class='ocrx_word' id='word_1_228' title='bbox 1016 1381 1161 1449; x_wconf 81' lang='lat' dir='ltr'><strong>sustinuit3</strong></span> <span class='ocrx_word' id='word_1_229' title='bbox 1184 1390 1210 1438; x_wconf 89' lang='lat' dir='ltr'><strong>et</strong></span> <span class='ocrx_word' id='word_1_230' title='bbox 1233 1398 1282 1454; x_wconf 88' lang='lat' dir='ltr'><strong>per</strong></span> <span class='ocrx_word' id='word_1_231' title='bbox 1306 1383 1418 1439; x_wconf 91' lang='lat' dir='ltr'><strong>missum</strong></span> <span class='ocrx_word' id='word_1_232' title='bbox 1441 1385 1539 1440; x_wconf 88' lang='lat' dir='ltr'><strong>Filium</strong></span> <span class='ocrx_word' id='word_1_233' title='bbox 1557 1387 1705 1442; x_wconf 80' lang='lat' dir='ltr'><strong>damnavit</strong></span> 
     </span>
     <span class='ocr_line' id='line_1_16' title="bbox 63 1470 1704 1548; baseline 0.003 -21"><span class='ocrx_word' id='word_1_234' title='bbox 63 1484 279 1547; x_wconf 82' lang='lat' dir='ltr'><strong>«cooperantur</strong></span> <span class='ocrx_word' id='word_1_235' title='bbox 292 1477 319 1531; x_wconf 93' lang='lat' dir='ltr'><strong>iu</strong></span> <span class='ocrx_word' id='word_1_236' title='bbox 335 1477 446 1542; x_wconf 90' lang='lat' dir='ltr'><strong>bonum,</strong></span> <span class='ocrx_word' id='word_1_237' title='bbox 469 1476 511 1531; x_wconf 89' lang='lat' dir='ltr'><strong>his</strong></span> <span class='ocrx_word' id='word_1_238' title='bbox 526 1476 572 1548; x_wconf 92' lang='lat' dir='ltr'><strong>qui</strong></span> <span class='ocrx_word' id='word_1_239' title='bbox 587 1477 737 1532; x_wconf 86' lang='lat' dir='ltr'><strong>secundum</strong></span> <span class='ocrx_word' id='word_1_240' title='bbox 758 1490 860 1547; x_wconf 91' lang='lat' dir='ltr'><strong>propo·</strong></span> <span class='ocrx_word' id='word_1_241' title='bbox 909 1475 1068 1543; x_wconf 83' lang='lat' dir='ltr'><strong>peccatum,</strong></span> <span class='ocrx_word' id='word_1_242' title='bbox 1084 1470 1112 1525; x_wconf 92' lang='lat' dir='ltr'><strong>id</strong></span> <span class='ocrx_word' id='word_1_243' title='bbox 1140 1478 1181 1525; x_wconf 90' lang='lat' dir='ltr'><strong>est</strong></span> <span class='ocrx_word' id='word_1_244' title='bbox 1205 1470 1326 1526; x_wconf 89' lang='lat' dir='ltr'><strong>fomitem</strong></span> <span class='ocrx_word' id='word_1_245' title='bbox 1355 1473 1467 1544; x_wconf 88' lang='lat' dir='ltr'><strong>peccati,</strong></span> <span class='ocrx_word' id='word_1_246' title='bbox 1500 1473 1571 1545; x_wconf 90' lang='lat' dir='ltr'><strong>quod</strong></span> <span class='ocrx_word' id='word_1_247' title='bbox 1598 1476 1704 1532; x_wconf 83' lang='lat' dir='ltr'><strong>eratin</strong></span> 
     </span>
     <span class='ocr_line' id='line_1_17' title="bbox 61 1560 1703 1648; baseline -0.002 -30"><span class='ocrx_word' id='word_1_248' title='bbox 61 1566 178 1619; x_wconf 83' lang='lat' dir='ltr'><strong>«situm</strong></span> <span class='ocrx_word' id='word_1_249' title='bbox 193 1565 282 1621; x_wconf 86' lang='lat' dir='ltr'><strong>vocati</strong></span> <span class='ocrx_word' id='word_1_250' title='bbox 297 1572 359 1620; x_wconf 93' lang='lat' dir='ltr'><strong>sunt</strong></span> <span class='ocrx_word' id='word_1_251' title='bbox 383 1564 479 1620; x_wconf 89' lang='lat' dir='ltr'><strong>sancti.</strong></span> <span class='ocrx_word' id='word_1_252' title='bbox 504 1566 575 1620; x_wconf 91' lang='lat' dir='ltr'><strong>Nam</strong></span> <span class='ocrx_word' id='word_1_253' title='bbox 589 1581 658 1636; x_wconf 88' lang='lat' dir='ltr'><strong>quos</strong></span> <span class='ocrx_word' id='word_1_254' title='bbox 686 1564 823 1635; x_wconf 75' lang='lat' dir='ltr'><strong>praescivit</strong></span> <span class='ocrx_word' id='word_1_255' title='bbox 833 1570 895 1648; x_wconf 78' lang='lat' dir='ltr'><strong>ctB</strong></span> <span class='ocrx_word' id='word_1_256' title='bbox 909 1575 996 1615; x_wconf 79' lang='lat' dir='ltr'><strong>carne</strong></span> <span class='ocrx_word' id='word_1_257' title='bbox 1015 1567 1118 1614; x_wconf 87' lang='lat' dir='ltr'><strong>nostra.</strong></span> <span class='ocrx_word' id='word_1_258' title='bbox 1143 1562 1180 1615; x_wconf 84' lang='lat' dir='ltr'><strong>lla</strong></span> <span class='ocrx_word' id='word_1_259' title='bbox 1202 1564 1325 1633; x_wconf 86' lang='lat' dir='ltr'><strong>peccato,</strong></span> <span class='ocrx_word' id='word_1_260' title='bbox 1356 1560 1384 1616; x_wconf 92' lang='lat' dir='ltr'><strong>id</strong></span> <span class='ocrx_word' id='word_1_261' title='bbox 1411 1569 1451 1617; x_wconf 90' lang='lat' dir='ltr'><strong>est</strong></span> <span class='ocrx_word' id='word_1_262' title='bbox 1477 1579 1526 1633; x_wconf 91' lang='lat' dir='ltr'><strong>per</strong></span> <span class='ocrx_word' id='word_1_263' title='bbox 1548 1563 1643 1619; x_wconf 89' lang='lat' dir='ltr'><strong>Filium</strong></span> <span class='ocrx_word' id='word_1_264' title='bbox 1658 1564 1703 1637; x_wconf 87' lang='lat' dir='ltr'><strong>qui</strong></span> 
     </span>
     <span class='ocr_line' id='line_1_18' title="bbox 64 1645 1705 1727; baseline 0.004 -25"><span class='ocrx_word' id='word_1_265' title='bbox 64 1653 299 1724; x_wconf 73' lang='lat' dir='ltr'><strong>«praedestinavit</strong></span> <span class='ocrx_word' id='word_1_266' title='bbox 322 1653 478 1710; x_wconf 83' lang='lat' dir='ltr'><strong>conformes</strong></span> <span class='ocrx_word' id='word_1_267' title='bbox 500 1651 559 1708; x_wconf 87' lang='lat' dir='ltr'><strong>fieri</strong></span> <span class='ocrx_word' id='word_1_268' title='bbox 582 1653 717 1727; x_wconf 85' lang='lat' dir='ltr'><strong>imagines</strong></span> <span class='ocrx_word' id='word_1_269' title='bbox 732 1653 792 1707; x_wconf 82' lang='lat' dir='ltr'><strong>Filii</strong></span> <span class='ocrx_word' id='word_1_270' title='bbox 806 1651 858 1719; x_wconf 89' lang='lat' dir='ltr'><strong>sui,</strong></span> <span class='ocrx_word' id='word_1_271' title='bbox 909 1645 958 1701; x_wconf 86' lang='lat' dir='ltr'><strong>fuit</strong></span> <span class='ocrx_word' id='word_1_272' title='bbox 973 1646 1061 1702; x_wconf 91' lang='lat' dir='ltr'><strong>hostia</strong></span> <span class='ocrx_word' id='word_1_273' title='bbox 1085 1663 1133 1718; x_wconf 92' lang='lat' dir='ltr'><strong>pro</strong></span> <span class='ocrx_word' id='word_1_274' title='bbox 1157 1648 1276 1719; x_wconf 89' lang='lat' dir='ltr'><strong>peccatis</strong></span> <span class='ocrx_word' id='word_1_275' title='bbox 1299 1648 1420 1704; x_wconf 91' lang='lat' dir='ltr'><strong>omniurn</strong></span> <span class='ocrx_word' id='word_1_276' title='bbox 1444 1651 1544 1706; x_wconf 88' lang='lat' dir='ltr'><strong>oblata.</strong></span> <span class='ocrx_word' id='word_1_277' title='bbox 1576 1652 1653 1708; x_wconf 87' lang='lat' dir='ltr'><strong>Unde</strong></span> <span class='ocrx_word' id='word_1_278' title='bbox 1677 1660 1705 1708; x_wconf 89' lang='grc' dir='ltr'><strong>ει</strong></span> 
     </span>
     <span class='ocr_line' id='line_1_19' title="bbox 59 1732 1704 1814; baseline 0.001 -18"><span class='ocrx_word' id='word_1_279' title='bbox 59 1749 123 1796; x_wconf 76' lang='lat' dir='ltr'><strong>«ut</strong></span> <span class='ocrx_word' id='word_1_280' title='bbox 136 1741 172 1795; x_wconf 90' lang='lat' dir='ltr'><strong>sit</strong></span> <span class='ocrx_word' id='word_1_281' title='bbox 186 1741 245 1812; x_wconf 90' lang='lat' dir='ltr'><strong>ipse</strong></span> <span class='ocrx_word' id='word_1_282' title='bbox 272 1742 470 1814; x_wconf 87' lang='lat' dir='ltr'><strong>primogenitus</strong></span> <span class='ocrx_word' id='word_1_283' title='bbox 484 1741 512 1796; x_wconf 93' lang='lat' dir='ltr'><strong>in</strong></span> <span class='ocrx_word' id='word_1_284' title='bbox 526 1740 617 1796; x_wconf 90' lang='lat' dir='ltr'><strong>multis</strong></span> <span class='ocrx_word' id='word_1_285' title='bbox 632 1741 769 1796; x_wconf 85' lang='lat' dir='ltr'><strong>iratribus.</strong></span> <span class='ocrx_word' id='word_1_286' title='bbox 787 1740 860 1809; x_wconf 92' lang='lat' dir='ltr'><strong>Quos</strong></span> <span class='ocrx_word' id='word_1_287' title='bbox 909 1732 1032 1790; x_wconf 79' lang='lat' dir='ltr'><strong>Christus</strong></span> <span class='ocrx_word' id='word_1_288' title='bbox 1059 1736 1148 1792; x_wconf 86' lang='lat' dir='ltr'><strong>dictus</strong></span> <span class='ocrx_word' id='word_1_289' title='bbox 1177 1744 1219 1791; x_wconf 90' lang='lat' dir='ltr'><strong>est</strong></span> <span class='ocrx_word' id='word_1_290' title='bbox 1247 1745 1400 1808; x_wconf 86' lang='lat' dir='ltr'><strong>peccatum.</strong></span> <span class='ocrx_word' id='word_1_291' title='bbox 1431 1739 1522 1795; x_wconf 86' lang='lat' dir='ltr'><strong>Hostia</strong></span> <span class='ocrx_word' id='word_1_292' title='bbox 1551 1739 1624 1795; x_wconf 93' lang='lat' dir='ltr'><strong>enim</strong></span> <span class='ocrx_word' id='word_1_293' title='bbox 1653 1756 1704 1812; x_wconf 91' lang='lat' dir='ltr'><strong>pro</strong></span> 
     </span>
     <span class='ocr_line' id='line_1_20' title="bbox 63 1823 1701 1901; baseline 0.004 -22"><span class='ocrx_word' id='word_1_294' title='bbox 63 1850 75 1879; x_wconf 79' lang='grc' dir='ltr'><strong>ι</strong></span> <span class='ocrx_word' id='word_1_295' title='bbox 93 1837 185 1885; x_wconf 86' lang='lat' dir='ltr'><strong>autern</strong></span> <span class='ocrx_word' id='word_1_296' title='bbox 200 1830 412 1901; x_wconf 75' lang='lat' dir='ltr'><strong>pradestinavit,</strong></span> <span class='ocrx_word' id='word_1_297' title='bbox 429 1831 481 1886; x_wconf 91' lang='lat' dir='ltr'><strong>hoc</strong></span> <span class='ocrx_word' id='word_1_298' title='bbox 499 1839 526 1886; x_wconf 91' lang='lat' dir='ltr'><strong>et</strong></span> <span class='ocrx_word' id='word_1_299' title='bbox 540 1830 647 1886; x_wconf 86' lang='lat' dir='ltr'><strong>vocavit</strong></span> <span class='ocrx_word' id='word_1_300' title='bbox 662 1847 669 1897; x_wconf 89' lang='grc'>;</span> <span class='ocrx_word' id='word_1_301' title='bbox 686 1838 710 1885; x_wconf 91' lang='grc' dir='ltr'><strong>ει</strong></span> <span class='ocrx_word' id='word_1_302' title='bbox 730 1845 798 1901; x_wconf 89' lang='lat' dir='ltr'><strong>quos</strong></span> <span class='ocrx_word' id='word_1_303' title='bbox 813 1844 860 1884; x_wconf 88' lang='lat' dir='ltr'><strong>ve·</strong></span> <span class='ocrx_word' id='word_1_304' title='bbox 908 1831 1020 1894; x_wconf 90' lang='lat' dir='ltr'><strong>peccato</strong></span> <span class='ocrx_word' id='word_1_305' title='bbox 1030 1823 1130 1890; x_wconf 89' lang='lat' dir='ltr'><strong>oblata,</strong></span> <span class='ocrx_word' id='word_1_306' title='bbox 1146 1833 1288 1895; x_wconf 88' lang='lat' dir='ltr'><strong>peccatum</strong></span> <span class='ocrx_word' id='word_1_307' title='bbox 1302 1825 1452 1895; x_wconf 79' lang='lat' dir='ltr'><strong>dicebatur,</strong></span> <span class='ocrx_word' id='word_1_308' title='bbox 1464 1827 1507 1883; x_wconf 82' lang='lat' dir='ltr'><strong>uel</strong></span> <span class='ocrx_word' id='word_1_309' title='bbox 1517 1844 1566 1898; x_wconf 90' lang='lat' dir='ltr'><strong>pro</strong></span> <span class='ocrx_word' id='word_1_310' title='bbox 1576 1837 1701 1900; x_wconf 90' lang='lat' dir='ltr'><strong>peccato.</strong></span> 
     </span>
     <span class='ocr_line' id='line_1_21' title="bbox 61 1910 1701 1991; baseline 0.001 -19"><span class='ocrx_word' id='word_1_311' title='bbox 61 1918 174 1984; x_wconf 72' lang='lat' dir='ltr'><strong>ncavit,</strong></span> <span class='ocrx_word' id='word_1_312' title='bbox 189 1918 240 1973; x_wconf 90' lang='lat' dir='ltr'><strong>hos</strong></span> <span class='ocrx_word' id='word_1_313' title='bbox 261 1928 287 1973; x_wconf 92' lang='lat' dir='ltr'><strong>et</strong></span> <span class='ocrx_word' id='word_1_314' title='bbox 298 1917 457 1988; x_wconf 87' lang='lat' dir='ltr'><strong>justificavit</strong></span> <span class='ocrx_word' id='word_1_315' title='bbox 472 1936 478 1972; x_wconf 94' lang='lat'><strong>:</strong></span> <span class='ocrx_word' id='word_1_316' title='bbox 496 1935 564 1991; x_wconf 88' lang='lat' dir='ltr'><strong>quos</strong></span> <span class='ocrx_word' id='word_1_317' title='bbox 585 1927 674 1974; x_wconf 85' lang='lat' dir='ltr'><strong>autern</strong></span> <span class='ocrx_word' id='word_1_318' title='bbox 693 1916 857 1987; x_wconf 80' lang='lat' dir='ltr'><strong>justificavit,</strong></span> <span class='ocrx_word' id='word_1_319' title='bbox 909 1910 958 1966; x_wconf 90' lang='lat' dir='ltr'><strong>Vel</strong></span> <span class='ocrx_word' id='word_1_320' title='bbox 981 1911 1039 1967; x_wconf 89' lang='lat' dir='ltr'><strong>ita:</strong></span> <span class='ocrx_word' id='word_1_321' title='bbox 1057 1912 1200 1967; x_wconf 88' lang='lat' dir='ltr'><strong>Damnavit</strong></span> <span class='ocrx_word' id='word_1_322' title='bbox 1225 1922 1377 1984; x_wconf 87' lang='lat' dir='ltr'><strong>peccatum,</strong></span> <span class='ocrx_word' id='word_1_323' title='bbox 1402 1914 1430 1969; x_wconf 93' lang='lat' dir='ltr'><strong>id</strong></span> <span class='ocrx_word' id='word_1_324' title='bbox 1453 1923 1493 1970; x_wconf 89' lang='lat' dir='ltr'><strong>est</strong></span> <span class='ocrx_word' id='word_1_325' title='bbox 1517 1916 1645 1973; x_wconf 89' lang='lat' dir='ltr'><strong>Satauam</strong></span> <span class='ocrx_word' id='word_1_326' title='bbox 1666 1918 1701 1975; x_wconf 88' lang='lat' dir='ltr'><strong>de</strong></span> 
     </span>
     <span class='ocr_line' id='line_1_22' title="bbox 62 2000 1703 2080; baseline 0.002 -21"><span class='ocrx_word' id='word_1_327' title='bbox 62 2027 74 2058; x_wconf 78' lang='grc' dir='ltr'><strong>ι</strong></span> <span class='ocrx_word' id='word_1_328' title='bbox 91 2007 155 2061; x_wconf 89' lang='lat' dir='ltr'><strong>illos</strong></span> <span class='ocrx_word' id='word_1_329' title='bbox 170 2014 196 2061; x_wconf 90' lang='lat' dir='ltr'><strong>et</strong></span> <span class='ocrx_word' id='word_1_330' title='bbox 210 2005 405 2079; x_wconf 85' lang='lat' dir='ltr'><strong>magnificavit.</strong></span> <span class='ocrx_word' id='word_1_331' title='bbox 423 2005 494 2075; x_wconf 88' lang='lat' dir='ltr'><strong>Quid</strong></span> <span class='ocrx_word' id='word_1_332' title='bbox 509 2022 577 2080; x_wconf 87' lang='lat' dir='ltr'><strong>ergo</strong></span> <span class='ocrx_word' id='word_1_333' title='bbox 592 2007 714 2062; x_wconf 91' lang='lat' dir='ltr'><strong>dicemus</strong></span> <span class='ocrx_word' id='word_1_334' title='bbox 728 2006 763 2060; x_wconf 93' lang='lat' dir='ltr'><strong>ad</strong></span> <span class='ocrx_word' id='word_1_335' title='bbox 778 2005 860 2061; x_wconf 80' lang='lat' dir='ltr'><strong>haec?</strong></span> <span class='ocrx_word' id='word_1_336' title='bbox 908 2007 1018 2070; x_wconf 89' lang='lat' dir='ltr'><strong>peccata</strong></span> <span class='ocrx_word' id='word_1_337' title='bbox 1035 2018 1042 2054; x_wconf 92' lang='lat'>:</span> <span class='ocrx_word' id='word_1_338' title='bbox 1058 2001 1131 2072; x_wconf 90' lang='lat' dir='ltr'><strong>quod</strong></span> <span class='ocrx_word' id='word_1_339' title='bbox 1151 2000 1274 2056; x_wconf 87' lang='lat' dir='ltr'><strong>diabolus</strong></span> <span class='ocrx_word' id='word_1_340' title='bbox 1298 2001 1361 2059; x_wconf 86' lang='lat' dir='ltr'><strong>fecit</strong></span> <span class='ocrx_word' id='word_1_341' title='bbox 1375 2002 1402 2057; x_wconf 92' lang='lat' dir='ltr'><strong>in</strong></span> <span class='ocrx_word' id='word_1_342' title='bbox 1418 2018 1500 2059; x_wconf 90' lang='lat' dir='ltr'><strong>came</strong></span> <span class='ocrx_word' id='word_1_343' title='bbox 1514 2005 1622 2061; x_wconf 86' lang='lat' dir='ltr'><strong>Christi.</strong></span> <span class='ocrx_word' id='word_1_344' title='bbox 1639 2007 1703 2063; x_wconf 87' lang='lat' dir='ltr'><strong>Dia-</strong></span> 
     </span>
     <span class='ocr_line' id='line_1_23' title="bbox 61 2087 1704 2167; baseline 0.004 -23"><span class='ocrx_word' id='word_1_345' title='bbox 61 2115 74 2144; x_wconf 78' lang='grc' dir='ltr'><strong>ι</strong></span> <span class='ocrx_word' id='word_1_346' title='bbox 93 2095 123 2150; x_wconf 93' lang='lat' dir='ltr'><strong>Si</strong></span> <span class='ocrx_word' id='word_1_347' title='bbox 139 2095 213 2150; x_wconf 90' lang='lat' dir='ltr'><strong>Deus</strong></span> <span class='ocrx_word' id='word_1_348' title='bbox 228 2110 279 2166; x_wconf 88' lang='lat' dir='ltr'><strong>pro</strong></span> <span class='ocrx_word' id='word_1_349' title='bbox 299 2095 388 2163; x_wconf 91' lang='lat' dir='ltr'><strong>nobis,</strong></span> <span class='ocrx_word' id='word_1_350' title='bbox 412 2095 472 2167; x_wconf 88' lang='lat' dir='ltr'><strong>quis</strong></span> <span class='ocrx_word' id='word_1_351' title='bbox 496 2103 592 2151; x_wconf 92' lang='lat' dir='ltr'><strong>contra</strong></span> <span class='ocrx_word' id='word_1_352' title='bbox 615 2095 690 2150; x_wconf 81' lang='lat' dir='ltr'><strong>nosf</strong></span> <span class='ocrx_word' id='word_1_353' title='bbox 704 2093 756 2164; x_wconf 90' lang='lat' dir='ltr'><strong>Qui</strong></span> <span class='ocrx_word' id='word_1_354' title='bbox 777 2093 858 2149; x_wconf 91' lang='lat' dir='ltr'><strong>etiam</strong></span> <span class='ocrx_word' id='word_1_355' title='bbox 908 2087 987 2143; x_wconf 91' lang='lat' dir='ltr'><strong>bolus</strong></span> <span class='ocrx_word' id='word_1_356' title='bbox 1002 2089 1075 2144; x_wconf 89' lang='lat' dir='ltr'><strong>enirn</strong></span> <span class='ocrx_word' id='word_1_357' title='bbox 1086 2089 1131 2158; x_wconf 84' lang='lat' dir='ltr'><strong>jus</strong></span> <span class='ocrx_word' id='word_1_358' title='bbox 1146 2090 1262 2145; x_wconf 89' lang='lat' dir='ltr'><strong>habebat</strong></span> <span class='ocrx_word' id='word_1_359' title='bbox 1276 2091 1303 2145; x_wconf 93' lang='lat' dir='ltr'><strong>in</strong></span> <span class='ocrx_word' id='word_1_360' title='bbox 1318 2106 1426 2146; x_wconf 89' lang='lat' dir='ltr'><strong>omnem</strong></span> <span class='ocrx_word' id='word_1_361' title='bbox 1440 2092 1578 2149; x_wconf 89' lang='lat' dir='ltr'><strong>hominem</strong></span> <span class='ocrx_word' id='word_1_362' title='bbox 1592 2104 1704 2166; x_wconf 87' lang='lat' dir='ltr'><strong>propter</strong></span> 
     </span>
     <span class='ocr_line' id='line_1_24' title="bbox 60 2176 1703 2256; baseline 0.004 -24"><span class='ocrx_word' id='word_1_363' title='bbox 60 2206 71 2232; x_wconf 73' lang='grc' dir='ltr'><strong>ι</strong></span> <span class='ocrx_word' id='word_1_364' title='bbox 91 2184 206 2254; x_wconf 82' lang='lat' dir='ltr'><strong>Proprio</strong></span> <span class='ocrx_word' id='word_1_365' title='bbox 220 2183 287 2239; x_wconf 83' lang='lat' dir='ltr'><strong>Filio</strong></span> <span class='ocrx_word' id='word_1_366' title='bbox 311 2200 361 2239; x_wconf 93' lang='lat' dir='ltr'><strong>suo</strong></span> <span class='ocrx_word' id='word_1_367' title='bbox 376 2200 429 2240; x_wconf 94' lang='lat' dir='ltr'><strong>non</strong></span> <span class='ocrx_word' id='word_1_368' title='bbox 444 2184 574 2256; x_wconf 87' lang='lat' dir='ltr'><strong>pepercit,</strong></span> <span class='ocrx_word' id='word_1_369' title='bbox 588 2183 636 2239; x_wconf 89' lang='lat' dir='ltr'><strong>sed</strong></span> <span class='ocrx_word' id='word_1_370' title='bbox 648 2200 696 2255; x_wconf 92' lang='lat' dir='ltr'><strong>pro</strong></span> <span class='ocrx_word' id='word_1_371' title='bbox 707 2182 786 2238; x_wconf 90' lang='lat' dir='ltr'><strong>nobis</strong></span> <span class='ocrx_word' id='word_1_372' title='bbox 800 2197 858 2237; x_wconf 92' lang='lat' dir='ltr'><strong>om·</strong></span> <span class='ocrx_word' id='word_1_373' title='bbox 908 2176 1041 2249; x_wconf 86' lang='lat' dir='ltr'><strong>originale</strong></span> <span class='ocrx_word' id='word_1_374' title='bbox 1055 2185 1196 2249; x_wconf 88' lang='lat' dir='ltr'><strong>peccatum</strong></span> <span class='ocrx_word' id='word_1_375' title='bbox 1213 2195 1219 2232; x_wconf 93' lang='lat'><strong>:</strong></span> <span class='ocrx_word' id='word_1_376' title='bbox 1237 2179 1271 2234; x_wconf 91' lang='lat' dir='ltr'><strong>de</strong></span> <span class='ocrx_word' id='word_1_377' title='bbox 1287 2195 1341 2250; x_wconf 90' lang='lat' dir='ltr'><strong>quo</strong></span> <span class='ocrx_word' id='word_1_378' title='bbox 1356 2179 1420 2252; x_wconf 90' lang='lat' dir='ltr'><strong>quia</strong></span> <span class='ocrx_word' id='word_1_379' title='bbox 1434 2180 1556 2237; x_wconf 91' lang='lat' dir='ltr'><strong>Christus</strong></span> <span class='ocrx_word' id='word_1_380' title='bbox 1570 2199 1633 2239; x_wconf 88' lang='lat' dir='ltr'><strong>reus</strong></span> <span class='ocrx_word' id='word_1_381' title='bbox 1647 2200 1703 2241; x_wconf 93' lang='lat' dir='ltr'><strong>non</strong></span> 
     </span>
     <span class='ocr_line' id='line_1_25' title="bbox 60 2263 1702 2344; baseline 0.002 -22"><span class='ocrx_word' id='word_1_382' title='bbox 60 2271 174 2325; x_wconf 80' lang='lat' dir='ltr'><strong>«nibus</strong></span> <span class='ocrx_word' id='word_1_383' title='bbox 206 2271 314 2327; x_wconf 86' lang='lat' dir='ltr'><strong>tradidit</strong></span> <span class='ocrx_word' id='word_1_384' title='bbox 339 2272 424 2327; x_wconf 88' lang='lat' dir='ltr'><strong>illum.</strong></span> <span class='ocrx_word' id='word_1_385' title='bbox 449 2272 593 2341; x_wconf 84' lang='lat' dir='ltr'><strong>Quomodo</strong></span> <span class='ocrx_word' id='word_1_386' title='bbox 616 2287 671 2327; x_wconf 93' lang='lat' dir='ltr'><strong>non</strong></span> <span class='ocrx_word' id='word_1_387' title='bbox 694 2272 774 2326; x_wconf 91' lang='lat' dir='ltr'><strong>etiam</strong></span> <span class='ocrx_word' id='word_1_388' title='bbox 797 2286 859 2327; x_wconf 92' lang='lat' dir='ltr'><strong>cum</strong></span> <span class='ocrx_word' id='word_1_389' title='bbox 908 2263 958 2320; x_wconf 89' lang='lat' dir='ltr'><strong>fuit</strong></span> <span class='ocrx_word' id='word_1_390' title='bbox 973 2266 1040 2335; x_wconf 84' lang='lat' dir='ltr'><strong>(non</strong></span> <span class='ocrx_word' id='word_1_391' title='bbox 1055 2265 1127 2321; x_wconf 91' lang='lat' dir='ltr'><strong>enirn</strong></span> <span class='ocrx_word' id='word_1_392' title='bbox 1150 2267 1419 2338; x_wconf 87' lang='lat' dir='ltr'><strong>inconcupiscentia</strong></span> <span class='ocrx_word' id='word_1_393' title='bbox 1442 2269 1530 2325; x_wconf 89' lang='lat' dir='ltr'><strong>carnis</strong></span> <span class='ocrx_word' id='word_1_394' title='bbox 1543 2280 1624 2327; x_wconf 89' lang='lat' dir='ltr'><strong>natus</strong></span> <span class='ocrx_word' id='word_1_395' title='bbox 1638 2274 1702 2344; x_wconf 84' lang='lat' dir='ltr'><strong>est),</strong></span> 
     </span>
     <span class='ocr_line' id='line_1_26' title="bbox 59 2353 1701 2430; baseline 0.002 -17"><span class='ocrx_word' id='word_1_396' title='bbox 59 2381 71 2408; x_wconf 79' lang='grc' dir='ltr'><strong>ι</strong></span> <span class='ocrx_word' id='word_1_397' title='bbox 91 2359 140 2414; x_wconf 92' lang='lat' dir='ltr'><strong>illo</strong></span> <span class='ocrx_word' id='word_1_398' title='bbox 157 2359 250 2414; x_wconf 91' lang='lat' dir='ltr'><strong>omnia</strong></span> <span class='ocrx_word' id='word_1_399' title='bbox 264 2359 344 2415; x_wconf 90' lang='lat' dir='ltr'><strong>nobis</strong></span> <span class='ocrx_word' id='word_1_400' title='bbox 359 2360 494 2415; x_wconf 78' lang='lat' dir='ltr'><strong>donavit?</strong></span> <span class='ocrx_word' id='word_1_401' title='bbox 509 2359 577 2429; x_wconf 92' lang='lat' dir='ltr'><strong>Quis</strong></span> <span class='ocrx_word' id='word_1_402' title='bbox 600 2359 740 2416; x_wconf 87' lang='lat' dir='ltr'><strong>accusabit</strong></span> <span class='ocrx_word' id='word_1_403' title='bbox 755 2359 857 2414; x_wconf 85' lang='lat' dir='ltr'><strong>adver·</strong></span> <span class='ocrx_word' id='word_1_404' title='bbox 907 2353 935 2407; x_wconf 91' lang='lat' dir='ltr'><strong>in</strong></span> <span class='ocrx_word' id='word_1_405' title='bbox 951 2370 1012 2408; x_wconf 88' lang='lat' dir='ltr'><strong>eum</strong></span> <span class='ocrx_word' id='word_1_406' title='bbox 1028 2353 1151 2410; x_wconf 84' lang='lat' dir='ltr'><strong>diabolus</strong></span> <span class='ocrx_word' id='word_1_407' title='bbox 1169 2355 1319 2411; x_wconf 89' lang='lat' dir='ltr'><strong>indebitum</strong></span> <span class='ocrx_word' id='word_1_408' title='bbox 1340 2357 1386 2426; x_wconf 84' lang='lat' dir='ltr'><strong>jus</strong></span> <span class='ocrx_word' id='word_1_409' title='bbox 1401 2359 1541 2430; x_wconf 87' lang='lat' dir='ltr'><strong>usurpavit</strong></span> <span class='ocrx_word' id='word_1_410' title='bbox 1556 2379 1564 2428; x_wconf 76' lang='lat'>3</span> <span class='ocrx_word' id='word_1_411' title='bbox 1581 2360 1644 2416; x_wconf 88' lang='lat' dir='ltr'><strong>ideo</strong></span> <span class='ocrx_word' id='word_1_412' title='bbox 1656 2362 1701 2430; x_wconf 76' lang='lat' dir='ltr'><strong>ius</strong></span> 
     </span>
     <span class='ocr_line' id='line_1_27' title="bbox 62 2443 1703 2521; baseline 0.003 -19"><span class='ocrx_word' id='word_1_413' title='bbox 62 2470 74 2495; x_wconf 82' lang='grc' dir='ltr'><strong>ι</strong></span> <span class='ocrx_word' id='word_1_414' title='bbox 93 2464 142 2502; x_wconf 88' lang='lat' dir='ltr'><strong>sus</strong></span> <span class='ocrx_word' id='word_1_415' title='bbox 167 2447 269 2503; x_wconf 90' lang='lat' dir='ltr'><strong>electos</strong></span> <span class='ocrx_word' id='word_1_416' title='bbox 285 2448 357 2503; x_wconf 80' lang='lat' dir='ltr'><strong>neit</strong></span> <span class='ocrx_word' id='word_1_417' title='bbox 372 2450 445 2503; x_wconf 88' lang='lat' dir='ltr'><strong>Deus</strong></span> <span class='ocrx_word' id='word_1_418' title='bbox 465 2448 511 2521; x_wconf 90' lang='lat' dir='ltr'><strong>qui</strong></span> <span class='ocrx_word' id='word_1_419' title='bbox 522 2448 660 2518; x_wconf 80' lang='lat' dir='ltr'><strong>justificat.</strong></span> <span class='ocrx_word' id='word_1_420' title='bbox 676 2446 742 2516; x_wconf 86' lang='lat' dir='ltr'><strong>Quis</strong></span> <span class='ocrx_word' id='word_1_421' title='bbox 756 2456 798 2502; x_wconf 90' lang='lat' dir='ltr'><strong>est</strong></span> <span class='ocrx_word' id='word_1_422' title='bbox 812 2447 858 2519; x_wconf 90' lang='lat' dir='ltr'><strong>qui</strong></span> <span class='ocrx_word' id='word_1_423' title='bbox 908 2443 981 2513; x_wconf 87' lang='lat' dir='ltr'><strong>qnod</strong></span> <span class='ocrx_word' id='word_1_424' title='bbox 996 2457 1157 2499; x_wconf 85' lang='lat' dir='ltr'><strong>concessum</strong></span> <span class='ocrx_word' id='word_1_425' title='bbox 1171 2444 1230 2515; x_wconf 90' lang='lat' dir='ltr'><strong>ipse</strong></span> <span class='ocrx_word' id='word_1_426' title='bbox 1245 2453 1301 2499; x_wconf 90' lang='lat' dir='ltr'><strong>erat</strong></span> <span class='ocrx_word' id='word_1_427' title='bbox 1315 2445 1343 2499; x_wconf 93' lang='lat' dir='ltr'><strong>in</strong></span> <span class='ocrx_word' id='word_1_428' title='bbox 1357 2461 1462 2513; x_wconf 90' lang='lat' dir='ltr'><strong>omnes,</strong></span> <span class='ocrx_word' id='word_1_429' title='bbox 1478 2448 1607 2519; x_wconf 86' lang='lat' dir='ltr'><strong>perdidit,</strong></span> <span class='ocrx_word' id='word_1_430' title='bbox 1623 2450 1703 2507; x_wconf 84' lang='lat' dir='ltr'><strong>etsie</strong></span> 
     </span>
     <span class='ocr_line' id='line_1_28' title="bbox 62 2529 1698 2608; baseline 0.006 -24"><span class='ocrx_word' id='word_1_431' title='bbox 62 2536 677 2608; x_wconf 74' lang='lat' dir='ltr'><strong>¹condemnet?ChristusJesusquimoriuus</strong></span> <span class='ocrx_word' id='word_1_432' title='bbox 688 2536 800 2605; x_wconf 69' lang='lat' dir='ltr'><strong>est‚im0</strong></span> <span class='ocrx_word' id='word_1_433' title='bbox 811 2535 858 2607; x_wconf 86' lang='lat' dir='ltr'><strong>qui</strong></span> <span class='ocrx_word' id='word_1_434' title='bbox 908 2529 1148 2602; x_wconf 74' lang='lat' dir='ltr'><strong>quiainconcessa</strong></span> <span class='ocrx_word' id='word_1_435' title='bbox 1168 2533 1294 2603; x_wconf 74' lang='lat' dir='ltr'><strong>captavit,</strong></span> <span class='ocrx_word' id='word_1_436' title='bbox 1320 2533 1392 2602; x_wconf 80' lang='lat' dir='ltr'><strong>juste</strong></span> <span class='ocrx_word' id='word_1_437' title='bbox 1417 2550 1549 2592; x_wconf 79' lang='lat' dir='ltr'><strong>concessa</strong></span> <span class='ocrx_word' id='word_1_438' title='bbox 1567 2538 1698 2608; x_wconf 78' lang='lat' dir='ltr'><strong>perdidit.</strong></span> 
     </span>
     <span class='ocr_line' id='line_1_29' title="bbox 59 2619 1702 2699; baseline 0.003 -20"><span class='ocrx_word' id='word_1_439' title='bbox 59 2648 71 2671; x_wconf 78' lang='grc' dir='ltr'><strong>ι</strong></span> <span class='ocrx_word' id='word_1_440' title='bbox 86 2623 169 2681; x_wconf 76' lang='grc'><strong>45</strong></span> <span class='ocrx_word' id='word_1_441' title='bbox 181 2625 858 2697; x_wconf 86' lang='lat' dir='ltr'><strong>etresurrexit,quiestaddexteramDei,quietiarn</strong></span> <span class='ocrx_word' id='word_1_442' title='bbox 894 2619 1051 2675; x_wconf 70' lang='lat' dir='ltr'><strong>&#39;Damnavit</strong></span> <span class='ocrx_word' id='word_1_443' title='bbox 1067 2621 1158 2693; x_wconf 90' lang='lat' dir='ltr'><strong>utique</strong></span> <span class='ocrx_word' id='word_1_444' title='bbox 1173 2629 1317 2691; x_wconf 89' lang='lat' dir='ltr'><strong>peccatum</strong></span> <span class='ocrx_word' id='word_1_445' title='bbox 1334 2639 1340 2675; x_wconf 93' lang='lat'>:</span> <span class='ocrx_word' id='word_1_446' title='bbox 1356 2623 1468 2691; x_wconf 90' lang='lat' dir='ltr'><strong>adhoc,</strong></span> <span class='ocrx_word' id='word_1_447' title='bbox 1485 2629 1518 2680; x_wconf 90' lang='lat' dir='ltr'><strong>at</strong></span> <span class='ocrx_word' id='word_1_448' title='bbox 1531 2627 1702 2699; x_wconf 80' lang='lat' dir='ltr'><strong>impleretur</strong></span> 
     </span>
     <span class='ocr_line' id='line_1_30' title="bbox 61 2707 1703 2787; baseline 0.005 -24"><span class='ocrx_word' id='word_1_449' title='bbox 61 2734 73 2763; x_wconf 78' lang='lat' dir='ltr'><strong>r</strong></span> <span class='ocrx_word' id='word_1_450' title='bbox 92 2713 250 2784; x_wconf 88' lang='lat' dir='ltr'><strong>interpellat</strong></span> <span class='ocrx_word' id='word_1_451' title='bbox 264 2730 313 2784; x_wconf 92' lang='lat' dir='ltr'><strong>pro</strong></span> <span class='ocrx_word' id='word_1_452' title='bbox 328 2714 415 2769; x_wconf 88' lang='lat' dir='ltr'><strong>nobis.</strong></span> <span class='ocrx_word' id='word_1_453' title='bbox 441 2714 507 2784; x_wconf 91' lang='lat' dir='ltr'><strong>Quis</strong></span> <span class='ocrx_word' id='word_1_454' title='bbox 533 2731 600 2787; x_wconf 87' lang='lat' dir='ltr'><strong>ergo</strong></span> <span class='ocrx_word' id='word_1_455' title='bbox 623 2731 675 2770; x_wconf 92' lang='lat' dir='ltr'><strong>nos</strong></span> <span class='ocrx_word' id='word_1_456' title='bbox 690 2713 827 2785; x_wconf 89' lang='lat' dir='ltr'><strong>separabit</strong></span> <span class='ocrx_word' id='word_1_457' title='bbox 840 2729 856 2768; x_wconf 91' lang='lat' dir='ltr'><strong>a</strong></span> <span class='ocrx_word' id='word_1_458' title='bbox 908 2709 940 2763; x_wconf 86' lang='lat' dir='ltr'><strong>in</strong></span> <span class='ocrx_word' id='word_1_459' title='bbox 955 2707 1033 2764; x_wconf 85' lang='lat' dir='ltr'><strong>nobis</strong></span> <span class='ocrx_word' id='word_1_460' title='bbox 1043 2709 1216 2780; x_wconf 77' lang='lat' dir='ltr'><strong>justificatio</strong></span> <span class='ocrx_word' id='word_1_461' title='bbox 1232 2710 1310 2781; x_wconf 73' lang='lat' dir='ltr'><strong>lepis,</strong></span> <span class='ocrx_word' id='word_1_462' title='bbox 1320 2709 1347 2765; x_wconf 94' lang='lat' dir='ltr'><strong>id</strong></span> <span class='ocrx_word' id='word_1_463' title='bbox 1355 2720 1485 2782; x_wconf 85' lang='lat' dir='ltr'><strong>estquam</strong></span> <span class='ocrx_word' id='word_1_464' title='bbox 1497 2712 1541 2768; x_wconf 89' lang='lat' dir='ltr'><strong>lex</strong></span> <span class='ocrx_word' id='word_1_465' title='bbox 1551 2715 1703 2786; x_wconf 85' lang='lat' dir='ltr'><strong>praesigna·</strong></span> 
     </span>
     <span class='ocr_line' id='line_1_31' title="bbox 60 2795 1702 2876; baseline 0.001 -20"><span class='ocrx_word' id='word_1_466' title='bbox 60 2801 225 2856; x_wconf 78' lang='lat' dir='ltr'><strong>«charitate</strong></span> <span class='ocrx_word' id='word_1_467' title='bbox 246 2801 366 2857; x_wconf 77' lang='lat' dir='ltr'><strong>Christi?</strong></span> <span class='ocrx_word' id='word_1_468' title='bbox 384 2802 556 2859; x_wconf 82' lang='lat' dir='ltr'><strong>Tribulatiof</strong></span> <span class='ocrx_word' id='word_1_469' title='bbox 580 2805 622 2857; x_wconf 81' lang='lat' dir='ltr'><strong>An</strong></span> <span class='ocrx_word' id='word_1_470' title='bbox 643 2802 792 2876; x_wconf 79' lang='lat' dir='ltr'><strong>angustia?</strong></span> <span class='ocrx_word' id='word_1_471' title='bbox 815 2805 858 2856; x_wconf 82' lang='lat' dir='ltr'><strong>An</strong></span> <span class='ocrx_word' id='word_1_472' title='bbox 908 2795 964 2861; x_wconf 81' lang='lat' dir='ltr'><strong>bat,</strong></span> <span class='ocrx_word' id='word_1_473' title='bbox 987 2804 1014 2851; x_wconf 77' lang='lat' dir='ltr'><strong>ot</strong></span> <span class='ocrx_word' id='word_1_474' title='bbox 1035 2796 1149 2867; x_wconf 82' lang='lat' dir='ltr'><strong>implere</strong></span> <span class='ocrx_word' id='word_1_475' title='bbox 1173 2813 1227 2852; x_wconf 84' lang='lat' dir='ltr'><strong>non</strong></span> <span class='ocrx_word' id='word_1_476' title='bbox 1250 2806 1352 2868; x_wconf 82' lang='lat' dir='ltr'><strong>poterat</strong></span> <span class='ocrx_word' id='word_1_477' title='bbox 1373 2798 1401 2853; x_wconf 91' lang='lat' dir='ltr'><strong>in</strong></span> <span class='ocrx_word' id='word_1_478' title='bbox 1416 2800 1495 2856; x_wconf 85' lang='lat' dir='ltr'><strong>nobis</strong></span> <span class='ocrx_word' id='word_1_479' title='bbox 1512 2801 1546 2858; x_wconf 91' lang='lat' dir='ltr'><strong>de</strong></span> <span class='ocrx_word' id='word_1_480' title='bbox 1560 2803 1702 2860; x_wconf 87' lang='lat' dir='ltr'><strong>termino:</strong></span> 
     </span>
     <span class='ocr_line' id='line_1_32' title="bbox 60 2886 1701 2963; baseline 0.006 -25"><span class='ocrx_word' id='word_1_481' title='bbox 60 2909 72 2938; x_wconf 79' lang='lat' dir='ltr'><strong>r</strong></span> <span class='ocrx_word' id='word_1_482' title='bbox 89 2887 270 2960; x_wconf 62' lang='lat' dir='ltr'><strong>persecutio?</strong></span> <span class='ocrx_word' id='word_1_483' title='bbox 285 2892 327 2944; x_wconf 80' lang='lat' dir='ltr'><strong>An</strong></span> <span class='ocrx_word' id='word_1_484' title='bbox 350 2890 459 2946; x_wconf 77' lang='lat' dir='ltr'><strong>fames?</strong></span> <span class='ocrx_word' id='word_1_485' title='bbox 474 2894 517 2946; x_wconf 83' lang='lat' dir='ltr'><strong>An</strong></span> <span class='ocrx_word' id='word_1_486' title='bbox 540 2890 673 2946; x_wconf 73' lang='lat' dir='ltr'><strong>nuditas?</strong></span> <span class='ocrx_word' id='word_1_487' title='bbox 688 2894 730 2946; x_wconf 81' lang='lat' dir='ltr'><strong>An</strong></span> <span class='ocrx_word' id='word_1_488' title='bbox 745 2889 856 2963; x_wconf 89' lang='lat' dir='ltr'><strong>pericu·</strong></span> <span class='ocrx_word' id='word_1_489' title='bbox 908 2886 955 2956; x_wconf 80' lang='lat' dir='ltr'><strong>qai</strong></span> <span class='ocrx_word' id='word_1_490' title='bbox 971 2901 1028 2940; x_wconf 86' lang='lat' dir='ltr'><strong>non</strong></span> <span class='ocrx_word' id='word_1_491' title='bbox 1042 2886 1220 2941; x_wconf 85' lang='lat' dir='ltr'><strong>ambulamus</strong></span> <span class='ocrx_word' id='word_1_492' title='bbox 1230 2888 1385 2943; x_wconf 80' lang='lat' dir='ltr'><strong>secandam</strong></span> <span class='ocrx_word' id='word_1_493' title='bbox 1399 2905 1515 2946; x_wconf 85' lang='lat' dir='ltr'><strong>carnem</strong></span> <span class='ocrx_word' id='word_1_494' title='bbox 1531 2931 1538 2959; x_wconf 93' lang='lat'><strong>,</strong></span> <span class='ocrx_word' id='word_1_495' title='bbox 1555 2891 1583 2946; x_wconf 92' lang='lat' dir='ltr'><strong>id</strong></span> <span class='ocrx_word' id='word_1_496' title='bbox 1597 2899 1639 2949; x_wconf 90' lang='lat' dir='ltr'><strong>est</strong></span> <span class='ocrx_word' id='word_1_497' title='bbox 1654 2908 1701 2948; x_wconf 89' lang='grc' dir='ltr'><strong>εε-</strong></span> 
     </span>
     <span class='ocr_line' id='line_1_33' title="bbox 60 2973 1703 3051; baseline 0.004 -19"><span class='ocrx_word' id='word_1_498' title='bbox 60 3000 72 3024; x_wconf 75' lang='grc' dir='ltr'>ι</span> <span class='ocrx_word' id='word_1_499' title='bbox 90 2977 171 3032; x_wconf 80' lang='lat' dir='ltr'><strong>lum?</strong></span> <span class='ocrx_word' id='word_1_500' title='bbox 193 2980 236 3032; x_wconf 78' lang='lat' dir='ltr'><strong>An</strong></span> <span class='ocrx_word' id='word_1_501' title='bbox 263 2976 394 3051; x_wconf 74' lang='lat' dir='ltr'><strong>gladius?</strong></span> <span class='ocrx_word' id='word_1_502' title='bbox 421 2979 495 3034; x_wconf 90' lang='lat' dir='ltr'><strong>Sicut</strong></span> <span class='ocrx_word' id='word_1_503' title='bbox 518 2978 649 3051; x_wconf 89' lang='lat' dir='ltr'><strong>scriptum</strong></span> <span class='ocrx_word' id='word_1_504' title='bbox 674 2985 715 3034; x_wconf 88' lang='lat' dir='ltr'><strong>est</strong></span> <span class='ocrx_word' id='word_1_505' title='bbox 731 2995 738 3035; x_wconf 90' lang='lat'>:</span> <span class='ocrx_word' id='word_1_506' title='bbox 757 2999 768 3029; x_wconf 83' lang='lat' dir='ltr'><strong>r</strong></span> <span class='ocrx_word' id='word_1_507' title='bbox 786 2978 857 3046; x_wconf 84' lang='lat' dir='ltr'><strong>Quia</strong></span> <span class='ocrx_word' id='word_1_508' title='bbox 908 2973 1016 3044; x_wconf 87' lang='lat' dir='ltr'><strong>quenda</strong></span> <span class='ocrx_word' id='word_1_509' title='bbox 1029 2973 1167 3029; x_wconf 90' lang='lat' dir='ltr'><strong>desideria</strong></span> <span class='ocrx_word' id='word_1_510' title='bbox 1182 2976 1288 3043; x_wconf 80' lang='lat' dir='ltr'><strong>carnis3</strong></span> <span class='ocrx_word' id='word_1_511' title='bbox 1303 2977 1352 3033; x_wconf 82' lang='lat' dir='ltr'><strong>sed</strong></span> <span class='ocrx_word' id='word_1_512' title='bbox 1363 2978 1535 3035; x_wconf 85' lang='lat' dir='ltr'><strong>ambulamus</strong></span> <span class='ocrx_word' id='word_1_513' title='bbox 1547 2981 1703 3039; x_wconf 84' lang='lat' dir='ltr'><strong>secandam</strong></span> 
     </span>
     <span class='ocr_line' id='line_1_34' title="bbox 62 3062 1702 3142; baseline 0.005 -25"><span class='ocrx_word' id='word_1_514' title='bbox 62 3072 245 3136; x_wconf 75' lang='lat' dir='ltr'><strong>«propterte</strong></span> <span class='ocrx_word' id='word_1_515' title='bbox 264 3064 460 3123; x_wconf 88' lang='lat' dir='ltr'><strong>mortificamur</strong></span> <span class='ocrx_word' id='word_1_516' title='bbox 482 3074 539 3122; x_wconf 88' lang='lat' dir='ltr'><strong>tota</strong></span> <span class='ocrx_word' id='word_1_517' title='bbox 555 3066 607 3133; x_wconf 91' lang='lat' dir='ltr'><strong>die,</strong></span> <span class='ocrx_word' id='word_1_518' title='bbox 625 3066 857 3122; x_wconf 79' lang='lat' dir='ltr'><strong>aestimatisumus</strong></span> <span class='ocrx_word' id='word_1_519' title='bbox 908 3062 1051 3134; x_wconf 84' lang='lat' dir='ltr'><strong>spiritam,</strong></span> <span class='ocrx_word' id='word_1_520' title='bbox 1081 3062 1108 3116; x_wconf 93' lang='lat' dir='ltr'><strong>id</strong></span> <span class='ocrx_word' id='word_1_521' title='bbox 1138 3071 1179 3118; x_wconf 94' lang='lat' dir='ltr'><strong>est</strong></span> <span class='ocrx_word' id='word_1_522' title='bbox 1207 3065 1358 3120; x_wconf 81' lang='lat' dir='ltr'><strong>secundum</strong></span> <span class='ocrx_word' id='word_1_523' title='bbox 1387 3066 1460 3138; x_wconf 90' lang='lat' dir='ltr'><strong>quod</strong></span> <span class='ocrx_word' id='word_1_524' title='bbox 1481 3068 1562 3124; x_wconf 88' lang='lat' dir='ltr'><strong>dictat</strong></span> <span class='ocrx_word' id='word_1_525' title='bbox 1585 3069 1702 3142; x_wconf 91' lang='lat' dir='ltr'><strong>Spiritus</strong></span> 
     </span>
     <span class='ocr_line' id='line_1_35' title="bbox 60 3150 1703 3230; baseline 0.009 -28"><span class='ocrx_word' id='word_1_526' title='bbox 60 3154 162 3209; x_wconf 79' lang='lat' dir='ltr'><strong>«sicut</strong></span> <span class='ocrx_word' id='word_1_527' title='bbox 182 3169 250 3209; x_wconf 83' lang='lat' dir='ltr'><strong>oves</strong></span> <span class='ocrx_word' id='word_1_528' title='bbox 273 3154 418 3210; x_wconf 89' lang='lat' dir='ltr'><strong>occisionis</strong></span> <span class='ocrx_word' id='word_1_529' title='bbox 443 3156 530 3225; x_wconf 80' lang='lat' dir='ltr'><strong>(Psaf.</strong></span> <span class='ocrx_word' id='word_1_530' title='bbox 547 3170 626 3222; x_wconf 84' lang='lat' dir='ltr'><strong>xnrrr,</strong></span> <span class='ocrx_word' id='word_1_531' title='bbox 642 3155 698 3226; x_wconf 74' lang='lat'><strong>23).</strong></span> <span class='ocrx_word' id='word_1_532' title='bbox 718 3176 730 3206; x_wconf 73' lang='lat' dir='ltr'><strong>s</strong></span> <span class='ocrx_word' id='word_1_533' title='bbox 748 3155 802 3210; x_wconf 90' lang='lat' dir='ltr'><strong>Sed</strong></span> <span class='ocrx_word' id='word_1_534' title='bbox 827 3155 854 3208; x_wconf 91' lang='lat' dir='ltr'><strong>in</strong></span> <span class='ocrx_word' id='word_1_535' title='bbox 908 3157 1017 3205; x_wconf 91' lang='lat' dir='ltr'><strong>sanctus</strong></span> <span class='ocrx_word' id='word_1_536' title='bbox 1032 3150 1075 3206; x_wconf 88' lang='lat' dir='ltr'><strong>vel</strong></span> <span class='ocrx_word' id='word_1_537' title='bbox 1097 3151 1175 3208; x_wconf 91' lang='lat' dir='ltr'><strong>ratio.</strong></span> <span class='ocrx_word' id='word_1_538' title='bbox 1200 3152 1351 3220; x_wconf 80' lang='lat' dir='ltr'><strong>Damnavit,</strong></span> <span class='ocrx_word' id='word_1_539' title='bbox 1372 3154 1443 3223; x_wconf 90' lang='lat' dir='ltr'><strong>dico,</strong></span> <span class='ocrx_word' id='word_1_540' title='bbox 1460 3165 1612 3227; x_wconf 87' lang='lat' dir='ltr'><strong>peccatum,</strong></span> <span class='ocrx_word' id='word_1_541' title='bbox 1629 3159 1703 3230; x_wconf 90' lang='lat' dir='ltr'><strong>quod</strong></span> 
     </span>
     <span class='ocr_line' id='line_1_36' title="bbox 60 3237 1697 3321; baseline 0.005 -26"><span class='ocrx_word' id='word_1_542' title='bbox 60 3241 133 3295; x_wconf 86' lang='lat' dir='ltr'><strong>·his</strong></span> <span class='ocrx_word' id='word_1_543' title='bbox 155 3241 281 3297; x_wconf 89' lang='lat' dir='ltr'><strong>omnibus</strong></span> <span class='ocrx_word' id='word_1_544' title='bbox 301 3258 462 3315; x_wconf 87' lang='lat' dir='ltr'><strong>superamus</strong></span> <span class='ocrx_word' id='word_1_545' title='bbox 484 3251 597 3315; x_wconf 91' lang='lat' dir='ltr'><strong>propter</strong></span> <span class='ocrx_word' id='word_1_546' title='bbox 616 3259 677 3299; x_wconf 92' lang='lat' dir='ltr'><strong>eum</strong></span> <span class='ocrx_word' id='word_1_547' title='bbox 700 3244 746 3316; x_wconf 88' lang='lat' dir='ltr'><strong>qui</strong></span> <span class='ocrx_word' id='word_1_548' title='bbox 764 3242 857 3298; x_wconf 88' lang='lat' dir='ltr'><strong>dilexit</strong></span> <span class='ocrx_word' id='word_1_549' title='bbox 908 3237 1011 3294; x_wconf 88' lang='lat' dir='ltr'><strong>scilicet</strong></span> <span class='ocrx_word' id='word_1_550' title='bbox 1033 3238 1165 3295; x_wconf 90' lang='lat' dir='ltr'><strong>damnare</strong></span> <span class='ocrx_word' id='word_1_551' title='bbox 1187 3249 1329 3311; x_wconf 87' lang='lat' dir='ltr'><strong>peccatum</strong></span> <span class='ocrx_word' id='word_1_552' title='bbox 1351 3242 1520 3314; x_wconf 90' lang='lat' dir='ltr'><strong>impossibile</strong></span> <span class='ocrx_word' id='word_1_553' title='bbox 1548 3254 1606 3301; x_wconf 91' lang='lat' dir='ltr'><strong>erat</strong></span> <span class='ocrx_word' id='word_1_554' title='bbox 1628 3247 1697 3321; x_wconf 88' lang='lat' dir='ltr'><strong>legi.</strong></span> 
     </span>
     <span class='ocr_line' id='line_1_37' title="bbox 61 3326 1699 3409; baseline 0.011 -34"><span class='ocrx_word' id='word_1_555' title='bbox 61 3353 73 3375; x_wconf 61' lang='lat' dir='ltr'><strong>a</strong></span> <span class='ocrx_word' id='word_1_556' title='bbox 91 3344 154 3385; x_wconf 75' lang='lat' dir='ltr'><strong>nos,</strong></span> <span class='ocrx_word' id='word_1_557' title='bbox 170 3327 267 3385; x_wconf 76' lang='lat' dir='ltr'><strong>cerrus</strong></span> <span class='ocrx_word' id='word_1_558' title='bbox 288 3346 348 3385; x_wconf 84' lang='lat' dir='ltr'><strong>sum</strong></span> <span class='ocrx_word' id='word_1_559' title='bbox 372 3330 445 3386; x_wconf 73' lang='lat' dir='ltr'><strong>enim</strong></span> <span class='ocrx_word' id='word_1_560' title='bbox 473 3331 536 3404; x_wconf 75' lang='lat' dir='ltr'><strong>quia</strong></span> <span class='ocrx_word' id='word_1_561' title='bbox 558 3347 647 3403; x_wconf 77' lang='lat' dir='ltr'><strong>neque</strong></span> <span class='ocrx_word' id='word_1_562' title='bbox 660 3346 744 3401; x_wconf 75' lang='lat' dir='ltr'><strong>mors,</strong></span> <span class='ocrx_word' id='word_1_563' title='bbox 769 3346 856 3403; x_wconf 79' lang='lat' dir='ltr'><strong>neque</strong></span> <span class='ocrx_word' id='word_1_564' title='bbox 907 3327 961 3381; x_wconf 80' lang='lat' dir='ltr'><strong>Lex</strong></span> <span class='ocrx_word' id='word_1_565' title='bbox 976 3326 1049 3382; x_wconf 88' lang='lat' dir='ltr'><strong>enim</strong></span> <span class='ocrx_word' id='word_1_566' title='bbox 1062 3327 1196 3398; x_wconf 89' lang='lat' dir='ltr'><strong>impotens</strong></span> <span class='ocrx_word' id='word_1_567' title='bbox 1212 3338 1269 3384; x_wconf 90' lang='lat' dir='ltr'><strong>erat</strong></span> <span class='ocrx_word' id='word_1_568' title='bbox 1283 3330 1399 3388; x_wconf 89' lang='lat' dir='ltr'><strong>liberare</strong></span> <span class='ocrx_word' id='word_1_569' title='bbox 1407 3333 1441 3387; x_wconf 91' lang='lat' dir='ltr'><strong>ab</strong></span> <span class='ocrx_word' id='word_1_570' title='bbox 1451 3333 1586 3406; x_wconf 85' lang='lat' dir='ltr'><strong>originali,</strong></span> <span class='ocrx_word' id='word_1_571' title='bbox 1598 3335 1625 3390; x_wconf 93' lang='lat' dir='ltr'><strong>in</strong></span> <span class='ocrx_word' id='word_1_572' title='bbox 1636 3353 1699 3409; x_wconf 85' lang='lat' dir='ltr'><strong>quo,</strong></span> 
     </span>
     <span class='ocr_line' id='line_1_38' title="bbox 62 3414 1699 3491; baseline 0.01 -27"><span class='ocrx_word' id='word_1_573' title='bbox 62 3441 74 3464; x_wconf 68' lang='grc' dir='ltr'><strong>ι</strong></span> <span class='ocrx_word' id='word_1_574' title='bbox 93 3417 161 3483; x_wconf 73' lang='lat' dir='ltr'><strong>vira,</strong></span> <span class='ocrx_word' id='word_1_575' title='bbox 176 3433 265 3490; x_wconf 82' lang='lat' dir='ltr'><strong>neque</strong></span> <span class='ocrx_word' id='word_1_576' title='bbox 280 3418 382 3491; x_wconf 82' lang='lat' dir='ltr'><strong>angeli,</strong></span> <span class='ocrx_word' id='word_1_577' title='bbox 398 3435 487 3490; x_wconf 87' lang='lat' dir='ltr'><strong>neque</strong></span> <span class='ocrx_word' id='word_1_578' title='bbox 502 3419 681 3490; x_wconf 88' lang='lat' dir='ltr'><strong>principatus,</strong></span> <span class='ocrx_word' id='word_1_579' title='bbox 697 3435 786 3491; x_wconf 89' lang='lat' dir='ltr'><strong>neque</strong></span> <span class='ocrx_word' id='word_1_580' title='bbox 801 3419 856 3475; x_wconf 80' lang='lat' dir='ltr'><strong>uir·</strong></span> <span class='ocrx_word' id='word_1_581' title='bbox 907 3414 933 3468; x_wconf 92' lang='lat' dir='ltr'><strong>id</strong></span> <span class='ocrx_word' id='word_1_582' title='bbox 949 3424 990 3469; x_wconf 89' lang='lat' dir='ltr'><strong>est</strong></span> <span class='ocrx_word' id='word_1_583' title='bbox 1018 3415 1046 3469; x_wconf 95' lang='lat' dir='ltr'><strong>in</strong></span> <span class='ocrx_word' id='word_1_584' title='bbox 1061 3415 1199 3486; x_wconf 87' lang='lat' dir='ltr'><strong>implenda</strong></span> <span class='ocrx_word' id='word_1_585' title='bbox 1219 3417 1422 3489; x_wconf 87' lang='lat' dir='ltr'><strong>justificatione,</strong></span> <span class='ocrx_word' id='word_1_586' title='bbox 1443 3420 1486 3476; x_wconf 86' lang='lat' dir='ltr'><strong>lex</strong></span> <span class='ocrx_word' id='word_1_587' title='bbox 1509 3421 1699 3481; x_wconf 81' lang='lat' dir='ltr'><strong>infirmabatur</strong></span> 
     </span>
     <span class='ocr_line' id='line_1_39' title="bbox 61 3503 1696 3580; baseline 0.009 -27"><span class='ocrx_word' id='word_1_588' title='bbox 61 3529 73 3552; x_wconf 69' lang='grc' dir='ltr'><strong>ι</strong></span> <span class='ocrx_word' id='word_1_589' title='bbox 93 3513 175 3574; x_wconf 85' lang='grc' dir='ltr'><strong>ιυιεε,</strong></span> <span class='ocrx_word' id='word_1_590' title='bbox 192 3522 281 3578; x_wconf 86' lang='lat' dir='ltr'><strong>neque</strong></span> <span class='ocrx_word' id='word_1_591' title='bbox 302 3506 439 3574; x_wconf 91' lang='lat' dir='ltr'><strong>instantia,</strong></span> <span class='ocrx_word' id='word_1_592' title='bbox 464 3524 552 3579; x_wconf 85' lang='lat' dir='ltr'><strong>neque</strong></span> <span class='ocrx_word' id='word_1_593' title='bbox 575 3507 676 3573; x_wconf 87' lang='lat' dir='ltr'><strong>futura,</strong></span> <span class='ocrx_word' id='word_1_594' title='bbox 692 3523 780 3580; x_wconf 85' lang='lat' dir='ltr'><strong>neque</strong></span> <span class='ocrx_word' id='word_1_595' title='bbox 802 3507 856 3563; x_wconf 88' lang='lat' dir='ltr'><strong>for·</strong></span> <span class='ocrx_word' id='word_1_596' title='bbox 906 3518 1091 3573; x_wconf 82' lang='lat' dir='ltr'><strong>peromnem,</strong></span> <span class='ocrx_word' id='word_1_597' title='bbox 1113 3503 1140 3558; x_wconf 91' lang='lat' dir='ltr'><strong>id</strong></span> <span class='ocrx_word' id='word_1_598' title='bbox 1168 3511 1209 3558; x_wconf 90' lang='lat' dir='ltr'><strong>est</strong></span> <span class='ocrx_word' id='word_1_599' title='bbox 1232 3504 1294 3577; x_wconf 88' lang='lat' dir='ltr'><strong>quia</strong></span> <span class='ocrx_word' id='word_1_600' title='bbox 1317 3508 1504 3564; x_wconf 90' lang='lat' dir='ltr'><strong>carnalitatem</strong></span> <span class='ocrx_word' id='word_1_601' title='bbox 1526 3512 1696 3569; x_wconf 87' lang='lat' dir='ltr'><strong>sectabatur.</strong></span> 
     </span>
     <span class='ocr_line' id='line_1_40' title="bbox 61 3590 1699 3668; baseline 0.005 -20"><span class='ocrx_word' id='word_1_602' title='bbox 61 3614 73 3643; x_wconf 79' lang='grc' dir='ltr'><strong>ι</strong></span> <span class='ocrx_word' id='word_1_603' title='bbox 93 3593 191 3660; x_wconf 89' lang='lat' dir='ltr'><strong>titudo,</strong></span> <span class='ocrx_word' id='word_1_604' title='bbox 208 3609 297 3665; x_wconf 88' lang='lat' dir='ltr'><strong>neque</strong></span> <span class='ocrx_word' id='word_1_605' title='bbox 310 3594 432 3663; x_wconf 90' lang='lat' dir='ltr'><strong>altitudo,</strong></span> <span class='ocrx_word' id='word_1_606' title='bbox 456 3598 550 3668; x_wconf 83' lang='lat' dir='ltr'><strong>neque&#39;</strong></span> <span class='ocrx_word' id='word_1_607' title='bbox 568 3596 742 3668; x_wconf 90' lang='lat' dir='ltr'><strong>profundum,</strong></span> <span class='ocrx_word' id='word_1_608' title='bbox 768 3612 857 3668; x_wconf 85' lang='lat' dir='ltr'><strong>neque</strong></span> <span class='ocrx_word' id='word_1_609' title='bbox 907 3590 1699 3668; x_wconf 86' lang='lat' dir='ltr'><strong>Verejustifrcationonimpletur,iisquiambulantsecun-</strong></span> 
     </span>
     <span class='ocr_line' id='line_1_41' title="bbox 60 3679 1700 3756; baseline 0.007 -22"><span class='ocrx_word' id='word_1_610' title='bbox 60 3702 73 3731; x_wconf 79' lang='grc' dir='ltr'><strong>ι</strong></span> <span class='ocrx_word' id='word_1_611' title='bbox 91 3690 217 3737; x_wconf 88' lang='lat' dir='ltr'><strong>creatura</strong></span> <span class='ocrx_word' id='word_1_612' title='bbox 239 3682 294 3737; x_wconf 90' lang='lat' dir='ltr'><strong>alia</strong></span> <span class='ocrx_word' id='word_1_613' title='bbox 308 3682 421 3756; x_wconf 81' lang='lat' dir='ltr'><strong>[aliqua]</strong></span> <span class='ocrx_word' id='word_1_614' title='bbox 435 3685 534 3754; x_wconf 91' lang='lat' dir='ltr'><strong>poterit</strong></span> <span class='ocrx_word' id='word_1_615' title='bbox 554 3700 604 3740; x_wconf 88' lang='lat' dir='ltr'><strong>nos</strong></span> <span class='ocrx_word' id='word_1_616' title='bbox 619 3700 743 3756; x_wconf 85' lang='lat' dir='ltr'><strong>separare</strong></span> <span class='ocrx_word' id='word_1_617' title='bbox 758 3700 773 3738; x_wconf 90' lang='lat' dir='ltr'><strong>a</strong></span> <span class='ocrx_word' id='word_1_618' title='bbox 788 3686 856 3741; x_wconf 89' lang='lat' dir='ltr'><strong>cha·</strong></span> <span class='ocrx_word' id='word_1_619' title='bbox 906 3679 972 3734; x_wconf 91' lang='lat' dir='ltr'><strong>dum</strong></span> <span class='ocrx_word' id='word_1_620' title='bbox 983 3695 1109 3746; x_wconf 89' lang='lat' dir='ltr'><strong>carnem;</strong></span> <span class='ocrx_word' id='word_1_621' title='bbox 1121 3698 1190 3737; x_wconf 84' lang='lat' dir='ltr'><strong>nam</strong></span> <span class='ocrx_word' id='word_1_622' title='bbox 1200 3681 1217 3736; x_wconf 92' lang='lat' dir='ltr'><strong>ii</strong></span> <span class='ocrx_word' id='word_1_623' title='bbox 1228 3684 1422 3755; x_wconf 83' lang='lat' dir='ltr'><strong>qaisectantur</strong></span> <span class='ocrx_word' id='word_1_624' title='bbox 1431 3689 1645 3756; x_wconf 83' lang='lat' dir='ltr'><strong>carnalitatem,</strong></span> <span class='ocrx_word' id='word_1_625' title='bbox 1656 3706 1700 3744; x_wconf 88' lang='lat' dir='ltr'><strong>sa·</strong></span> 
     </span>
     <span class='ocr_line' id='line_1_42' title="bbox 61 3767 1700 3850; baseline 0.01 -32"><span class='ocrx_word' id='word_1_626' title='bbox 61 3792 72 3818; x_wconf 64' lang='lat' dir='ltr'><strong>a</strong></span> <span class='ocrx_word' id='word_1_627' title='bbox 90 3770 170 3827; x_wconf 88' lang='lat' dir='ltr'><strong>ritate</strong></span> <span class='ocrx_word' id='word_1_628' title='bbox 186 3771 247 3837; x_wconf 89' lang='lat' dir='ltr'><strong>Dei,</strong></span> <span class='ocrx_word' id='word_1_629' title='bbox 262 3787 323 3842; x_wconf 87' lang='lat' dir='ltr'><strong>quae</strong></span> <span class='ocrx_word' id='word_1_630' title='bbox 337 3779 379 3827; x_wconf 92' lang='lat' dir='ltr'><strong>est</strong></span> <span class='ocrx_word' id='word_1_631' title='bbox 393 3771 537 3828; x_wconf 76' lang='lat' dir='ltr'><strong>inchristo</strong></span> <span class='ocrx_word' id='word_1_632' title='bbox 550 3774 615 3829; x_wconf 80' lang='lat' dir='ltr'><strong>lesu</strong></span> <span class='ocrx_word' id='word_1_633' title='bbox 623 3773 739 3830; x_wconf 91' lang='lat' dir='ltr'><strong>Domino</strong></span> <span class='ocrx_word' id='word_1_634' title='bbox 750 3780 854 3829; x_wconf 90' lang='lat' dir='ltr'><strong>nostro.</strong></span> <span class='ocrx_word' id='word_1_635' title='bbox 906 3767 1700 3850; x_wconf 73' lang='lat' dir='ltr'><strong>piant,idestsaporembonumcapiuntinhisaaaecarais</strong></span> 
     </span>
     <span class='ocr_line' id='line_1_43' title="bbox 905 3857 1699 3940; baseline 0.016 -30"><span class='ocrx_word' id='word_1_636' title='bbox 905 3857 1699 3940; x_wconf 80' lang='lat' dir='ltr'><strong>raat.hmod0insequentibuslongecommendabitlegem</strong></span> 
     </span>
    </p>

    <p class='ocr_par' dir='ltr' id='par_1_3' title="bbox 372 3944 1693 4022">
     <span class='ocr_line' id='line_1_44' title="bbox 372 3944 1693 4022; baseline 0.011 -24"><span class='ocrx_word' id='word_1_637' title='bbox 372 3964 530 4007; x_wconf 67' lang='lat' dir='ltr'><strong>ramosum,</strong></span> <span class='ocrx_word' id='word_1_638' title='bbox 906 3944 1071 4015; x_wconf 89' lang='lat' dir='ltr'><strong>spiritualem</strong></span> <span class='ocrx_word' id='word_1_639' title='bbox 1085 3962 1135 4017; x_wconf 88' lang='lat' dir='ltr'><strong>per</strong></span> <span class='ocrx_word' id='word_1_640' title='bbox 1155 3949 1319 4018; x_wconf 84' lang='lat' dir='ltr'><strong>oppositum,</strong></span> <span class='ocrx_word' id='word_1_641' title='bbox 1344 3951 1523 4022; x_wconf 90' lang='lat' dir='ltr'><strong>deprimendo</strong></span> <span class='ocrx_word' id='word_1_642' title='bbox 1539 3955 1693 4012; x_wconf 85' lang='lat' dir='ltr'><strong>carnalem.</strong></span> 
     </span>
    </p>
   </div>
   <div class='ocr_carea' id='block_1_3' title="bbox 93 4031 1700 4202">
    <p class='ocr_par' dir='ltr' id='par_1_4' title="bbox 93 4031 1700 4202">
     <span class='ocr_line' id='line_1_45' title="bbox 942 4031 1700 4115; baseline 0.017 -28"><span class='ocrx_word' id='word_1_643' title='bbox 942 4031 1012 4101; x_wconf 86' lang='lat' dir='ltr'><strong>Quid</strong></span> <span class='ocrx_word' id='word_1_644' title='bbox 1025 4032 1089 4089; x_wconf 92' lang='lat' dir='ltr'><strong>inde</strong></span> <span class='ocrx_word' id='word_1_645' title='bbox 1103 4035 1205 4091; x_wconf 91' lang='lat' dir='ltr'><strong>diceret</strong></span> <span class='ocrx_word' id='word_1_646' title='bbox 1213 4037 1311 4109; x_wconf 88' lang='lat' dir='ltr'><strong>aliquis</strong></span> <span class='ocrx_word' id='word_1_647' title='bbox 1325 4038 1348 4093; x_wconf 93' lang='lat' dir='ltr'><strong>si</strong></span> <span class='ocrx_word' id='word_1_648' title='bbox 1359 4040 1465 4112; x_wconf 87' lang='lat' dir='ltr'><strong>sapiunt</strong></span> <span class='ocrx_word' id='word_1_649' title='bbox 1479 4058 1510 4097; x_wconf 88' lang='lat' dir='ltr'><strong>ea</strong></span> <span class='ocrx_word' id='word_1_650' title='bbox 1526 4060 1586 4115; x_wconf 87' lang='lat' dir='ltr'><strong>quae</strong></span> <span class='ocrx_word' id='word_1_651' title='bbox 1608 4044 1700 4101; x_wconf 89' lang='lat' dir='ltr'><strong>carnis</strong></span> 
     </span>
     <span class='ocr_line' id='line_1_46' title="bbox 93 4106 1698 4202; baseline 0.018 -40"><span class='ocrx_word' id='word_1_652' title='bbox 93 4106 324 4181; x_wconf 88' lang='lat' dir='ltr'><strong>Quandoquidem</strong></span> <span class='ocrx_word' id='word_1_653' title='bbox 344 4116 435 4165; x_wconf 90' lang='lat' dir='ltr'><strong>mente</strong></span> <span class='ocrx_word' id='word_1_654' title='bbox 457 4109 560 4165; x_wconf 76' lang='lat' dir='ltr'><strong>seruire</strong></span> <span class='ocrx_word' id='word_1_655' title='bbox 583 4125 695 4182; x_wconf 89' lang='lat' dir='ltr'><strong>possum</strong></span> <span class='ocrx_word' id='word_1_656' title='bbox 716 4110 779 4184; x_wconf 88' lang='lat' dir='ltr'><strong>lege</strong></span> <span class='ocrx_word' id='word_1_657' title='bbox 793 4110 853 4178; x_wconf 88' lang='lat' dir='ltr'><strong>Dei,</strong></span> <span class='ocrx_word' id='word_1_658' title='bbox 906 4122 990 4176; x_wconf 75' lang='lat' dir='ltr'><strong>sunt?</strong></span> <span class='ocrx_word' id='word_1_659' title='bbox 1004 4121 1106 4177; x_wconf 84' lang='lat' dir='ltr'><strong>Malum</strong></span> <span class='ocrx_word' id='word_1_660' title='bbox 1120 4124 1212 4196; x_wconf 91' lang='lat' dir='ltr'><strong>utique</strong></span> <span class='ocrx_word' id='word_1_661' title='bbox 1227 4127 1339 4182; x_wconf 90' lang='lat' dir='ltr'><strong>multum</strong></span> <span class='ocrx_word' id='word_1_662' title='bbox 1354 4136 1396 4183; x_wconf 89' lang='grc' dir='ltr'><strong>εει</strong></span> <span class='ocrx_word' id='word_1_663' title='bbox 1409 4131 1550 4187; x_wconf 73' lang='lat' dir='ltr'><strong>baedam</strong></span> <span class='ocrx_word' id='word_1_664' title='bbox 1572 4132 1698 4202; x_wconf 71' lang='lat' dir='ltr'><strong>amaea-</strong></span> 
     </span>
    </p>
   </div>
   <div class='ocr_carea' id='block_1_4' title="bbox 54 4197 1716 5524">
    <p class='ocr_par' dir='ltr' id='par_1_5' title="bbox 54 4197 1716 5524">
     <span class='ocr_line' id='line_1_47' title="bbox 58 4197 1698 4290; baseline 0.018 -42"><span class='ocrx_word' id='word_1_665' title='bbox 58 4198 132 4269; x_wconf 76' lang='lat' dir='ltr'><strong>Erpo</strong></span> <span class='ocrx_word' id='word_1_666' title='bbox 146 4214 225 4253; x_wconf 80' lang='lat' dir='ltr'><strong>nanc</strong></span> <span class='ocrx_word' id='word_1_667' title='bbox 236 4197 396 4269; x_wconf 88' lang='lat' dir='ltr'><strong>intempore</strong></span> <span class='ocrx_word' id='word_1_668' title='bbox 411 4198 507 4272; x_wconf 84' lang='lat' dir='ltr'><strong>gratiae</strong></span> <span class='ocrx_word' id='word_1_669' title='bbox 521 4199 597 4255; x_wconf 82' lang='lat' dir='ltr'><strong>nibil</strong></span> <span class='ocrx_word' id='word_1_670' title='bbox 610 4199 803 4256; x_wconf 77' lang='lat' dir='ltr'><strong>damnationis</strong></span> <span class='ocrx_word' id='word_1_671' title='bbox 815 4217 856 4256; x_wconf 69' lang='lat' dir='ltr'><strong>ro</strong></span> <span class='ocrx_word' id='word_1_672' title='bbox 906 4210 947 4265; x_wconf 89' lang='lat' dir='ltr'><strong>tio</strong></span> <span class='ocrx_word' id='word_1_673' title='bbox 962 4211 1057 4266; x_wconf 82' lang='lat' dir='ltr'><strong>corais</strong></span> <span class='ocrx_word' id='word_1_674' title='bbox 1072 4215 1114 4267; x_wconf 86' lang='lat' dir='ltr'><strong>est</strong></span> <span class='ocrx_word' id='word_1_675' title='bbox 1129 4228 1213 4280; x_wconf 82' lang='lat' dir='ltr'><strong>mors,</strong></span> <span class='ocrx_word' id='word_1_676' title='bbox 1226 4214 1253 4269; x_wconf 92' lang='lat' dir='ltr'><strong>id</strong></span> <span class='ocrx_word' id='word_1_677' title='bbox 1268 4222 1310 4270; x_wconf 93' lang='lat' dir='ltr'><strong>est</strong></span> <span class='ocrx_word' id='word_1_678' title='bbox 1324 4232 1423 4273; x_wconf 86' lang='lat' dir='ltr'><strong>vocare</strong></span> <span class='ocrx_word' id='word_1_679' title='bbox 1434 4218 1467 4273; x_wconf 91' lang='lat' dir='ltr'><strong>iis</strong></span> <span class='ocrx_word' id='word_1_680' title='bbox 1482 4235 1544 4290; x_wconf 82' lang='lat' dir='ltr'><strong>quae</strong></span> <span class='ocrx_word' id='word_1_681' title='bbox 1558 4235 1621 4276; x_wconf 91' lang='lat' dir='ltr'><strong>caro</strong></span> <span class='ocrx_word' id='word_1_682' title='bbox 1635 4238 1698 4276; x_wconf 90' lang='lat' dir='ltr'><strong>sua·</strong></span> 
     </span>
     <span class='ocr_line' id='line_1_48' title="bbox 56 4284 1697 4380; baseline 0.015 -39"><span class='ocrx_word' id='word_1_683' title='bbox 56 4284 154 4341; x_wconf 85' lang='lat' dir='ltr'><strong>lictum</strong></span> <span class='ocrx_word' id='word_1_684' title='bbox 169 4293 211 4341; x_wconf 84' lang='lat' dir='ltr'><strong>est</strong></span> <span class='ocrx_word' id='word_1_685' title='bbox 226 4286 269 4341; x_wconf 80' lang='lat' dir='ltr'><strong>bit</strong></span> <span class='ocrx_word' id='word_1_686' title='bbox 283 4287 332 4359; x_wconf 79' lang='lat' dir='ltr'><strong>qni</strong></span> <span class='ocrx_word' id='word_1_687' title='bbox 353 4291 421 4343; x_wconf 77' lang='lat' dir='ltr'><strong>tunt</strong></span> <span class='ocrx_word' id='word_1_688' title='bbox 436 4289 467 4345; x_wconf 84' lang='lat' dir='ltr'><strong>t&#39;n</strong></span> <span class='ocrx_word' id='word_1_689' title='bbox 489 4287 599 4344; x_wconf 73' lang='lat' dir='ltr'><strong>Chri-tto</strong></span> <span class='ocrx_word' id='word_1_690' title='bbox 616 4290 691 4358; x_wconf 71' lang='lat' dir='ltr'><strong>loon,</strong></span> <span class='ocrx_word' id='word_1_691' title='bbox 709 4288 737 4343; x_wconf 79' lang='lat' dir='ltr'><strong>id</strong></span> <span class='ocrx_word' id='word_1_692' title='bbox 752 4298 794 4344; x_wconf 73' lang='lat' dir='ltr'><strong>est</strong></span> <span class='ocrx_word' id='word_1_693' title='bbox 809 4289 892 4361; x_wconf 75' lang='lat' dir='ltr'><strong>quiD</strong></span> <span class='ocrx_word' id='word_1_694' title='bbox 906 4298 961 4364; x_wconf 92' lang='lat' dir='ltr'><strong>det,</strong></span> <span class='ocrx_word' id='word_1_695' title='bbox 977 4314 1052 4354; x_wconf 89' lang='lat' dir='ltr'><strong>mors</strong></span> <span class='ocrx_word' id='word_1_696' title='bbox 1079 4300 1176 4357; x_wconf 77' lang='lat' dir='ltr'><strong>animae</strong></span> <span class='ocrx_word' id='word_1_697' title='bbox 1203 4311 1255 4358; x_wconf 89' lang='lat' dir='ltr'><strong>est.</strong></span> <span class='ocrx_word' id='word_1_698' title='bbox 1281 4304 1328 4359; x_wconf 83' lang='lat' dir='ltr'><strong>llis</strong></span> <span class='ocrx_word' id='word_1_699' title='bbox 1343 4305 1389 4377; x_wconf 88' lang='lat' dir='ltr'><strong>qui</strong></span> <span class='ocrx_word' id='word_1_700' title='bbox 1410 4315 1559 4378; x_wconf 89' lang='lat' dir='ltr'><strong>sequuntur</strong></span> <span class='ocrx_word' id='word_1_701' title='bbox 1573 4308 1697 4380; x_wconf 90' lang='lat' dir='ltr'><strong>spiritum</strong></span> 
     </span>
     <span class='ocr_line' id='line_1_49' title="bbox 56 4373 1696 4466; baseline 0.016 -38"><span class='ocrx_word' id='word_1_702' title='bbox 56 4374 84 4428; x_wconf 93' lang='lat' dir='ltr'><strong>iu</strong></span> <span class='ocrx_word' id='word_1_703' title='bbox 100 4373 155 4429; x_wconf 90' lang='lat' dir='ltr'><strong>frde</strong></span> <span class='ocrx_word' id='word_1_704' title='bbox 169 4373 267 4430; x_wconf 87' lang='lat' dir='ltr'><strong>Christi</strong></span> <span class='ocrx_word' id='word_1_705' title='bbox 291 4375 376 4430; x_wconf 89' lang='lat' dir='ltr'><strong>renati</strong></span> <span class='ocrx_word' id='word_1_706' title='bbox 400 4383 472 4431; x_wconf 90' lang='lat' dir='ltr'><strong>sunt.</strong></span> <span class='ocrx_word' id='word_1_707' title='bbox 501 4377 563 4432; x_wconf 90' lang='lat' dir='ltr'><strong>Non</strong></span> <span class='ocrx_word' id='word_1_708' title='bbox 590 4377 663 4449; x_wconf 90' lang='lat' dir='ltr'><strong>quod</strong></span> <span class='ocrx_word' id='word_1_709' title='bbox 690 4378 772 4434; x_wconf 92' lang='lat' dir='ltr'><strong>modo</strong></span> <span class='ocrx_word' id='word_1_710' title='bbox 792 4378 856 4434; x_wconf 93' lang='lat' dir='ltr'><strong>boni</strong></span> <span class='ocrx_word' id='word_1_711' title='bbox 905 4384 1062 4456; x_wconf 84' lang='lat' dir='ltr'><strong>implebitur</strong></span> <span class='ocrx_word' id='word_1_712' title='bbox 1072 4387 1227 4456; x_wconf 88' lang='lat' dir='ltr'><strong>justificatio</strong></span> <span class='ocrx_word' id='word_1_713' title='bbox 1239 4391 1318 4464; x_wconf 84' lang='lat' dir='ltr'><strong>legis.</strong></span> <span class='ocrx_word' id='word_1_714' title='bbox 1335 4392 1405 4448; x_wconf 91' lang='lat' dir='ltr'><strong>Nam</strong></span> <span class='ocrx_word' id='word_1_715' title='bbox 1416 4394 1460 4466; x_wconf 87' lang='lat' dir='ltr'><strong>qui</strong></span> <span class='ocrx_word' id='word_1_716' title='bbox 1471 4403 1533 4450; x_wconf 90' lang='lat' dir='ltr'><strong>sunt</strong></span> <span class='ocrx_word' id='word_1_717' title='bbox 1547 4399 1696 4454; x_wconf 89' lang='lat' dir='ltr'><strong>secundum</strong></span> 
     </span>
     <span class='ocr_line' id='line_1_50' title="bbox 60 4462 1697 4552; baseline 0.016 -36"><span class='ocrx_word' id='word_1_718' title='bbox 60 4463 124 4522; x_wconf 88' lang='lat' dir='ltr'><strong>sint.</strong></span> <span class='ocrx_word' id='word_1_719' title='bbox 142 4462 224 4518; x_wconf 91' lang='lat' dir='ltr'><strong>modo</strong></span> <span class='ocrx_word' id='word_1_720' title='bbox 238 4462 310 4519; x_wconf 88' lang='lat' dir='ltr'><strong>male</strong></span> <span class='ocrx_word' id='word_1_721' title='bbox 325 4463 433 4537; x_wconf 89' lang='lat' dir='ltr'><strong>agendo</strong></span> <span class='ocrx_word' id='word_1_722' title='bbox 453 4479 507 4520; x_wconf 92' lang='lat' dir='ltr'><strong>non</strong></span> <span class='ocrx_word' id='word_1_723' title='bbox 524 4464 587 4532; x_wconf 91' lang='lat' dir='ltr'><strong>sint,</strong></span> <span class='ocrx_word' id='word_1_724' title='bbox 604 4466 653 4520; x_wconf 92' lang='lat' dir='ltr'><strong>sed</strong></span> <span class='ocrx_word' id='word_1_725' title='bbox 669 4466 732 4537; x_wconf 89' lang='lat' dir='ltr'><strong>quia</strong></span> <span class='ocrx_word' id='word_1_726' title='bbox 747 4466 856 4521; x_wconf 87' lang='lat' dir='ltr'><strong>itasunt</strong></span> <span class='ocrx_word' id='word_1_727' title='bbox 905 4474 1045 4545; x_wconf 90' lang='lat' dir='ltr'><strong>Spiritum,</strong></span> <span class='ocrx_word' id='word_1_728' title='bbox 1071 4477 1200 4544; x_wconf 87' lang='lat' dir='ltr'><strong>sentiunt,</strong></span> <span class='ocrx_word' id='word_1_729' title='bbox 1224 4478 1251 4533; x_wconf 94' lang='lat' dir='ltr'><strong>id</strong></span> <span class='ocrx_word' id='word_1_730' title='bbox 1274 4489 1315 4535; x_wconf 93' lang='lat' dir='ltr'><strong>est</strong></span> <span class='ocrx_word' id='word_1_731' title='bbox 1338 4482 1447 4552; x_wconf 89' lang='lat' dir='ltr'><strong>sapiunt</strong></span> <span class='ocrx_word' id='word_1_732' title='bbox 1470 4491 1496 4538; x_wconf 95' lang='lat' dir='ltr'><strong>et</strong></span> <span class='ocrx_word' id='word_1_733' title='bbox 1510 4493 1649 4542; x_wconf 89' lang='lat' dir='ltr'><strong>sectantur</strong></span> <span class='ocrx_word' id='word_1_734' title='bbox 1663 4503 1697 4543; x_wconf 87' lang='lat' dir='ltr'><strong>aa</strong></span> 
     </span>
     <span class='ocr_line' id='line_1_51' title="bbox 60 4551 1698 4642; baseline 0.016 -38"><span class='ocrx_word' id='word_1_735' title='bbox 60 4551 89 4604; x_wconf 93' lang='lat' dir='ltr'><strong>in</strong></span> <span class='ocrx_word' id='word_1_736' title='bbox 104 4551 213 4606; x_wconf 86' lang='lat' dir='ltr'><strong>Christo</strong></span> <span class='ocrx_word' id='word_1_737' title='bbox 226 4552 301 4618; x_wconf 80' lang='lat' dir='ltr'><strong>lesu,</strong></span> <span class='ocrx_word' id='word_1_738' title='bbox 317 4553 388 4624; x_wconf 84' lang='lat' dir='ltr'><strong>qaod</strong></span> <span class='ocrx_word' id='word_1_739' title='bbox 397 4568 455 4608; x_wconf 84' lang='lat' dir='ltr'><strong>aon</strong></span> <span class='ocrx_word' id='word_1_740' title='bbox 469 4554 617 4609; x_wconf 80' lang='lat' dir='ltr'><strong>ambolant</strong></span> <span class='ocrx_word' id='word_1_741' title='bbox 627 4555 782 4610; x_wconf 85' lang='lat' dir='ltr'><strong>secandam</strong></span> <span class='ocrx_word' id='word_1_742' title='bbox 792 4572 855 4611; x_wconf 83' lang='lat' dir='ltr'><strong>aar·</strong></span> <span class='ocrx_word' id='word_1_743' title='bbox 905 4579 964 4635; x_wconf 77' lang='lat' dir='ltr'><strong>quae</strong></span> <span class='ocrx_word' id='word_1_744' title='bbox 989 4570 1050 4618; x_wconf 88' lang='lat' dir='ltr'><strong>sunt</strong></span> <span class='ocrx_word' id='word_1_745' title='bbox 1074 4564 1199 4636; x_wconf 88' lang='lat' dir='ltr'><strong>Spiritus.</strong></span> <span class='ocrx_word' id='word_1_746' title='bbox 1225 4567 1306 4624; x_wconf 77' lang='lat'><strong>46</strong></span> <span class='ocrx_word' id='word_1_747' title='bbox 1328 4570 1362 4624; x_wconf 84' lang='lat' dir='ltr'><strong>Et</strong></span> <span class='ocrx_word' id='word_1_748' title='bbox 1376 4571 1517 4642; x_wconf 89' lang='lat' dir='ltr'><strong>quidinde</strong></span> <span class='ocrx_word' id='word_1_749' title='bbox 1531 4573 1698 4630; x_wconf 90' lang='lat' dir='ltr'><strong>diceretali-</strong></span> 
     </span>
     <span class='ocr_line' id='line_1_52' title="bbox 56 4638 1716 4734; baseline 0.017 -41"><span class='ocrx_word' id='word_1_750' title='bbox 56 4656 134 4704; x_wconf 81' lang='lat' dir='ltr'><strong>aem,</strong></span> <span class='ocrx_word' id='word_1_751' title='bbox 149 4638 177 4694; x_wconf 92' lang='lat' dir='ltr'><strong>id</strong></span> <span class='ocrx_word' id='word_1_752' title='bbox 192 4648 233 4694; x_wconf 92' lang='lat' dir='ltr'><strong>est</strong></span> <span class='ocrx_word' id='word_1_753' title='bbox 247 4656 302 4695; x_wconf 92' lang='lat' dir='ltr'><strong>non</strong></span> <span class='ocrx_word' id='word_1_754' title='bbox 317 4640 486 4697; x_wconf 88' lang='lat' dir='ltr'><strong>delectantur</strong></span> <span class='ocrx_word' id='word_1_755' title='bbox 499 4641 527 4696; x_wconf 89' lang='lat' dir='ltr'><strong>in</strong></span> <span class='ocrx_word' id='word_1_756' title='bbox 541 4641 630 4709; x_wconf 89' lang='lat' dir='ltr'><strong>malis,</strong></span> <span class='ocrx_word' id='word_1_757' title='bbox 647 4643 775 4699; x_wconf 89' lang='lat' dir='ltr'><strong>sectando</strong></span> <span class='ocrx_word' id='word_1_758' title='bbox 790 4659 855 4699; x_wconf 87' lang='lat' dir='ltr'><strong>aar·</strong></span> <span class='ocrx_word' id='word_1_759' title='bbox 905 4651 992 4722; x_wconf 75' lang='lat' dir='ltr'><strong>quis?</strong></span> <span class='ocrx_word' id='word_1_760' title='bbox 1007 4653 1119 4708; x_wconf 86' lang='lat' dir='ltr'><strong>Multum</strong></span> <span class='ocrx_word' id='word_1_761' title='bbox 1133 4654 1269 4726; x_wconf 89' lang='lat' dir='ltr'><strong>equidem.</strong></span> <span class='ocrx_word' id='word_1_762' title='bbox 1281 4657 1352 4713; x_wconf 91' lang='lat' dir='ltr'><strong>Nam</strong></span> <span class='ocrx_word' id='word_1_763' title='bbox 1365 4660 1519 4730; x_wconf 83' lang='lat' dir='ltr'><strong>prodentia</strong></span> <span class='ocrx_word' id='word_1_764' title='bbox 1533 4665 1563 4717; x_wconf 86' lang='lat' dir='ltr'><strong>et</strong></span> <span class='ocrx_word' id='word_1_765' title='bbox 1578 4664 1696 4734; x_wconf 78' lang='lat' dir='ltr'><strong>spiritus</strong></span> <span class='ocrx_word' id='word_1_766' title='bbox 1710 4723 1716 4734; x_wconf 72' lang='grc'><strong><em>,</em></strong></span> 
     </span>
     <span class='ocr_line' id='line_1_53' title="bbox 56 4727 1696 4823; baseline 0.018 -43"><span class='ocrx_word' id='word_1_767' title='bbox 56 4727 207 4782; x_wconf 88' lang='lat' dir='ltr'><strong>nalitatem.</strong></span> <span class='ocrx_word' id='word_1_768' title='bbox 223 4728 370 4784; x_wconf 81' lang='lat' dir='ltr'><strong>Ambulare</strong></span> <span class='ocrx_word' id='word_1_769' title='bbox 384 4744 505 4803; x_wconf 89' lang='lat' dir='ltr'><strong>congrue</strong></span> <span class='ocrx_word' id='word_1_770' title='bbox 526 4731 658 4786; x_wconf 75' lang='lat' dir='ltr'><strong>removet.</strong></span> <span class='ocrx_word' id='word_1_771' title='bbox 684 4731 855 4802; x_wconf 87' lang='lat' dir='ltr'><strong>impossibile</strong></span> <span class='ocrx_word' id='word_1_772' title='bbox 904 4742 973 4809; x_wconf 86' lang='lat' dir='ltr'><strong>vita,</strong></span> <span class='ocrx_word' id='word_1_773' title='bbox 989 4739 1016 4794; x_wconf 93' lang='lat' dir='ltr'><strong>id</strong></span> <span class='ocrx_word' id='word_1_774' title='bbox 1032 4749 1072 4796; x_wconf 89' lang='lat' dir='ltr'><strong>est</strong></span> <span class='ocrx_word' id='word_1_775' title='bbox 1087 4741 1180 4800; x_wconf 87' lang='lat' dir='ltr'><strong>vivere</strong></span> <span class='ocrx_word' id='word_1_776' title='bbox 1194 4744 1239 4800; x_wconf 88' lang='lat' dir='ltr'><strong>hic</strong></span> <span class='ocrx_word' id='word_1_777' title='bbox 1262 4745 1290 4800; x_wconf 92' lang='lat' dir='ltr'><strong>in</strong></span> <span class='ocrx_word' id='word_1_778' title='bbox 1314 4746 1468 4816; x_wconf 85' lang='lat' dir='ltr'><strong>virtutibus,</strong></span> <span class='ocrx_word' id='word_1_779' title='bbox 1484 4753 1514 4805; x_wconf 86' lang='lat' dir='ltr'><strong>ct</strong></span> <span class='ocrx_word' id='word_1_780' title='bbox 1526 4757 1567 4806; x_wconf 91' lang='lat' dir='ltr'><strong>est</strong></span> <span class='ocrx_word' id='word_1_781' title='bbox 1580 4769 1652 4823; x_wconf 77' lang='lat' dir='ltr'><strong>parc,</strong></span> <span class='ocrx_word' id='word_1_782' title='bbox 1668 4753 1696 4809; x_wconf 92' lang='lat' dir='ltr'><strong>id</strong></span> 
     </span>
     <span class='ocr_line' id='line_1_54' title="bbox 59 4815 1693 4907; baseline 0.017 -38"><span class='ocrx_word' id='word_1_783' title='bbox 59 4815 134 4870; x_wconf 88' lang='lat' dir='ltr'><strong>enirn</strong></span> <span class='ocrx_word' id='word_1_784' title='bbox 162 4824 204 4870; x_wconf 90' lang='grc' dir='ltr'><strong>εει</strong></span> <span class='ocrx_word' id='word_1_785' title='bbox 233 4831 288 4872; x_wconf 94' lang='lat' dir='ltr'><strong>non</strong></span> <span class='ocrx_word' id='word_1_786' title='bbox 311 4816 427 4874; x_wconf 83' lang='lat' dir='ltr'><strong>invicem</strong></span> <span class='ocrx_word' id='word_1_787' title='bbox 451 4817 543 4874; x_wconf 89' lang='lat' dir='ltr'><strong>facere</strong></span> <span class='ocrx_word' id='word_1_788' title='bbox 570 4836 630 4892; x_wconf 85' lang='lat' dir='ltr'><strong>quae</strong></span> <span class='ocrx_word' id='word_1_789' title='bbox 659 4819 748 4876; x_wconf 89' lang='lat' dir='ltr'><strong>carnis</strong></span> <span class='ocrx_word' id='word_1_790' title='bbox 775 4828 850 4875; x_wconf 90' lang='lat' dir='ltr'><strong>sunt.</strong></span> <span class='ocrx_word' id='word_1_791' title='bbox 904 4836 944 4883; x_wconf 82' lang='lat' dir='ltr'><strong>est</strong></span> <span class='ocrx_word' id='word_1_792' title='bbox 973 4829 1149 4901; x_wconf 86' lang='lat' dir='ltr'><strong>tranquillitas</strong></span> <span class='ocrx_word' id='word_1_793' title='bbox 1176 4832 1268 4900; x_wconf 89' lang='lat' dir='ltr'><strong>animi,</strong></span> <span class='ocrx_word' id='word_1_794' title='bbox 1297 4843 1324 4890; x_wconf 93' lang='lat' dir='ltr'><strong>et</strong></span> <span class='ocrx_word' id='word_1_795' title='bbox 1352 4835 1429 4907; x_wconf 89' lang='lat' dir='ltr'><strong>quies</strong></span> <span class='ocrx_word' id='word_1_796' title='bbox 1457 4837 1693 4898; x_wconf 88' lang='lat' dir='ltr'><strong>atentationibus.</strong></span> 
     </span>
     <span class='ocr_line' id='line_1_55' title="bbox 58 4903 1697 5001; baseline 0.019 -43"><span class='ocrx_word' id='word_1_797' title='bbox 58 4903 206 4974; x_wconf 86' lang='lat' dir='ltr'><strong>Propterea</strong></span> <span class='ocrx_word' id='word_1_798' title='bbox 228 4921 282 4960; x_wconf 92' lang='lat' dir='ltr'><strong>non</strong></span> <span class='ocrx_word' id='word_1_799' title='bbox 301 4905 377 4972; x_wconf 87' lang='lat' dir='ltr'><strong>dixit,</strong></span> <span class='ocrx_word' id='word_1_800' title='bbox 407 4906 453 4978; x_wconf 90' lang='lat' dir='ltr'><strong>qui</strong></span> <span class='ocrx_word' id='word_1_801' title='bbox 476 4914 538 4962; x_wconf 92' lang='lat' dir='ltr'><strong>sunt</strong></span> <span class='ocrx_word' id='word_1_802' title='bbox 561 4907 710 4964; x_wconf 87' lang='lat' dir='ltr'><strong>secundum</strong></span> <span class='ocrx_word' id='word_1_803' title='bbox 733 4924 852 4976; x_wconf 88' lang='lat' dir='ltr'><strong>carnem,</strong></span> <span class='ocrx_word' id='word_1_804' title='bbox 902 4915 964 4970; x_wconf 90' lang='lat' dir='ltr'><strong>Non</strong></span> <span class='ocrx_word' id='word_1_805' title='bbox 979 4916 1161 4974; x_wconf 88' lang='lat' dir='ltr'><strong>enimomnes</strong></span> <span class='ocrx_word' id='word_1_806' title='bbox 1184 4921 1230 4992; x_wconf 91' lang='lat' dir='ltr'><strong>qui</strong></span> <span class='ocrx_word' id='word_1_807' title='bbox 1251 4922 1344 4979; x_wconf 80' lang='lat' dir='ltr'><strong>vivunt</strong></span> <span class='ocrx_word' id='word_1_808' title='bbox 1370 4924 1574 4994; x_wconf 83' lang='lat' dir='ltr'><strong>invirtutibus,</strong></span> <span class='ocrx_word' id='word_1_809' title='bbox 1598 4946 1697 5001; x_wconf 88' lang='lat' dir='ltr'><strong>pacem</strong></span> 
     </span>
     <span class='ocr_line' id='line_1_56' title="bbox 56 4991 1699 5088; baseline 0.019 -43"><span class='ocrx_word' id='word_1_810' title='bbox 56 4991 106 5046; x_wconf 85' lang='lat' dir='ltr'><strong>sed</strong></span> <span class='ocrx_word' id='word_1_811' title='bbox 123 4991 169 5063; x_wconf 92' lang='lat' dir='ltr'><strong>qui</strong></span> <span class='ocrx_word' id='word_1_812' title='bbox 183 4992 330 5060; x_wconf 90' lang='lat' dir='ltr'><strong>ambulant,</strong></span> <span class='ocrx_word' id='word_1_813' title='bbox 347 4993 375 5048; x_wconf 93' lang='lat' dir='ltr'><strong>id</strong></span> <span class='ocrx_word' id='word_1_814' title='bbox 390 4994 491 5066; x_wconf 88' lang='lat' dir='ltr'><strong>estqui</strong></span> <span class='ocrx_word' id='word_1_815' title='bbox 506 4995 540 5050; x_wconf 92' lang='lat' dir='ltr'><strong>de</strong></span> <span class='ocrx_word' id='word_1_816' title='bbox 555 4995 627 5052; x_wconf 85' lang='lat' dir='ltr'><strong>malo</strong></span> <span class='ocrx_word' id='word_1_817' title='bbox 642 5012 697 5053; x_wconf 92' lang='lat' dir='ltr'><strong>non</strong></span> <span class='ocrx_word' id='word_1_818' title='bbox 711 4997 853 5068; x_wconf 83' lang='lat' dir='ltr'><strong>poenitent,</strong></span> <span class='ocrx_word' id='word_1_819' title='bbox 903 5003 972 5060; x_wconf 87' lang='lat' dir='ltr'><strong>hanc</strong></span> <span class='ocrx_word' id='word_1_820' title='bbox 986 5005 1096 5075; x_wconf 86' lang='lat' dir='ltr'><strong>habent,</strong></span> <span class='ocrx_word' id='word_1_821' title='bbox 1113 5009 1162 5063; x_wconf 91' lang='lat' dir='ltr'><strong>sed</strong></span> <span class='ocrx_word' id='word_1_822' title='bbox 1187 5010 1333 5067; x_wconf 88' lang='lat' dir='ltr'><strong>admodum</strong></span> <span class='ocrx_word' id='word_1_823' title='bbox 1357 5014 1437 5085; x_wconf 92' lang='lat' dir='ltr'><strong>pauci</strong></span> <span class='ocrx_word' id='word_1_824' title='bbox 1454 5035 1461 5082; x_wconf 87' lang='lat'>;</span> <span class='ocrx_word' id='word_1_825' title='bbox 1477 5015 1539 5073; x_wconf 91' lang='lat' dir='ltr'><strong>ideo</strong></span> <span class='ocrx_word' id='word_1_826' title='bbox 1553 5020 1699 5088; x_wconf 86' lang='lat' dir='ltr'><strong>prudentia</strong></span> 
     </span>
     <span class='ocr_line' id='line_1_57' title="bbox 56 5079 1695 5173; baseline 0.02 -39"><span class='ocrx_word' id='word_1_827' title='bbox 56 5079 105 5135; x_wconf 86' lang='lat' dir='ltr'><strong>sed</strong></span> <span class='ocrx_word' id='word_1_828' title='bbox 121 5081 328 5137; x_wconf 87' lang='lat' dir='ltr'><strong>consuescendo</strong></span> <span class='ocrx_word' id='word_1_829' title='bbox 353 5081 522 5138; x_wconf 86' lang='lat' dir='ltr'><strong>delectantur</strong></span> <span class='ocrx_word' id='word_1_830' title='bbox 551 5083 579 5137; x_wconf 93' lang='lat' dir='ltr'><strong>in</strong></span> <span class='ocrx_word' id='word_1_831' title='bbox 607 5099 649 5140; x_wconf 89' lang='lat' dir='ltr'><strong>eo.</strong></span> <span class='ocrx_word' id='word_1_832' title='bbox 680 5084 752 5140; x_wconf 83' lang='lat' dir='ltr'><strong>Vero</strong></span> <span class='ocrx_word' id='word_1_833' title='bbox 779 5085 854 5141; x_wconf 83' lang='lat' dir='ltr'><strong>nihil</strong></span> <span class='ocrx_word' id='word_1_834' title='bbox 903 5091 1695 5173; x_wconf 76' lang='lat' dir='ltr'><strong>carnisetmors,qaoahtmsapiaatiacarmisestiaimica</strong></span> 
     </span>
     <span class='ocr_line' id='line_1_58' title="bbox 56 5169 1695 5267; baseline 0.019 -44"><span class='ocrx_word' id='word_1_835' title='bbox 56 5169 250 5226; x_wconf 86' lang='lat' dir='ltr'><strong>damnationis</strong></span> <span class='ocrx_word' id='word_1_836' title='bbox 260 5172 303 5226; x_wconf 84' lang='lat' dir='ltr'><strong>est</strong></span> <span class='ocrx_word' id='word_1_837' title='bbox 318 5170 361 5225; x_wconf 80' lang='lat' dir='ltr'><strong>fris</strong></span> <span class='ocrx_word' id='word_1_838' title='bbox 376 5172 424 5243; x_wconf 78' lang='lat' dir='ltr'><strong>qai</strong></span> <span class='ocrx_word' id='word_1_839' title='bbox 438 5174 507 5227; x_wconf 84' lang='lat' dir='ltr'><strong>snat</strong></span> <span class='ocrx_word' id='word_1_840' title='bbox 521 5174 551 5228; x_wconf 84' lang='lat' dir='ltr'><strong>ia</strong></span> <span class='ocrx_word' id='word_1_841' title='bbox 568 5171 677 5231; x_wconf 81' lang='lat' dir='ltr'><strong>Christo</strong></span> <span class='ocrx_word' id='word_1_842' title='bbox 692 5175 766 5230; x_wconf 78' lang='lat' dir='ltr'><strong>lesa.</strong></span> <span class='ocrx_word' id='word_1_843' title='bbox 783 5174 853 5229; x_wconf 86' lang='lat' dir='ltr'><strong>Nam</strong></span> <span class='ocrx_word' id='word_1_844' title='bbox 903 5180 966 5248; x_wconf 84' lang='lat' dir='ltr'><strong>Deo,</strong></span> <span class='ocrx_word' id='word_1_845' title='bbox 984 5183 1103 5250; x_wconf 85' lang='lat' dir='ltr'><strong>quandiu</strong></span> <span class='ocrx_word' id='word_1_846' title='bbox 1125 5183 1278 5242; x_wconf 89' lang='lat' dir='ltr'><strong>inimicatur</strong></span> <span class='ocrx_word' id='word_1_847' title='bbox 1297 5189 1364 5255; x_wconf 85' lang='lat' dir='ltr'><strong>Dea,</strong></span> <span class='ocrx_word' id='word_1_848' title='bbox 1391 5191 1484 5249; x_wconf 82' lang='lat' dir='ltr'><strong>vivere</strong></span> <span class='ocrx_word' id='word_1_849' title='bbox 1511 5196 1614 5267; x_wconf 86' lang='lat' dir='ltr'><strong>nequit.</strong></span> <span class='ocrx_word' id='word_1_850' title='bbox 1640 5197 1695 5253; x_wconf 90' lang='lat' dir='ltr'><strong>Sed</strong></span> 
     </span>
     <span class='ocr_line' id='line_1_59' title="bbox 58 5257 1696 5356; baseline 0.018 -44"><span class='ocrx_word' id='word_1_851' title='bbox 58 5257 252 5330; x_wconf 75' lang='lat' dir='ltr'><strong>lexspiritas,</strong></span> <span class='ocrx_word' id='word_1_852' title='bbox 268 5257 352 5313; x_wconf 90' lang='lat' dir='ltr'><strong>idest</strong></span> <span class='ocrx_word' id='word_1_853' title='bbox 375 5257 418 5314; x_wconf 87' lang='lat' dir='ltr'><strong>vel</strong></span> <span class='ocrx_word' id='word_1_854' title='bbox 439 5275 519 5331; x_wconf 87' lang='lat' dir='ltr'><strong>quam</strong></span> <span class='ocrx_word' id='word_1_855' title='bbox 540 5260 656 5331; x_wconf 91' lang='lat' dir='ltr'><strong>Spiritus</strong></span> <span class='ocrx_word' id='word_1_856' title='bbox 681 5269 788 5317; x_wconf 88' lang='lat' dir='ltr'><strong>sanctus</strong></span> <span class='ocrx_word' id='word_1_857' title='bbox 808 5262 852 5317; x_wconf 93' lang='lat' dir='ltr'><strong>di·</strong></span> <span class='ocrx_word' id='word_1_858' title='bbox 903 5266 950 5338; x_wconf 88' lang='lat' dir='ltr'><strong>qui</strong></span> <span class='ocrx_word' id='word_1_859' title='bbox 960 5268 1063 5324; x_wconf 84' lang='lat' dir='ltr'><strong>bonurn</strong></span> <span class='ocrx_word' id='word_1_860' title='bbox 1081 5273 1249 5330; x_wconf 87' lang='lat' dir='ltr'><strong>carnalitatis</strong></span> <span class='ocrx_word' id='word_1_861' title='bbox 1265 5293 1320 5333; x_wconf 70' lang='lat' dir='ltr'><strong>sure</strong></span> <span class='ocrx_word' id='word_1_862' title='bbox 1333 5278 1392 5334; x_wconf 88' lang='lat' dir='ltr'><strong>Deo</strong></span> <span class='ocrx_word' id='word_1_863' title='bbox 1414 5282 1557 5352; x_wconf 75' lang='lat' dir='ltr'><strong>praeponit,</strong></span> <span class='ocrx_word' id='word_1_864' title='bbox 1581 5300 1696 5356; x_wconf 85' lang='lat' dir='ltr'><strong>regnum</strong></span> 
     </span>
     <span class='ocr_line' id='line_1_60' title="bbox 55 5345 1695 5440; baseline 0.016 -39"><span class='ocrx_word' id='word_1_865' title='bbox 55 5351 121 5414; x_wconf 86' lang='lat' dir='ltr'><strong>atat,</strong></span> <span class='ocrx_word' id='word_1_866' title='bbox 137 5346 181 5402; x_wconf 83' lang='lat' dir='ltr'><strong>vel</strong></span> <span class='ocrx_word' id='word_1_867' title='bbox 196 5345 255 5418; x_wconf 91' lang='lat' dir='ltr'><strong>ipsa</strong></span> <span class='ocrx_word' id='word_1_868' title='bbox 271 5345 449 5415; x_wconf 88' lang='lat' dir='ltr'><strong>rationalitas,</strong></span> <span class='ocrx_word' id='word_1_869' title='bbox 466 5347 575 5419; x_wconf 90' lang='lat' dir='ltr'><strong>spiritus</strong></span> <span class='ocrx_word' id='word_1_870' title='bbox 588 5349 650 5405; x_wconf 91' lang='lat' dir='ltr'><strong>dico</strong></span> <span class='ocrx_word' id='word_1_871' title='bbox 661 5349 765 5406; x_wconf 90' lang='lat' dir='ltr'><strong>datoris</strong></span> <span class='ocrx_word' id='word_1_872' title='bbox 775 5352 850 5418; x_wconf 81' lang='lat' dir='ltr'><strong>vitae,</strong></span> <span class='ocrx_word' id='word_1_873' title='bbox 902 5355 952 5412; x_wconf 86' lang='lat' dir='ltr'><strong>Dei</strong></span> <span class='ocrx_word' id='word_1_874' title='bbox 967 5358 1149 5429; x_wconf 88' lang='lat' dir='ltr'><strong>(quantumin</strong></span> <span class='ocrx_word' id='word_1_875' title='bbox 1163 5378 1193 5418; x_wconf 89' lang='lat' dir='ltr'><strong>se</strong></span> <span class='ocrx_word' id='word_1_876' title='bbox 1216 5368 1268 5435; x_wconf 82' lang='lat' dir='ltr'><strong>est)</strong></span> <span class='ocrx_word' id='word_1_877' title='bbox 1293 5365 1426 5435; x_wconf 90' lang='lat' dir='ltr'><strong>diminuit,</strong></span> <span class='ocrx_word' id='word_1_878' title='bbox 1444 5369 1590 5440; x_wconf 84' lang='lat' dir='ltr'><strong>subjiciens</strong></span> <span class='ocrx_word' id='word_1_879' title='bbox 1604 5386 1634 5426; x_wconf 92' lang='lat' dir='ltr'><strong>se</strong></span> <span class='ocrx_word' id='word_1_880' title='bbox 1649 5388 1695 5428; x_wconf 92' lang='lat' dir='ltr'><strong>re-</strong></span> 
     </span>
     <span class='ocr_line' id='line_1_61' title="bbox 54 5432 1691 5524; baseline 0.019 -37"><span class='ocrx_word' id='word_1_881' title='bbox 54 5432 83 5488; x_wconf 89' lang='lat' dir='ltr'><strong>id</strong></span> <span class='ocrx_word' id='word_1_882' title='bbox 97 5433 200 5506; x_wconf 82' lang='lat' dir='ltr'><strong>estqui</strong></span> <span class='ocrx_word' id='word_1_883' title='bbox 214 5433 262 5491; x_wconf 92' lang='lat' dir='ltr'><strong>dat</strong></span> <span class='ocrx_word' id='word_1_884' title='bbox 276 5434 319 5491; x_wconf 91' lang='lat' dir='ltr'><strong>hic</strong></span> <span class='ocrx_word' id='word_1_885' title='bbox 344 5434 437 5492; x_wconf 84' lang='lat' dir='ltr'><strong>uivere</strong></span> <span class='ocrx_word' id='word_1_886' title='bbox 458 5435 486 5492; x_wconf 92' lang='lat' dir='ltr'><strong>in</strong></span> <span class='ocrx_word' id='word_1_887' title='bbox 507 5436 650 5494; x_wconf 87' lang='lat' dir='ltr'><strong>virtutibus</strong></span> <span class='ocrx_word' id='word_1_888' title='bbox 672 5438 745 5494; x_wconf 89' lang='lat' dir='ltr'><strong>unde</strong></span> <span class='ocrx_word' id='word_1_889' title='bbox 770 5438 852 5496; x_wconf 91' lang='lat' dir='ltr'><strong>etiam</strong></span> <span class='ocrx_word' id='word_1_890' title='bbox 901 5459 957 5514; x_wconf 82' lang='lat' dir='ltr'><strong>gno</strong></span> <span class='ocrx_word' id='word_1_891' title='bbox 971 5446 1070 5503; x_wconf 88' lang='lat' dir='ltr'><strong>carnis.</strong></span> <span class='ocrx_word' id='word_1_892' title='bbox 1087 5449 1158 5508; x_wconf 84' lang='lat' dir='ltr'><strong>Vere</strong></span> <span class='ocrx_word' id='word_1_893' title='bbox 1173 5452 1307 5524; x_wconf 88' lang='lat' dir='ltr'><strong>sapientia</strong></span> <span class='ocrx_word' id='word_1_894' title='bbox 1320 5456 1411 5513; x_wconf 88' lang='lat' dir='ltr'><strong>earnis</strong></span> <span class='ocrx_word' id='word_1_895' title='bbox 1429 5467 1471 5515; x_wconf 88' lang='lat' dir='ltr'><strong>est</strong></span> <span class='ocrx_word' id='word_1_896' title='bbox 1490 5456 1600 5514; x_wconf 88' lang='lat' dir='ltr'><strong>inimica</strong></span> <span class='ocrx_word' id='word_1_897' title='bbox 1618 5459 1691 5518; x_wconf 87' lang='lat' dir='ltr'><strong>Deo.</strong></span> 
     </span>
    </p>
   </div>
   <div class='ocr_carea' id='block_1_5' title="bbox 0 0 1876 5986">
    <p class='ocr_par' dir='ltr' id='par_1_6' title="bbox 0 0 1876 5986">
     <span class='ocr_line' id='line_1_62' title="bbox 0 0 1876 5986; baseline 0 2"><span class='ocrx_word' id='word_1_898' title='bbox 0 0 1876 5986; x_wconf 95' lang='lat' dir='ltr'><strong> </strong></span> 
     </span>
    </p>
   </div>
  </div>
 </body>
</html>
