3742 5986
58 121 89 174 ra
360 115 548 175 axrosrrro
572 116 610 172 m
627 95 817 173 aristonis
845 109 957 168 ruunt.
977 142 1012 153 -
1034 110 1071 167 nu
1096 110 1205 167 arrsr.
1236 111 1284 167 nn
1312 110 1398 168 nou.
1670 116 1705 173 rt

59 247 212 313 exspectat,
238 241 404 297 credendum
433 248 474 297 est
496 240 613 297 laturum
637 257 699 297 esse
721 238 794 313 quod
809 237 896 297 εει-Α
910 250 1010 307 corpus
1035 245 1157 292 nostrum
1180 235 1262 292 modo
1280 235 1388 310 fragile,
1418 236 1492 292 nulla
1515 247 1705 311 corrumpetur

59 338 176 401 spectat.
203 331 377 402 Exspectatio
401 337 550 401 exspectat,
572 329 753 402 frequentiam
776 335 857 383 notat.
909 325 1099 380 mutabilitate.
1116 326 1166 380 Per
1180 327 1231 380 hoc
1241 325 1313 397 quod
1321 325 1386 381 dicit
1396 331 1606 399 exspectantes,
1619 327 1710 384 innuit

59 419 221 474 creaturam
246 428 326 476 uocat
348 418 511 484 Ecclesiam,
536 435 600 474 nam
625 421 684 475 haec
707 418 860 489 specialiter
910 430 939 469 se
955 414 989 468 de
1010 413 1100 469 lutura
1121 414 1268 484 adoptione
1285 414 1367 486 loqui,
1393 431 1448 470 non
1472 415 1506 471 de
1523 417 1582 485 jam
1597 417 1702 473 habita.

57 516 184 563 creatura
213 508 263 563 Dei
286 516 338 574 εει,
364 523 442 579 quam
467 507 549 563 etiam
566 506 741 576 justificando
763 522 860 562 novam
909 505 977 559 Rem
992 502 1063 557 enim
1076 504 1132 573 jam
1154 502 1271 557 habitam
1290 518 1345 558 non
1360 512 1560 574 exspectamus.
1581 507 1704 563 Creden-

57 605 214 652 crcaturam
243 597 330 652 tecit:
356 605 383 651 et
407 597 471 668 quia
490 612 571 652 causa
585 596 645 665 ejus
669 597 739 651 bona
768 596 861 651 omnia
910 593 975 647 dum
1003 600 1044 648 est
1067 591 1149 647 etiam
1172 592 1309 647 Christum
1333 593 1515 663 assumpsisse
1528 594 1590 650 ideo
1605 610 1705 667 corpus

56 685 462 752 creatasunt,ideocreatura,
479 683 564 740 idest
582 684 707 740 Ecclesia
723 691 861 755 exspectat
910 697 970 736 cum
990 681 1094 758 anima,
1115 689 1143 734 ut
1166 689 1308 752 utrumque
1332 680 1461 736 liberaret
1485 699 1500 737 a
1515 684 1703 755 corruptione.

57 773 128 829 hanc
142 773 348 840 revelationem,
361 773 426 845 quia
437 774 562 844 subjecta
573 777 616 829 est
633 773 767 840 vanitati,
780 772 808 827 id
819 779 860 828 εει
910 772 979 825 Vere
990 778 1187 841 exspectamus,
1203 770 1267 842 quia
1281 786 1357 841 spem
1373 771 1515 827 habemus.
1533 773 1602 844 Spes
1616 783 1707 830 autem

58 861 180 916 miseriis
203 862 302 928 carnis,
325 879 386 933 quta
401 877 479 916 vanae
494 870 566 916 sunt.
583 862 611 916 Si
626 863 699 916 enirn
713 861 795 916 modo
810 877 860 917 co·
908 858 961 913 ista
975 874 1105 931 magnum
1127 858 1209 913 habet
1223 858 1357 925 meritum,
1379 876 1441 913 nam
1457 861 1548 916 salvos
1567 877 1617 917 nos
1631 862 1706 920 facit.

60 951 154 1015 medit,
180 959 243 1021 post
264 951 402 1006 modicum
427 950 524 1006 iterum
539 951 658 1018 esuriet;
674 951 698 1004 si
713 951 790 1018 bibit,
807 950 859 1005 ite·
911 947 991 1016 Quod
1006 947 1045 1002 sic
1060 947 1106 1013 ait,
1122 963 1179 1020 ape,
1196 947 1223 1001 id
1238 955 1279 1002 est
1293 948 1390 1003 merito
1406 949 1473 1019 spei,
1491 950 1554 1022 quia
1569 967 1628 1006 rem
1641 952 1707 1007 invi·

57 1055 116 1093 nrm
132 1039 213 1106 sitiet,
231 1046 256 1094 et
272 1039 311 1095 sic
324 1040 353 1093 in
372 1040 488 1095 caeteris.
506 1039 539 1094 Et
555 1039 619 1110 quia
635 1039 693 1095 haec
709 1039 801 1094 omnia
816 1039 859 1095 vi·
911 1035 1018 1091 sibilcm
1033 1043 1059 1090 et
1074 1037 1155 1091 etiam
1170 1036 1373 1107 incogitabilem
1383 1047 1540 1095 constanter
1552 1056 1705 1111 speramus,

60 1127 106 1182 det
136 1143 216 1194 vana,
246 1128 309 1183 ideo
337 1136 476 1198 exspectat
502 1126 554 1183 hoc
580 1126 627 1182 ubi
655 1126 729 1182 nulla
757 1126 790 1182 sit
809 1143 860 1183 va·
910 1124 1160 1180 hocmcritosului
1181 1126 1374 1191 intonantia
1397 1127 1708 1199 hacspesaetisumus

60 1216 155 1271 rictas.
910 1213 944 1267 ab
965 1213 1027 1278 alio,
1053 1229 1107 1268 non
1130 1229 1146 1266 a
1170 1212 1258 1268 nobis.
1282 1214 1344 1268 Non
1367 1214 1440 1269 enirn
1460 1214 1594 1289 fragilitas
1614 1227 1708 1274 nostra

96 1304 227 1373 Subjecta
242 1304 352 1377 quidem
366 1311 408 1360 est
422 1304 541 1369 vanitati,
559 1303 860 1376 sednonvolens,quia
910 1301 962 1355 nisi
988 1301 1090 1372 Spiritu
1114 1309 1208 1357 sancto
1231 1301 1380 1357 confortata
1402 1313 1532 1374 speraret,
1558 1306 1621 1377 quia
1641 1323 1707 1363 nes·

59 1393 146 1448 nollet
165 1394 222 1464 pati
245 1394 304 1449 haec
324 1408 405 1460 rana,
431 1401 457 1448 et
479 1387 612 1449 licct'non
635 1394 745 1459 uolens,
763 1398 860 1449 tamen
910 1390 984 1459 ciret,
1003 1397 1028 1445 et
1051 1389 1090 1446 sio
1105 1405 1156 1446 noc
1171 1390 1294 1445 meritum
1323 1390 1416 1446 salutis
1430 1393 1560 1461 haberet;
1578 1411 1626 1467 ερε
1641 1397 1709 1452 salvi

58 1487 179 1554 propter
190 1499 254 1537 eum
270 1482 385 1537 sustinet
399 1484 447 1555 qui
461 1482 580 1554 subjecit
595 1498 658 1537 earn
673 1482 715 1536 his
730 1481 859 1548 miseriis,
910 1478 973 1535 iacti
995 1495 1099 1548 sumus,
1124 1487 1228 1534 tantum
1242 1479 1369 1534 meritum
1384 1481 1465 1537 habet
1480 1498 1544 1537 vera
1564 1500 1642 1555 spes3
1659 1485 1709 1540 sed

59 1587 94 1625 ne
110 1571 208 1626 iterum
225 1571 409 1641 saperbiendo
420 1572 533 1642 periret.
554 1570 676 1642 subjecit
691 1571 753 1626 dico
769 1572 859 1641 inape
874 1567 956 1654 Billa
970 1584 1042 1639 apes,
1058 1567 1086 1622 id
1110 1576 1151 1622 εει
1165 1584 1211 1622 τεε
1234 1576 1344 1639 sperata
1358 1585 1418 1641 quee
1442 1571 1562 1641 videtur,
1573 1574 1636 1645 jnrn
1651 1589 1710 1631 non

55 1660 189 1731 positam,
206 1668 234 1714 ut
248 1675 326 1730 spem
341 1660 450 1714 haberet
464 1658 598 1714 evadendi
614 1660 685 1715 hanc
697 1660 858 1724 vanitalam;
912 1660 954 1712 est
970 1672 1042 1727 spes,
1058 1671 1109 1711 nec
1125 1656 1183 1727 spei
1197 1656 1325 1711 meritum
1338 1657 1428 1712 habet.
1446 1659 1515 1730 Spes
1530 1660 1602 1715 enim
1623 1669 1663 1716 εει
1674 1662 1709 1717 de

59 1750 88 1803 in
102 1764 153 1821 spe
175 1749 237 1804 dico
260 1749 319 1813 hac,
336 1749 413 1820 quia,
434 1747 518 1802 idest
542 1748 614 1819 quod
629 1756 657 1802 ut
671 1748 805 1813 Christus,
822 1749 862 1804 sic
911 1761 1016 1817 requae
1031 1760 1087 1799 non
1100 1745 1226 1800 videtur:
1242 1752 1271 1798 nt
1285 1745 1308 1799 si
1330 1760 1473 1815 speramus
1497 1747 1616 1820 aliquem
1630 1749 1710 1805 nobis

60 1840 150 1893 etiarn
170 1839 232 1908 ipsa
246 1840 381 1893 creatura
406 1836 597 1891 liberabitura
612 1839 861 1893 seruitutecorru-
912 1834 1037 1888 daturum
1061 1833 1214 1904 pecuniam,
1240 1832 1306 1887 illud
1330 1834 1403 1904 quod
1419 1851 1570 1905 speramus,
1588 1837 1708 1893 nondum

58 1927 179 1999 ptionis,
191 1926 218 1980 id
234 1933 274 1980 est
283 1924 480 1990 variabilitatis,
498 1923 688 1979 transferenda
703 1940 718 1980 a
734 1925 862 1980 servitute
910 1922 1047 1987 videmus,
1063 1921 1167 1977 scilicet
1190 1937 1240 1976 nos
1256 1922 1358 1977 habere
1385 1923 1539 1993 pecuniam,
1556 1926 1608 1980 etsi
1621 1943 1708 1998 pecu-

61 2017 92 2069 in
105 2015 276 2078 libertatem,
288 2012 488 2083 acorruptione
500 2014 530 2067 in
541 2013 791 2084 ploriamfiliorum
801 2015 860 2069 Dei.
912 2010 985 2066 niam
1000 2011 1086 2081 ipsam
1101 2010 1253 2066 videamus.
1270 2010 1318 2065 Rei
1338 2017 1427 2065 autem
1443 2029 1504 2082 quae
1517 2013 1574 2082 jam
1595 2015 1710 2071 habetur

60 2101 212 2157 benedico
235 2117 292 2156 non
315 2103 410 2158 uolens
430 2102 556 2171 subjecta
570 2106 612 2156 eat
632 2118 724 2157 :narn
739 2117 789 2156 nos
804 2103 862 2157 aci·
911 2115 967 2154 non
981 2106 1022 2154 εει
1037 2115 1110 2169 ερεε,
1128 2099 1176 2154 sed
1188 2099 1244 2167 iam
1268 2115 1333 2153 usus
1357 2099 1483 2156 habetur.
1500 2102 1572 2157 Vere
1595 2103 1710 2177 reiquae

60 2190 207 2262 muaquott
216 2192 459 2255 omniscreatura‚
472 2189 549 2244 idest
558 2190 691 2257 Ecclesia,
701 2192 863 2262 ingemiscit
912 2188 1020 2243 videtur
1033 2203 1088 2242 non
1104 2194 1145 2242 est
1174 2203 1247 2257 spes,
1271 2204 1340 2242 nana
1363 2189 1435 2261 quud
1453 2189 1527 2245 uidet
1549 2193 1710 2263 quiaillud

60 2280 155 2334 animo
180 2282 208 2334 et
222 2280 360 2351 parturit,
391 2277 418 2332 id
443 2287 483 2332 est
498 2279 615 2334 maximo
640 2287 740 2335 conatu
757 2280 863 2334 laborat
912 2275 1046 2349 quomodo
1067 2275 1110 2331 vel
1134 2290 1220 2347 quare
1243 2277 1435 2348 sperathon
1451 2286 1493 2333 εει
1513 2280 1629 2350 amplius
1644 2298 1711 2354 ερε-

60 2368 204 2438 operando
237 2367 466 2438 quemadmodum
497 2367 653 2439 parturiens
686 2367 803 2423 fructum
828 2368 862 2423 de
913 2364 1038 2434 randum,
1054 2364 1103 2419 sed
1126 2379 1159 2418 eo
1174 2364 1314 2419 utendum.
1338 2364 1387 2419 Rei
1402 2381 1462 2436 quae
1476 2366 1584 2422 videtur
1598 2385 1653 2425 non
1668 2379 1711 2428 est

61 2457 158 2511 labore
174 2463 348 2526 exspectans.
370 2456 482 2510 Parturit
504 2455 566 2512 dieo
580 2473 667 2529 usque
675 2456 777 2524 adbuc,
802 2456 863 2529 quia
914 2453 1029 2508 dicenda
1044 2468 1118 2522 spes,
1134 2453 1183 2506 sed
1198 2452 1221 2506 si
1236 2452 1304 2507 illud
1319 2453 1392 2524 quod
1403 2469 1457 2508 nou
1472 2455 1596 2512 videmus
1612 2474 1710 2530 spera·

61 2559 77 2598 a
92 2544 185 2615 primo
202 2544 274 2612 justo
286 2559 396 2614 semper
419 2544 448 2597 in
463 2543 556 2598 labore
571 2542 621 2598 suit
637 2544 761 2599 Ecclesia
776 2559 863 2615 usque
903 2547 984 2609 mus,
1000 2540 1127 2595 meritum
1149 2541 1227 2609 huius
1241 2541 1299 2611 spei
1320 2541 1462 2596 habemus.
1479 2544 1548 2598 Nam
1558 2551 1711 2619 exspecta·

60 2633 95 2687 ad
125 2633 179 2687 hoc
203 2639 319 2703 tempus.
343 2633 474 2687 creatura
497 2632 590 2702 utique
619 2632 783 2704 ingemiscit,
806 2650 864 2689 non
913 2646 977 2685 naua
1002 2645 1060 2684 rem
1085 2636 1222 2700 speratam
1236 2645 1288 2702 per
1307 2632 1490 2702 patientiam,
1506 2632 1534 2687 id
1563 2641 1604 2689 est
1618 2635 1645 2690 iu
1659 2653 1710 2692 ex·

62 2722 157 2776 tolum
180 2725 276 2776 autem
290 2722 342 2777 illa
361 2728 497 2785 creatura,
514 2722 561 2776 aed
584 2721 671 2776 etiarn
684 2722 801 2791 nosipsi,
819 2720 864 2793 qui
915 2718 1063 2789 spectando
1086 2717 1220 2789 patienter
1232 2717 1323 2773 onmia
1345 2718 1503 2790 toleramus,
1519 2720 1656 2780 desiderio
1670 2726 1711 2783 rei

63 2817 145 2865 tantae
160 2809 300 2882 dignitatis
325 2826 419 2864 sumus
434 2809 599 2881 quodetiam
612 2810 648 2863 dii
663 2826 725 2865 εεεε
749 2818 864 2881 τερειε-
915 2822 996 2879 quam
1012 2822 1164 2877 speramus.
1180 2808 1214 2861 Et
1234 2807 1293 2862 haeo
1307 2823 1380 2877 spes,
1397 2825 1458 2880 quae
1472 2810 1539 2865 tanti
1554 2818 1595 2866 est
1609 2814 1709 2883 meriti,

63 2915 126 2953 mur
143 2913 149 2952 ι
167 2913 218 2953 nos
233 2897 294 2953 dico
309 2898 442 2955 babentes
458 2898 605 2970 primitias
616 2899 745 2970 spiritua,
764 2898 864 2969 qniain
914 2912 965 2966 ρετ
988 2894 1117 2965 Spiritum
1138 2903 1262 2949 sanctum
1275 2895 1399 2951 habetur.
1417 2897 1476 2954 Nec
1490 2899 1542 2955 hoc
1562 2901 1649 2955 solum
1665 2903 1712 2958 dat

64 2986 203 3057 primitiva
232 2986 357 3042 Ecclesia
384 2986 460 3056 prius
489 2986 614 3041 omnibus
630 2994 656 3040 et
679 2986 863 3042 abundantius
914 2983 993 3038 nobis
1017 2983 1133 3054 Spiritus
1157 2990 1274 3050 sanetus,
1298 2984 1347 3039 sed
1371 2985 1451 3039 etiam
1466 2986 1611 3056 similiter,
1628 2989 1656 3044 id
1671 2998 1714 3047 εει

65 3076 198 3147 Spiritum
228 3083 351 3131 sanctum
380 3074 545 3145 accepimus,
576 3074 758 3129 abundantius
783 3076 864 3130 etiarn
915 3071 985 3127 sicut
1002 3088 1088 3142 spem,
1104 3079 1131 3126 et
1145 3088 1193 3143 per
1214 3088 1291 3143 spem
1314 3073 1468 3144 patientiam
1486 3093 1492 3129 :
1509 3076 1549 3131 sic
1563 3076 1636 3133 idem
1649 3081 1708 3151 api·

65 3164 208 3235 prophetis
224 3163 269 3235 qui
284 3171 507 3234 praeccsserunt:
533 3178 587 3218 non
603 3163 676 3218 enirn
691 3180 801 3235 semper
814 3180 865 3234 per
915 3161 989 3216 ritus
1013 3161 1130 3230 adjuvat
1152 3164 1278 3216 nostram
1301 3161 1513 3231 infirmitatem.
1539 3164 1614 3221 Sicut
1637 3168 1711 3225 enim

66 3253 197 3325 Spiritum
213 3260 335 3308 sanctum
350 3252 539 3324 loquebantur,
551 3252 614 3324 quia
629 3252 775 3324 aliqnando
790 3268 866 3308 rece·
916 3247 1016 3303 infirmi
1029 3248 1087 3303 sine
1096 3248 1198 3318 Spiritu
1209 3257 1301 3304 sancto
1316 3265 1440 3305 essemus
1454 3251 1482 3305 in
1498 3268 1556 3322 spe,
1574 3255 1614 3310 sic
1628 3255 1711 3313 etiarn

65 3341 146 3396 debat
177 3341 293 3412 Spiritus
321 3349 432 3397 sanctus
461 3340 495 3395 ab
521 3341 570 3406 eis,
588 3348 614 3395 et
629 3357 690 3411 quae
704 3340 772 3395 falsa
788 3346 866 3395 erant
915 3336 1298 3404 infirmaremurinoratione,
1315 3338 1367 3392 nisi
1389 3339 1500 3395 doceret
1515 3357 1566 3396 aas
1581 3343 1708 3414 Spiritus.

64 3430 253 3501 praedicebant
265 3446 271 3484 :
283 3429 364 3486 48
375 3437 403 3484 ut
410 3429 521 3484 Nathan
532 3429 696 3501 quandoque
713 3437 740 3483 et
753 3429 865 3501 quidam
917 3427 987 3481 Vere
1002 3424 1116 3495 Spiritus
1131 3424 1240 3493 adjuvat
1254 3441 1305 3480 nos
1320 3424 1453 3482 infirmos.
1463 3429 1593 3486 Namnet
1608 3435 1713 3492 seimus

64 3519 109 3572 alii
126 3536 132 3575 :
150 3518 200 3573 sed
225 3518 339 3588 apostoli
362 3533 501 3589 nunquam
522 3517 619 3588 privati
644 3524 706 3571 suut
721 3517 806 3572 semel
821 3533 866 3574 ac·
917 3515 983 3586 quiet
1006 3529 1126 3578 oremus,
1151 3513 1220 3568 sicut
1241 3513 1313 3569 scire
1338 3522 1445 3584 oportet
1468 3526 1594 3585 etorare,
1611 3519 1713 3576 scimus

66 3615 147 3678 cepto
176 3606 278 3677 Spiritu
306 3614 409 3662 sancto.
444 3606 554 3678 Noaipai
577 3606 709 3661 habentes
734 3605 866 3676 primitias
917 3602 1027 3674 quidem
1041 3601 1177 3674 quomodo
1192 3617 1246 3656 non
1261 3610 1375 3672 oportet.
1387 3604 1444 3659 Nos
1457 3604 1548 3677 utique
1562 3607 1711 3680 nescimus,

67 3696 191 3766 spiritus,
220 3694 265 3766 qui
288 3694 358 3750 adeo
379 3694 455 3768 digni
470 3711 572 3759 sumus,
589 3693 671 3749 etiam
686 3694 738 3764 ipsi
752 3695 867 3750 iidemu
917 3692 966 3747 sed
988 3692 1050 3762 ipse
1074 3692 1197 3763 Spiritus
1218 3692 1358 3763 postulat,
1381 3691 1470 3747 idest
1493 3695 1634 3765 postulare
1661 3714 1713 3755 nos

65 3786 124 3840 Deo
144 3782 258 3856 fragiles
280 3798 382 3848 sumus,
398 3783 471 3854 quod
486 3782 622 3855 gemimus
637 3783 866 3854 quemadmodum
918 3779 980 3835 iacit
994 3787 1020 3834 ει
1034 3778 1162 3834 insinuat.
1178 3779 1299 3835 Postulat
1314 3779 1376 3836 dico
1397 3797 1449 3853 pro
1464 3783 1553 3849 nobis,
1570 3784 1597 3839 id
1612 3792 1654 3841 est
1668 3788 1714 3844 vel

66 3881 204 3929 creatura.
219 3873 253 3925 Et
266 3887 301 3926 ne
311 3878 467 3943 putarentur
480 3886 591 3943 gemere
605 3871 795 3942 compassione
806 3871 868 3926 sub·
917 3867 977 3923 vice
999 3867 1094 3932 nostri,
1124 3867 1167 3923 uel
1188 3883 1270 3924 causa
1284 3877 1385 3923 nostrae
1399 3869 1521 3926 utilitatis
1538 3890 1545 3928 :
1561 3875 1711 3945 gemitibus

65 3962 198 4026 ditor-um,
215 3967 241 4015 et
255 3974 310 4014 non
325 3975 375 4031 pro
390 3975 430 4027 se,
446 3959 609 4015 determinat
627 3961 790 4016 :Geminius
806 3960 867 4015 dico
917 3957 1171 4013 inenarrabilibus.
1200 3956 1323 4012 Gemitus
1344 3957 1406 4013 ideo
1421 3958 1621 4018 inenarrabiles
1635 3963 1711 4033 dicit,

67 4052 149 4105 intra
166 4065 227 4113 nas,
243 4048 271 4103 id
286 4055 328 4103 est
340 4048 429 4119 pressi
441 4047 637 4103 tentationibus
653 4064 713 4119 quae
728 4063 779 4102 nos
799 4063 867 4103 con·
919 4044 981 4116 quia
1003 4044 1055 4115 ipsi
1079 4045 1310 4115 contemplatores
1333 4046 1472 4102 nescirent
1494 4048 1641 4122 explicare,
1663 4069 1714 4110 nec

67 4138 178 4192 turbant
201 4136 324 4192 interius.
342 4135 421 4191 Prius
436 4136 498 4207 ipsi,
514 4144 579 4192 nota
593 4143 635 4191 εει
648 4134 788 4209 dignitatis
806 4154 812 4190 :
829 4136 869 4191 al·
918 4141 1039 4205 possent,
1065 4141 1129 4205 quot
1152 4142 1178 4188 et
1200 4133 1307 4205 quantis
1327 4134 1471 4191 desideriis
1483 4144 1606 4195 aestuaut.
1623 4140 1664 4195 Ex
1680 4157 1714 4199 eo

68 4235 160 4281 terum
187 4224 250 4295 ipsi,
274 4223 437 4296 tragilitatis.
460 4225 512 4279 Per
526 4225 578 4280 hoc
593 4224 739 4294 Apostolus
753 4224 868 4279 multum
919 4222 992 4293 quod
1006 4222 1106 4277 dictum
1122 4229 1172 4287 est,
1189 4221 1306 4293 Spiritus
1325 4224 1453 4294 postulat,
1473 4225 1582 4296 quidam
1596 4228 1624 4282 iu
1641 4246 1715 4287 erro·

69 4313 226 4370 consolatur
238 4313 400 4379 Ecclesiam,
417 4320 444 4368 et
458 4311 553 4367 invitat
567 4313 602 4368 ad
614 4313 782 4384 patientiam,
796 4302 906 4385 quodD
921 4327 966 4366 res
988 4310 1058 4382 lapsi
1080 4319 1151 4380 sunt,
1168 4310 1290 4366 dicentes
1305 4310 1436 4382 Spiritum
1450 4313 1581 4371 minorem
1596 4317 1673 4375 Patre
1688 4327 1715 4378 ει

69 4402 135 4458 dicit
146 4401 286 4472 apostolos
302 4402 399 4457 eadem
412 4399 559 4474 fragilitate
574 4402 662 4472 premi
673 4416 726 4473 qua
741 4418 870 4472 premun·
921 4399 998 4465 Filio,
1024 4399 1086 4471 quia
1117 4399 1163 4471 qui
1177 4399 1297 4471 postulat
1311 4399 1399 4456 minor
1412 4401 1571 4476 intelligitur
1585 4421 1618 4461 eo
1631 4423 1646 4461 a
1661 4424 1715 4481 quo

69 4500 113 4546 tur
144 4489 254 4545 subditi.
281 4490 377 4546 Subdit
399 4489 481 4545 etiam
505 4506 632 4562 magnam
656 4488 870 4546 consolationem
921 4487 1059 4558 postulat;
1076 4487 1256 4544 curialitatem
1272 4487 1356 4554 Pauli,
1382 4499 1519 4546 vertentes
1533 4492 1561 4546 in
1575 4494 1714 4552 hieresirn.
1798 4516 1801 4527 ·

71 4595 152 4650 quarn
168 4579 279 4646 habent,
296 4578 391 4635 dicens
408 4593 414 4632 :
432 4580 573 4635 Gentianus
589 4578 870 4651 dico,eaapeetanter
922 4578 996 4633 Sicut
1007 4576 1078 4632 enim
1104 4576 1150 4647 qui
1165 4577 1246 4632 modo
1261 4577 1398 4633 docuisset
1413 4579 1531 4651 aliquem
1546 4598 1600 4653 quo
1613 4601 1715 4657 genere

72 4669 253 4741 adoptionem
279 4668 406 4738 fitiorum
428 4669 489 4734 Dei,
514 4666 544 4722 id
568 4675 609 4723 εει
624 4675 653 4722 ut
668 4668 830 4738 adoptemur
842 4668 871 4723 in
921 4665 1060 4739 loquendi,
1077 4665 1216 4737 atquibus
1232 4665 1323 4721 uerbis
1337 4666 1493 4739 loqueretur
1505 4685 1567 4724 cnm
1581 4672 1714 4746 principe,

73 4756 144 4812 lilios
159 4755 219 4812 Dei.
921 4754 965 4810 ille
992 4770 1042 4825 per
1069 4753 1145 4809 illum
1171 4755 1331 4810 instructum
1360 4756 1497 4812 diceretur
1522 4757 1597 4830 loqui
1626 4760 1715 4820 cidem

107 4845 214 4915 Duplex
234 4844 373 4915 adoptatio
397 4844 735 4915 est:primaqua1teus
759 4851 872 4915 peccata
921 4842 1056 4914 principi:
1081 4843 1121 4898 sio
1153 4843 1267 4914 Spiritus
1292 4852 1411 4910 sanctus,
1438 4845 1552 4918 quidet
1579 4853 1717 4921 quomodo

70 4933 183 4989 dimittit
206 4941 233 4988 et
251 4932 400 5003 justificat;
418 4933 537 4989 secunda
552 4948 606 5005 qua
621 4933 650 4987 in
664 4941 765 4988 aeterna
781 4932 870 4988 beati·
921 4931 1089 5002 postulemus
1111 4945 1162 4986 nos
1185 4931 1300 4998 instruit,
1313 4942 1339 4988 et
1353 4949 1402 5004 ρετ
1416 4948 1467 4989 nos
1481 4934 1628 4994 instructos
1643 4940 1716 4999 dici·

71 5022 167 5078 tudine
191 5030 302 5077 sanctos
322 5022 482 5077 cohaeredes
506 5021 609 5076 iaciens
634 5020 743 5090 Christi,
760 5037 808 5077 eos
823 5037 870 5076 re·
921 5020 1123 5091 turpastulare,
1139 5035 1194 5075 non
1209 5020 1295 5075 aliter.

72 5117 210 5165 munerat.
234 5111 274 5166 De
297 5109 348 5166 hac
372 5117 464 5166 autem
489 5110 607 5166 secunda
632 5109 716 5165 innuit
731 5125 760 5165 se
774 5109 871 5164 Paulus
957 5108 1035 5177 Quod
1051 5108 1215 5178 supradixit
1231 5126 1237 5165 :
1254 5109 1391 5166 nescimus
1415 5127 1491 5168 orare
1505 5114 1583 5171 sicut
1596 5123 1716 5190 oportet,

73 5199 240 5272 intelligere,
264 5214 326 5255 cum
349 5199 399 5254 ait:
423 5199 609 5271 adoptionem
628 5197 701 5268 dico,
727 5198 755 5252 id
772 5206 870 5255 estre·
920 5197 1013 5252 hocin
1028 5197 1089 5268 ipso
1104 5205 1226 5268 apertum
1241 5198 1579 5271 est,quicoatrasalutem
1594 5205 1719 5276 spiritum

72 5289 264 5360 demptionem
274 5288 397 5362 eorporis
407 5288 509 5356 nestri,
521 5287 601 5344 idest
613 5286 642 5342 in
656 5303 710 5359 qua
722 5287 870 5359 adoptione
919 5285 1001 5344 49
1017 5286 1123 5343 Satauae
1135 5286 1221 5344 oravit
1229 5287 1329 5345 auferri
1343 5303 1396 5345 ase
1411 5289 1503 5347 datum
1518 5291 1569 5347 sibi
1583 5294 1619 5348 ob
1629 5305 1721 5355 eusto-

144 5438 268 5505 eraoa.
287 5437 377 5496 ctltl.
1624 5445 1641 5498 3
