3742 5986
69 212 101 264 bl
361 210 551 271 exrostrto
583 213 621 270 IN
648 211 841 271 ttrtsrotns
868 211 982 269 exuat.
1009 243 1044 256 -
1073 215 1110 273 lN
1130 215 1240 274 uetsr.
1269 216 1318 274 AD
1348 215 1433 275 nort.
1690 221 1725 278 82

70 333 128 389 Sed
143 333 208 392 licet
219 335 281 393 hoec
311 337 444 409 promissa
467 338 536 404 illis,
551 337 693 412 iniquitate
706 353 756 395 sne
783 337 911 409 impe-A
925 337 1044 396 eluderet
1056 359 1063 408 3
1090 340 1126 396 ita
1140 349 1167 398 et
1181 342 1217 398 de
1231 342 1354 415 sequenti
1369 342 1555 399 testimonium
1569 343 1673 416 posuit,
1697 352 1728 401 ut

78 423 172 479 diente
198 441 254 481 non
281 425 373 497 adepti
396 427 458 492 sint,
474 443 529 484 non
544 435 634 484 umen
648 427 711 483 ideo
725 427 788 483 dico
803 426 877 499 quod
929 429 1055 484 ostendat
1069 446 1188 502 sequens
1203 431 1329 487 meritum
1353 432 1435 487 Jacob
1450 431 1617 488 insufficiens
1631 431 1727 500 luisse,

72 520 223 583 propterea
238 514 373 571 exciderit
386 517 512 583 verbum,
528 516 556 571 id
569 524 611 572 est
624 515 747 588 impletio
763 515 879 587 promis·
928 524 956 572 et
970 517 1081 588 penitus
1110 536 1160 590 per
1174 536 1204 575 se
1234 520 1377 593 indignum
1405 519 1490 577 inisse
1513 521 1601 593 gratia
1615 521 1685 589 θείς
1701 529 1729 578 ει

73 600 162 656 sionis
178 602 228 658 Dei
244 619 252 657 t
270 603 398 675 quoniam
421 604 445 660 si
473 619 529 661 non
550 604 710 676 omnesqui
727 604 877 660 secundum
928 605 991 661 ideo
1005 615 1133 663 constare
1148 609 1221 680 quod
1232 625 1282 680 per
1297 608 1512 666 misericordiam
1522 608 1625 666 electus
1640 610 1684 677 sit,
1697 617 1728 666 ut

73 705 186 746 carnem
213 691 309 760 ludaei,
325 701 417 748 tamen
441 693 596 765 quicunque
607 693 666 750 veri
684 691 878 749 israelitaetne·
929 694 1011 749 etiam
1027 696 1184 752 ostenderet
1202 697 1276 770 quod
1291 698 1365 753 Esau
1377 698 1449 767 juste
1464 706 1565 772 negata
1580 697 1615 754 sit
1629 698 1726 772 gratia

73 787 150 847 runt,
162 779 374 851 promissionem
389 781 439 837 liei
453 790 631 853 acceperunt.
651 783 776 855 Sequens
787 781 878 837 littera
929 783 1061 854 quianon
1077 793 1152 841 esset
1174 794 1373 857 cooperaturus
1395 787 1503 860 gratiae.
1524 785 1663 855 Quaeritur
1676 804 1726 844 cur

76 883 135 923 non
144 876 273 924 mutatur.
287 870 351 925 Non
359 869 448 925 solum
463 878 550 926 autern
578 872 651 926 hanc
676 871 742 926 Sara
756 870 878 942 promis-
928 871 1014 928 Jacob
1030 872 1134 930 electus
1154 874 1198 942 sit,
1216 883 1243 930 et
1256 877 1328 930 Esau
1340 876 1500 947 reprobatus
1516 893 1523 930 ε
1539 892 1601 932 curn
1614 876 1643 931 in
1657 893 1728 933 neu-

76 956 186 1012 sionem
200 957 307 1024 babuit,
324 958 373 1014 sed
388 959 469 1014 etiarn
483 960 616 1017 Rebecca.
634 958 878 1016 Convenieuterde
931 969 971 1017 tro
986 963 1113 1018 meritum
1141 962 1205 1019 honi
1229 963 1273 1020 vel
1288 963 1353 1019 mali
1368 963 1551 1036 praecesserit,
1568 981 1629 1037 quae
1646 980 1730 1022 causa

81 1045 211 1102 Rebecca
225 1046 339 1115 inducit,
356 1048 384 1103 in
397 1048 475 1117 cujus
490 1047 552 1103 filiis
566 1057 690 1120 apertum
706 1057 757 1114 est,
773 1065 806 1104 ex
822 1048 878 1104 ele·
929 1048 1010 1105 tuerit
1026 1051 1167 1107 electionis
1181 1052 1271 1119 unius,
1283 1060 1310 1108 et
1324 1053 1524 1124 reprobationis
1538 1053 1672 1110 alterius?
1687 1054 1730 1110 Ad
1803 1109 1807 1118 ,

77 1135 170 1191 ctione
183 1143 287 1191 tantum
298 1136 358 1205 Dei,
370 1137 472 1192 bouum
485 1137 604 1209 aliquem
627 1136 696 1193 fieri.
714 1137 742 1193 Si
758 1137 830 1193 enim
845 1153 878 1192 ex
929 1139 982 1195 hoo
996 1141 1190 1212 respondetur,
1206 1140 1291 1197 Jacob
1301 1140 1417 1198 electum
1432 1157 1494 1198 esse
1507 1158 1558 1213 per
1571 1142 1730 1199 misericor·

74 1239 181 1294 genere
203 1233 315 1281 nonest
338 1241 424 1281 causa
447 1240 532 1298 quere
546 1226 629 1282 Jacob
657 1226 747 1299 magis
761 1225 879 1298 eligatur
930 1227 1002 1282 diam
1014 1247 1021 1295 ς
1033 1228 1107 1284 Εεειι
1131 1229 1305 1301 reprobatum
1330 1230 1482 1286 secundum
1495 1231 1636 1300 justitiam.
1653 1233 1729 1289 Deua

77 1315 260 1384 quamEsan,
277 1312 436 1386 inquorum
464 1314 599 1371 electione
615 1314 659 1370 rel
688 1314 877 1386 reprobatione
930 1316 1012 1386 enim,
1027 1333 1090 1373 cum
1103 1318 1219 1390 primurn
1230 1318 1333 1375 creavit
1347 1319 1495 1384 hominem,
1505 1319 1648 1392 multiplici
1664 1336 1728 1376 eunt

75 1401 154 1458 nulla
168 1410 324 1473 parentum,
336 1402 410 1458 nulla
424 1401 541 1460 filiorum
556 1404 652 1460 merita
667 1410 876 1474 praecesserunt,
928 1406 1069 1479 insignivit
1083 1407 1171 1478 gratia
1189 1425 1196 1462 :
1210 1423 1292 1480 quam
1306 1407 1370 1480 quia
1383 1409 1524 1479 peccando
1539 1424 1555 1464 a
1570 1426 1600 1464 se
1612 1409 1726 1480 repulit,

75 1498 106 1546 et
120 1490 185 1546 ideo
213 1507 263 1562 per
288 1491 440 1548 Rebeccam
461 1493 580 1564 apertius
601 1492 709 1564 probat,
726 1493 877 1548 secundum
928 1493 1071 1568 indignum
1085 1512 1115 1552 se
1135 1495 1200 1552 tecit
1223 1496 1312 1568 gratia
1326 1496 1385 1561 Dei,
1409 1503 1436 1551 et
1452 1496 1550 1552 exinde
1569 1498 1643 1554 Deus
1659 1496 1727 1554 nibil

76 1579 291 1652 promissionem
311 1578 381 1637 lilios
404 1581 523 1637 Abrahae
537 1581 606 1647 fieri,
621 1581 875 1653 quamperSaram‚
929 1582 1033 1639 homini
1060 1583 1169 1651 debuit,
1203 1585 1296 1657 sicque
1321 1600 1377 1640 non
1405 1593 1446 1640 est
1474 1584 1599 1642 relictum
1621 1585 1726 1642 homini

76 1684 140 1740 quae
156 1668 251 1725 Solum
271 1669 387 1726 electum
416 1669 510 1725 habuit
525 1687 532 1725 :
549 1670 654 1741 accepit
677 1670 770 1743 utique
785 1684 912 1756 repro-B
929 1673 1001 1727 unde
1027 1673 1099 1743 juste
1128 1682 1221 1745 posset
1250 1673 1391 1746 conqueri,
1408 1673 1431 1729 si
1453 1673 1609 1730 destituitur
1636 1674 1727 1747 gratia

75 1757 238 1813 missionem
255 1758 390 1824 Rebecca,
407 1759 510 1815 habens
525 1756 595 1814 filios
605 1774 642 1814 cc
657 1775 714 1814 uno
724 1759 876 1830 eodemque
927 1761 988 1817 Dei.
1666 1767 1670 1778 '

75 1848 231 1905 concubitu
245 1848 323 1903 lscoc
337 1848 430 1919 putris
445 1848 546 1904 nostri.
557 1849 591 1904 Ut
599 1848 700 1903 sciatur
714 1847 810 1903 merita
823 1862 876 1918 po·
961 1849 1031 1919 Quia
1046 1849 1069 1904 si
1083 1849 1182 1905 iterum
1197 1849 1338 1922 quaeritur,
1355 1864 1416 1905 curn
1436 1854 1549 1921 uterque
1564 1863 1598 1903 ex
1618 1846 1724 1917 justitia

74 1944 187 1992 rentum
208 1951 264 1991 non
289 1935 426 2007 proluisse
449 1936 545 2002 Jacob,
561 1951 613 1993 nec
638 1935 766 1992 nocuisse
790 1937 874 2004 Esau,
926 1947 1037 2010 propter
1059 1936 1194 2010 originale
1213 1946 1306 2009 posset
1329 1936 1482 2008 reprobari,
1498 1935 1619 2009 nihilque
1632 1936 1723 1993 meriti

76 2024 241 2080 determinat
256 2040 304 2080 eos
315 2040 377 2081 esse
387 2032 532 2094 generatos
547 2024 581 2080 de
596 2025 694 2081 eodem
705 2024 875 2081 concubitu:
926 2027 953 2083 in
969 2027 1102 2082 ambobus
1117 2035 1254 2097 repertum
1269 2027 1314 2094 sit,
1338 2040 1388 2098 pro
1411 2040 1464 2097 quo
1478 2023 1541 2080 huic
1555 2023 1594 2080 sic
1609 2025 1671 2080 data
1688 2023 1722 2081 sit

78 2114 153 2170 nesi
168 2115 209 2181 (ut
221 2113 331 2186 quidam
341 2113 448 2185 physici
462 2114 565 2184 volunt)
576 2113 694 2169 diversis
707 2114 876 2184 temporibus
926 2115 1026 2189 gratia,
1042 2114 1107 2170 huic
1122 2122 1239 2187 negata3
1257 2130 1340 2186 quere
1354 2113 1442 2186 magis
1463 2113 1549 2169 Jacob
1571 2112 1673 2169 electus
1685 2113 1721 2170 sit

76 2202 205 2276 generati
221 2210 323 2268 essent,
340 2209 499 2273 putarentur
512 2210 641 2273 parentes
655 2218 717 2258 esse
727 2202 874 2274 gratiDeo,
926 2221 1009 2278 quam
1025 2204 1122 2260 lisani
1150 2204 1192 2259 Ad
1207 2205 1260 2260 hoc
1276 2204 1458 2276 respondetur
1472 2202 1536 2275 quia
1550 2204 1624 2258 Deus
1637 2203 1721 2260 Jacob

77 2307 140 2348 curn
170 2298 326 2364 genuerunt
344 2291 445 2357 lnc0b;
467 2291 575 2364 ingrati,
598 2292 707 2364 quando
723 2298 877 2363 genuerunt
926 2294 1054 2350 idoneum
1068 2300 1095 2349 et
1121 2301 1329 2364 cooperaturum
1352 2291 1446 2366 gratita
1469 2290 1619 2363 praescivit;
1648 2293 1722 2349 Esau

75 2383 163 2438 Esau.
189 2380 265 2437 Sicut
288 2387 445 2451 parentum,
462 2379 501 2435 sic
529 2380 612 2436 etiarn
640 2380 736 2436 merita
759 2379 875 2436 liliorum
926 2398 993 2439 vero
1015 2398 1070 2438 non
1098 2382 1236 2447 idoneum,
1253 2381 1315 2454 quia
1343 2397 1397 2437 non
1411 2387 1618 2452 cooperaturum
1634 2397 1641 2437 :
1657 2381 1720 2438 ideo

76 2469 218 2536 excludit,
242 2469 338 2525 dicens
352 2483 358 2523 ε
374 2468 499 2525 Rebecca
513 2468 606 2540 utique
633 2469 729 2524 habuit
758 2468 875 2540 promis·
926 2472 972 2527 uni
987 2470 1203 2527 misericorditer
1217 2469 1319 2535 tribuit,
1336 2470 1409 2541 quod
1424 2469 1458 2525 ab
1473 2469 1559 2525 altero
1570 2469 1643 2539 juste
1656 2485 1720 2541 pro·

76 2560 195 2615 sionem.
210 2559 278 2615 Nam
293 2558 455 2615 dictumest
471 2559 517 2614 ci:
531 2559 618 2629 llojor
638 2559 742 2615 seruiet
756 2559 873 2615 minori.
892 2599 894 2604 -
926 2570 988 2634 pter
1003 2559 1135 2633 originale
1149 2558 1286 2624 alienavit,
1302 2559 1375 2631 quod
1402 2557 1469 2613 satis
1493 2566 1589 2628 aperte
1606 2558 1633 2613 in
1651 2558 1720 2615 tuda

76 2649 132 2706 Sed
154 2657 301 2719 antequam
337 2647 407 2702 dicat
430 2646 651 2719 promissionem,
682 2647 875 2702 convenienter
927 2649 1128 2716 consideratur,
1145 2663 1227 2720 quem
1241 2647 1304 2704 licet
1318 2649 1391 2703 Deus
1407 2663 1458 2718 pro
1477 2655 1553 2704 certo
1566 2647 1719 2718 periturum

75 2739 172 2794 merita
196 2735 313 2793 liliorum
335 2752 396 2791 cnm
420 2735 525 2791 meritis
546 2744 688 2807 parentum
703 2734 830 2800 excludit,
846 2742 875 2791 ιιι
926 2745 1115 2813 cognosceret,
1132 2736 1255 2809 permisit
1268 2743 1360 2792 umen
1383 2735 1421 2790 illi
1439 2735 1555 2808 gratiam
1569 2734 1719 2794 miraculo·

76 2834 184 2885 constet
198 2842 309 2882 ornnem
337 2824 498 2881 electionem
523 2840 584 2880 esse
598 2824 714 2896 primum
728 2833 755 2879 et
768 2824 873 2895 princi·
926 2844 995 2893 rum,
1006 2833 1035 2881 ut
1049 2825 1111 2881 eliis
1124 2824 1266 2896 apostolis,
1278 2839 1341 2882 cum
1352 2825 1410 2894 jam
1423 2823 1466 2878 tur
1480 2831 1562 2889 esset,
1573 2832 1600 2880 et
1611 2824 1718 2882 loculos

75 2918 177 2991 paliter
191 2932 225 2971 ex
239 2913 330 2988 gratia
344 2914 403 2983 Dei,
419 2914 514 2970 dicens
532 2929 539 2969 :
555 2913 679 2969 Rebecca
687 2913 781 2969 hahuit
791 2913 872 2980 lilios,
926 2915 1048 2970 haberet.
1059 2915 1120 2970 Non
1136 2922 1225 2969 tamen
1239 2913 1301 2968 ideo
1317 2912 1382 2984 quin
1392 2912 1475 2968 sciret
1489 2912 1566 2968 illum
1579 2913 1719 2971 irrevoca-

77 3009 196 3080 quicum
209 3006 330 3060 nondum
344 3003 400 3058 nati
419 3010 520 3071 essent,
537 3018 587 3073 per
601 3004 653 3058 hoc
679 3002 798 3058 excludit
811 3018 873 3059 me·
927 3004 1010 3059 bilem
1023 3019 1040 3058 a
1054 3002 1134 3072 malo,
1151 3002 1200 3057 sed
1214 3008 1243 3056 ut
1267 3001 1458 3073 comprobaret
1478 3000 1556 3057 nobis
1571 3017 1620 3072 per
1634 3003 1716 3070 hunc,

76 3098 126 3152 rita
141 3094 270 3150 liliorum.
287 3091 342 3148 Sed
355 3099 447 3147 tamen
461 3090 524 3164 quia
546 3091 574 3146 in
588 3098 683 3146 ventre
712 3091 805 3146 matris
829 3091 873 3146 lu·
922 3093 994 3162 iuste
1010 3108 1040 3148 se
1055 3090 1217 3164 quibusdam
1232 3105 1342 3146 ornnem
1356 3104 1460 3161 negare
1476 3089 1639 3163 gratiam,ut
1653 3106 1720 3161 pue·

77 3185 142 3242 cteti
157 3199 220 3240 esse
234 3182 370 3246 dicuntur,
388 3196 424 3236 ne
450 3180 512 3236 ideo
530 3186 688 3251 putarentur
703 3179 739 3234 ibi
752 3178 875 3251 potuisse
925 3181 962 3236 ris
977 3181 1069 3236 statim
1083 3180 1142 3236 sine
1164 3179 1302 3250 baptismo
1317 3178 1494 3234 morientibus
1510 3194 1516 3232 :
1534 3178 1631 3251 quibus
1654 3179 1717 3236 idco

77 3273 189 3338 mereri,
202 3272 254 3328 boc
263 3270 450 3326 determinans
461 3269 516 3325 ait:
531 3270 584 3323 but
594 3285 658 3326 cunt
666 3270 792 3325 nondum
802 3271 875 3340 epis·
924 3285 1034 3326 omnem
1048 3269 1164 3342 gratiam
1175 3268 1303 3340 denegat,
1321 3268 1384 3339 quia
1398 3267 1421 3322 si
1450 3275 1556 3338 ternpus
1582 3267 1716 3324 baberent

77 3368 143 3421 sent
155 3361 263 3435 aliquid
273 3360 338 3416 bont
352 3364 394 3415 oet
404 3359 485 3423 moti,
498 3373 549 3430 pro
558 3373 612 3430 quo
621 3358 665 3412 hic
675 3357 787 3413 deberet
797 3357 873 3430 eligi,
924 3357 1065 3430 operandi,
1081 3366 1108 3412 ει
1123 3356 1210 3429 gratia
1223 3356 1263 3411 eis
1295 3371 1427 3413 concessa
1441 3363 1524 3421 osset,
1540 3355 1717 3413 abuterentur

77 3452 123 3509 hic
151 3449 301 3522 reprobari.
322 3449 387 3504 Ideo
408 3447 567 3519 priusquam
581 3453 697 3520 agerent
710 3447 811 3502 bonnm
831 3445 875 3502 vel
925 3464 966 3517 ea,
982 3454 1007 3502 et
1018 3446 1058 3503 sic
1071 3461 1120 3517 pro
1135 3445 1222 3517 gratia
1243 3444 1326 3516 longe
1355 3445 1466 3518 gravius
1481 3444 1657 3515 punirentur;
1674 3444 1717 3501 cui

77 3540 192 3606 malum,
207 3539 316 3595 dictum
330 3541 373 3593 cst
387 3541 420 3593 ut
430 3536 616 3609 propositum,
630 3535 658 3590 id
672 3542 713 3590 est
727 3534 874 3607 praedesti-
925 3537 948 3591 si
957 3541 1177 3606 cooperarentur,
1193 3533 1371 3589 salvarentur.
1400 3534 1434 3590 Ut
1448 3540 1538 3588 autem
1564 3533 1617 3588 hoc
1643 3533 1718 3588 Deus

76 3630 152 3685 natio
166 3629 217 3685 Dei
231 3642 286 3698 qua
300 3627 372 3681 hunc
395 3624 525 3696 eligebat,
555 3624 669 3680 eltemm
698 3625 872 3696 reprobabat,
924 3624 1143 3690 notumlaceret,
1158 3622 1233 3678 dedit
1248 3622 1408 3696 quibusdam
1423 3621 1554 3694 gratiam,
1570 3620 1716 3694 dequibus

74 3720 218 3783 moneret,
234 3715 262 3771 id
284 3721 327 3770 est
341 3728 502 3785 permanere
520 3718 753 3785 comprobaretur,
770 3730 875 3771 sccun-
924 3730 979 3770 non
994 3712 1211 3784 baesitabatquin
1225 3712 1400 3768 abuterentur
1413 3726 1454 3779 en,
1470 3710 1519 3767 sed
1534 3718 1562 3766 ut
1573 3710 1718 3782 etiamptt·

76 3809 146 3864 dunt
160 3807 329 3863 electionem
344 3802 403 3869 Dei,
420 3819 481 3874 quae
495 3802 592 3862 electio
607 3819 664 3859 non
679 3810 737 3858 eret
750 3802 822 3859 lacta
837 3820 874 3860 cn
924 3804 976 3858 lam
993 3803 1079 3859 oculis
1094 3801 1269 3868 haberemus,
1285 3803 1355 3871 juste
1385 3801 1548 3874 quibusdem
1562 3815 1673 3856 omnem
1687 3814 1718 3856 se

75 3897 217 3970 operibus,
232 3893 259 3949 id
273 3899 316 3948 est
330 3868 482 3965 qniabene'
493 3891 596 3965 egisset
609 3891 760 3959 Jacob,scd
773 3892 875 3947 solum·
925 3894 1061 3966 denegare
1076 3891 1205 3964 gratiam.
1222 3891 1322 3946 Iterum
1336 3889 1410 3945 aliud
1426 3906 1433 3945 ε
1450 3890 1518 3945 Cum
1539 3890 1612 3945 Deus
1628 3888 1721 3946 omnia

75 3984 161 4041 modo
176 3999 214 4040 erc
233 3984 361 4048 meante,
373 3980 401 4036 id
415 3987 496 4036 estex
505 3979 594 4053 gratia
603 3988 630 4037 et
642 3980 813 4052 beneplacito
822 3997 874 4037 vo·
924 3981 1038 4049 creavit,
1054 3980 1176 4053 quaedam
1192 3979 1357 4044 necessaria,
1375 3987 1404 4034 ut
1418 3986 1506 4034 ortum
1532 3977 1597 4034 solis
1616 3986 1643 4033 et
1666 3978 1720 4033 ltu·

76 4072 164 4130 cantis
179 4071 242 4127 Dei.
922 4069 1063 4140 iusmodi3
1079 4069 1205 4141 quaedam
1219 4067 1370 4124 voluntaria
1383 4074 1412 4123 ut
1435 4066 1574 4123 bominem
1586 4075 1612 4122 et
1631 4082 1720 4141 ange·

111 4163 172 4217 Hoc
183 4159 276 4231 utique
288 4157 389 4214 dictum
404 4165 445 4212 est
461 4157 536 4229 quia,
551 4156 580 4212 id
587 4164 629 4212 est
639 4157 705 4229 quin
714 4160 808 4230 major
815 4174 874 4214 scr·
924 4159 980 4213 lum
995 4157 1144 4215 constituit.
1164 4157 1240 4212 Deus
1253 4165 1344 4211 autem
1360 4155 1720 4226 sicunumpermisericor-

75 4252 134 4308 vict
165 4249 282 4305 minori.
306 4248 368 4303 Non
383 4247 445 4303 ideo
468 4246 566 4302 dicitnr
580 4245 695 4312 servire,
715 4247 788 4318 quod
802 4248 874 4302 Esau
924 4247 997 4304 diam
1012 4246 1098 4320 eligit,
1119 4245 1198 4301 sicuti
1212 4245 1326 4301 alterum
1345 4261 1396 4316 per
1416 4244 1546 4313 justitiam
1574 4245 1718 4314 reprobat:

77 4338 228 4412 aliquando
242 4335 368 4392 servierit
380 4335 473 4404 Jacob,
482 4335 532 4392 sed
547 4334 708 4407 plerumque
718 4335 873 4391 dominatus
923 4344 953 4391 ιιι
963 4344 1052 4391 tomen
1067 4333 1246 4390 voluntariam
1256 4333 1413 4390 facultatem
1424 4333 1451 4389 in
1464 4333 1504 4388 eis
1513 4349 1567 4388 non
1577 4334 1716 4391 destruat:

76 4428 113 4484 sit
127 4428 162 4493 ei,
180 4433 208 4481 ut
223 4425 270 4498 qui
280 4423 378 4481 tortior
393 4424 491 4480 eratin
506 4433 592 4480 terre.
607 4424 642 4479 Et
661 4424 724 4480 ideo
739 4424 779 4480 sic
794 4418 908 4480 intel-D
923 4424 988 4497 quie
1002 4424 1052 4479 etsi
1067 4422 1167 4479 multos
1190 4421 1218 4477 in
1245 4423 1297 4478 boc
1325 4421 1424 4478 saeculo
1440 4429 1550 4478 sanctos
1574 4421 1718 4495 multiplici

76 4515 220 4588 ligendurn
234 4522 275 4571 est
285 4529 292 4568 :
302 4514 389 4585 lloJ‘or
401 4514 512 4578 seruiet,
522 4512 550 4567 id
560 4512 683 4568 estutilis
695 4512 747 4569 erit
756 4514 873 4570 minori.
923 4513 1038 4569 munivit
1052 4511 1148 4584 gratio,
1163 4519 1320 4567 nontamen
1339 4510 1430 4585 coegit
1444 4526 1492 4566 eos
1507 4519 1535 4566 ut
1550 4527 1584 4566 ex
1597 4511 1719 4568 necessi·

75 4605 188 4676 Quanto
201 4603 274 4659 enirn
284 4603 358 4658 Esau
367 4601 684 4674 magispersequebatur
691 4602 787 4669 Jacob,
800 4609 874 4658 tanto
924 4611 977 4658 tate
992 4602 1093 4659 bouum
1108 4609 1231 4673 agerent,
1248 4616 1298 4657 nec
1308 4601 1343 4658 ad
1356 4598 1458 4656 malum
1474 4599 1496 4655 si
1515 4599 1616 4656 vellent
1630 4599 1718 4657 decli·

75 4694 165 4766 magis
179 4693 303 4749 meritum
316 4690 396 4748 54
405 4690 542 4762 patientiae
552 4691 726 4748 accrescebat
735 4691 848 4762 patienti
865 4709 872 4746 ε
923 4708 991 4748 nare
1005 4698 1127 4763 possent,
1144 4690 1194 4746 sed
1222 4689 1326 4759 adiuvit
1354 4705 1403 4760 per
1430 4688 1560 4761 gratiam,
1572 4689 1636 4761 quia
1651 4689 1718 4746 vidit

76 4784 150 4841 etita
164 4782 322 4839 dictumest
345 4779 372 4834 in
386 4780 488 4836 Genesi
506 4795 512 4834 :
529 4781 615 4852 llajor
636 4782 740 4836 serutct
768 4780 874 4836 minori
923 4797 972 4837 eos
986 4780 1081 4852 gratita
1112 4787 1316 4850 cooperaturos.
1341 4777 1504 4835 Econtrario
1519 4793 1574 4833 non
1589 4778 1628 4833 ita
1642 4778 1720 4835 indta

74 4874 155 4944 (Gan.
170 4887 240 4939 xxv,
248 4870 306 4943 23).
322 4870 380 4926 Hoc
394 4878 484 4925 autem
498 4869 600 4925 dictum
616 4877 657 4925 est
667 4870 809 4931 Rebecca.
824 4885 873 4923 an·
923 4869 1056 4925 subtraxit
1074 4868 1202 4940 gratiam,
1217 4875 1257 4936 ut,
1285 4867 1371 4940 gratio
1400 4867 1546 4933 subtracta,
1562 4867 1717 4939 impelleret

74 4972 187 5035 tequam
209 4959 288 5033 pueri
315 4966 502 5024 nascerentur,
524 4958 597 5030 qnod
611 4957 712 5014 dictum
735 4965 777 5014 εει
804 4957 872 5014 siout
923 4975 994 5025 eum,
1010 4958 1092 5014 vellet
1106 4957 1200 5024 nollet,
1220 4954 1329 5027 operari
1356 4955 1537 5028 iniquitatem,
1554 4956 1603 5012 sed
1622 4965 1651 5013 ut
1666 4973 1717 5029 ap-

75 5052 212 5122 acriptum
230 5056 272 5105 est
285 5064 335 5120 per
363 5046 523 5103 llalochiam
538 5046 573 5102 de
596 5047 700 5103 eisdem
714 5046 797 5119 longe
812 5054 873 5118 post
922 5055 1028 5120 pareret
1037 5045 1103 5118 quid
1117 5061 1168 5117 per
1182 5061 1212 5101 se
1224 5051 1319 5116 posset
1332 5044 1470 5117 iniquitas.
1487 5044 1516 5100 Si
1531 5045 1604 5101 enim
1629 5046 1720 5119 gratia

74 5156 173 5198 eorum
198 5138 353 5194 decessum.
384 5137 443 5192 Hoc
470 5135 562 5209 utique
591 5136 721 5206 scripturn
736 5142 778 5192 est
793 5136 872 5209 :Ego
923 5137 985 5192 data
997 5135 1042 5192 vel
1055 5142 1155 5208 negata
1169 5134 1336 5206 compellens
1349 5142 1422 5190 esset
1436 5149 1469 5191 ac
1479 5134 1647 5201 necessaria,
1661 5136 1717 5204 jam

73 5230 169 5287 dilexi
195 5227 277 5285 Jacob
293 5227 404 5295 (Meloe.
434 5240 453 5292 t,
477 5225 516 5296 a),
534 5232 560 5280 et
587 5241 638 5296 pro
661 5225 714 5281 hoc
734 5224 872 5296 praecipue
922 5241 975 5282 non
991 5233 1063 5282 esset
1079 5225 1200 5281 relictum
1215 5223 1317 5279 homini
1344 5223 1471 5280 meritum
1497 5223 1655 5280 salvationis
1673 5223 1717 5280 vel

74 5319 149 5392 elegi
163 5333 236 5373 eunt.
252 5318 328 5373 Esau
342 5318 439 5371 autem
454 5313 515 5387 quin
530 5315 590 5370 odio
602 5314 697 5379 habui,
715 5313 869 5384 reprobavi.
922 5314 1114 5370 damnationis.
1126 5312 1351 5385 Quandoquidem
1361 5313 1447 5369 Jacob
1463 5314 1537 5370 nullo
1548 5312 1644 5369 merito
1652 5329 1719 5384 prae

73 5407 177 5465 Odium
192 5405 265 5463 enirn
282 5403 333 5460 Dei
347 5403 412 5458 nihil
428 5403 500 5458 aliud
519 5411 569 5469 est,
588 5417 670 5476 quarn
685 5419 717 5457 ex
745 5402 872 5474 aequitate
922 5405 1037 5461 cedente
1051 5403 1168 5475 eligitur,
1185 5402 1258 5457 Esau
1269 5400 1392 5457 similiter
1405 5401 1465 5458 sine
1480 5401 1719 5471 meritoreproba-

72 5496 191 5571 gratiant
200 5494 370 5550 subtrahcre.
378 5491 578 5548 Convenienter
585 5491 655 5548 sicut
663 5491 698 5547 de
707 5491 871 5563 precedenti
922 5501 975 5561 tur,
987 5509 1049 5565 erpo
1064 5492 1286 5564 qutddiccntust
1301 5491 1433 5564 Nunqut'd
1443 5491 1578 5564 iniquitas
1590 5492 1632 5546 cst
1642 5492 1721 5564 opud

72 5582 261 5647 testimonium
275 5581 376 5656 posuit,
385 5587 415 5636 ut
427 5581 603 5655 praecessisse
615 5580 708 5638 merita
717 5596 811 5637 eorum
820 5597 870 5637 ex·
921 5585 1009 5639 Deurn
1022 5584 1034 5637 t
1047 5579 1093 5654 qui
1106 5579 1190 5636 Jacob
1199 5578 1306 5654 eligens
1321 5579 1380 5636 sine
1393 5579 1500 5646 merito,
1509 5579 1580 5635 lisau
1594 5581 1722 5651 reprobet
