<?xml version="1.0" encoding="UTF-8"?>
<!DOCTYPE html PUBLIC "-//W3C//DTD XHTML 1.0 Transitional//EN"
    "http://www.w3.org/TR/xhtml1/DTD/xhtml1-transitional.dtd">
<html xmlns="http://www.w3.org/1999/xhtml" xml:lang="en" lang="en">
 <head>
  <title>
</title>
<meta http-equiv="Content-Type" content="text/html;charset=utf-8" />
  <meta name='ocr-system' content='tesseract 3.04.00' />
  <meta name='ocr-capabilities' content='ocr_page ocr_carea ocr_par ocr_line ocrx_word'/>
</head>
<body>
  <div class='ocr_page' id='page_1' title='image "./patrologiaecurs20unkngoog/patrologiaecurs20unkngoog_0157.png"; bbox 0 0 3742 5986; ppageno 0'>
   <div class='ocr_carea' id='block_1_1' title="bbox 103 151 1755 222">
    <p class='ocr_par' dir='ltr' id='par_1_1' title="bbox 103 151 1755 222">
     <span class='ocr_line' id='line_1_1' title="bbox 103 151 1755 222; baseline 0.001 -2"><span class='ocrx_word' id='word_1_1' title='bbox 103 167 155 220; x_wconf 85' lang='grc' dir='ltr'>ιιι</span> <span class='ocrx_word' id='word_1_2' title='bbox 338 163 381 218; x_wconf 89' lang='grc' dir='ltr'>ι.</span> <span class='ocrx_word' id='word_1_3' title='bbox 410 161 588 221; x_wconf 78' lang='lat' dir='ltr'>ancnoris</span> <span class='ocrx_word' id='word_1_4' title='bbox 616 160 937 219; x_wconf 80' lang='lat' dir='ltr'>exarnusmrtonuu</span> <span class='ocrx_word' id='word_1_5' title='bbox 966 160 1209 221; x_wconf 81' lang='lat' dir='ltr'>msrrruronrs</span> <span class='ocrx_word' id='word_1_6' title='bbox 1237 163 1313 221; x_wconf 80' lang='lat' dir='ltr'>ore.</span> <span class='ocrx_word' id='word_1_7' title='bbox 1342 151 1431 222; x_wconf 78' lang='lat' dir='ltr'>rans</span> <span class='ocrx_word' id='word_1_8' title='bbox 1458 165 1493 222; x_wconf 92' lang='lat'>11.</span> <span class='ocrx_word' id='word_1_9' title='bbox 1700 164 1755 221; x_wconf 87' lang='lat' dir='ltr'>aot</span> 
     </span>
    </p>
   </div>
   <div class='ocr_carea' id='block_1_2' title="bbox 25 285 1753 889">
    <p class='ocr_par' dir='ltr' id='par_1_2' title="bbox 25 285 1753 799">
     <span class='ocr_line' id='line_1_2' title="bbox 25 285 1753 362; baseline 0 -18"><span class='ocrx_word' id='word_1_10' title='bbox 25 327 31 344; x_wconf 78' lang='grc'>,</span> <span class='ocrx_word' id='word_1_11' title='bbox 101 287 164 362; x_wconf 84' lang='lat' dir='ltr'>lege</span> <span class='ocrx_word' id='word_1_12' title='bbox 178 286 265 355; x_wconf 87' lang='lat' dir='ltr'>tieret,</span> <span class='ocrx_word' id='word_1_13' title='bbox 282 287 427 359; x_wconf 79' lang='lat' dir='ltr'>legemque</span> <span class='ocrx_word' id='word_1_14' title='bbox 442 285 663 360; x_wconf 83' lang='lat' dir='ltr'>teneret,alege</span> <span class='ocrx_word' id='word_1_15' title='bbox 683 287 810 352; x_wconf 87' lang='lat' dir='ltr'>liberare,</span> <span class='ocrx_word' id='word_1_16' title='bbox 827 294 853 342; x_wconf 92' lang='lat' dir='ltr'>et</span> <span class='ocrx_word' id='word_1_17' title='bbox 867 285 906 340; x_wconf 93' lang='lat' dir='ltr'>le-</span> <span class='ocrx_word' id='word_1_18' title='bbox 919 286 1039 354; x_wconf 77' lang='lat' dir='ltr'>Aidem,</span> <span class='ocrx_word' id='word_1_19' title='bbox 1053 288 1125 361; x_wconf 91' lang='lat' dir='ltr'>quod</span> <span class='ocrx_word' id='word_1_20' title='bbox 1140 288 1243 344; x_wconf 87' lang='lat' dir='ltr'>idolum</span> <span class='ocrx_word' id='word_1_21' title='bbox 1272 288 1321 344; x_wconf 85' lang='lat' dir='ltr'>fuit</span> <span class='ocrx_word' id='word_1_22' title='bbox 1334 290 1409 345; x_wconf 90' lang='lat' dir='ltr'>olim.</span> <span class='ocrx_word' id='word_1_23' title='bbox 1425 291 1497 346; x_wconf 84' lang='lat' dir='ltr'>Vere</span> <span class='ocrx_word' id='word_1_24' title='bbox 1510 287 1701 346; x_wconf 81' lang='lat' dir='ltr'>convertimini</span> <span class='ocrx_word' id='word_1_25' title='bbox 1716 288 1753 344; x_wconf 90' lang='lat' dir='ltr'>ad</span> 
     </span>
     <span class='ocr_line' id='line_1_3' title="bbox 103 376 1748 452; baseline -0.001 -21"><span class='ocrx_word' id='word_1_26' title='bbox 103 392 167 450; x_wconf 89' lang='lat' dir='ltr'>gem</span> <span class='ocrx_word' id='word_1_27' title='bbox 181 377 322 431; x_wconf 89' lang='lat' dir='ltr'>destruere</span> <span class='ocrx_word' id='word_1_28' title='bbox 336 391 391 430; x_wconf 92' lang='lat' dir='ltr'>non</span> <span class='ocrx_word' id='word_1_29' title='bbox 406 383 509 446; x_wconf 89' lang='lat' dir='ltr'>posset,</span> <span class='ocrx_word' id='word_1_30' title='bbox 526 376 595 431; x_wconf 91' lang='lat' dir='ltr'>sicut</span> <span class='ocrx_word' id='word_1_31' title='bbox 610 376 729 445; x_wconf 91' lang='lat' dir='ltr'>oportuit</span> <span class='ocrx_word' id='word_1_32' title='bbox 743 384 772 429; x_wconf 93' lang='lat' dir='ltr'>ut</span> <span class='ocrx_word' id='word_1_33' title='bbox 786 382 901 430; x_wconf 90' lang='lat' dir='ltr'>mortem</span> <span class='ocrx_word' id='word_1_34' title='bbox 950 380 1050 452; x_wconf 79' lang='lat' dir='ltr'>legem3</span> <span class='ocrx_word' id='word_1_35' title='bbox 1060 392 1128 432; x_wconf 86' lang='lat' dir='ltr'>nom</span> <span class='ocrx_word' id='word_1_36' title='bbox 1138 391 1187 432; x_wconf 91' lang='lat' dir='ltr'>vos</span> <span class='ocrx_word' id='word_1_37' title='bbox 1197 380 1260 448; x_wconf 84' lang='lat' dir='ltr'>jam</span> <span class='ocrx_word' id='word_1_38' title='bbox 1275 378 1499 444; x_wconf 81' lang='lat' dir='ltr'>observatisdies,</span> <span class='ocrx_word' id='word_1_39' title='bbox 1516 376 1595 433; x_wconf 92' lang='lat' dir='ltr'>idest</span> <span class='ocrx_word' id='word_1_40' title='bbox 1609 376 1748 444; x_wconf 82' lang='lat' dir='ltr'>Sabbata3</span> 
     </span>
     <span class='ocr_line' id='line_1_4' title="bbox 103 463 1749 538; baseline -0.001 -19"><span class='ocrx_word' id='word_1_41' title='bbox 103 464 251 538; x_wconf 87' lang='lat' dir='ltr'>gustando,</span> <span class='ocrx_word' id='word_1_42' title='bbox 280 470 399 519; x_wconf 90' lang='lat' dir='ltr'>mortem</span> <span class='ocrx_word' id='word_1_43' title='bbox 426 464 585 519; x_wconf 88' lang='lat' dir='ltr'>destrueret.</span> <span class='ocrx_word' id='word_1_44' title='bbox 606 467 639 522; x_wconf 86' lang='lat' dir='ltr'>lit</span> <span class='ocrx_word' id='word_1_45' title='bbox 661 463 816 528; x_wconf 83' lang='lat' dir='ltr'>redimeret,</span> <span class='ocrx_word' id='word_1_46' title='bbox 832 471 859 517; x_wconf 90' lang='lat' dir='ltr'>et</span> <span class='ocrx_word' id='word_1_47' title='bbox 873 470 901 516; x_wconf 94' lang='lat' dir='ltr'>ut</span> <span class='ocrx_word' id='word_1_48' title='bbox 950 466 1105 522; x_wconf 89' lang='lat' dir='ltr'>observatis</span> <span class='ocrx_word' id='word_1_49' title='bbox 1120 465 1200 521; x_wconf 90' lang='lat' dir='ltr'>etiam</span> <span class='ocrx_word' id='word_1_50' title='bbox 1214 482 1334 535; x_wconf 82' lang='lat' dir='ltr'>menses,</span> <span class='ocrx_word' id='word_1_51' title='bbox 1351 465 1433 521; x_wconf 91' lang='lat' dir='ltr'>idest</span> <span class='ocrx_word' id='word_1_52' title='bbox 1454 465 1642 521; x_wconf 76' lang='lat' dir='ltr'>innovationes</span> <span class='ocrx_word' id='word_1_53' title='bbox 1656 464 1749 529; x_wconf 76' lang='lat' dir='ltr'>lunae3</span> 
     </span>
     <span class='ocr_line' id='line_1_5' title="bbox 104 552 1750 625; baseline -0.002 -17"><span class='ocrx_word' id='word_1_54' title='bbox 104 553 236 622; x_wconf 85' lang='lat' dir='ltr'>redempti</span> <span class='ocrx_word' id='word_1_55' title='bbox 260 554 449 623; x_wconf 77' lang='lat' dir='ltr'>reciperemus</span> <span class='ocrx_word' id='word_1_56' title='bbox 463 552 642 623; x_wconf 84' lang='lat' dir='ltr'>adoptionem</span> <span class='ocrx_word' id='word_1_57' title='bbox 655 552 791 621; x_wconf 85' lang='lat' dir='ltr'>fitiorum,</span> <span class='ocrx_word' id='word_1_58' title='bbox 815 552 844 607; x_wconf 92' lang='lat' dir='ltr'>id</span> <span class='ocrx_word' id='word_1_59' title='bbox 860 558 901 605; x_wconf 91' lang='lat' dir='ltr'>est</span> <span class='ocrx_word' id='word_1_60' title='bbox 950 558 1130 625; x_wconf 82' lang='lat' dir='ltr'>attempero,</span> <span class='ocrx_word' id='word_1_61' title='bbox 1147 553 1175 608; x_wconf 94' lang='lat' dir='ltr'>id</span> <span class='ocrx_word' id='word_1_62' title='bbox 1190 561 1231 609; x_wconf 92' lang='lat' dir='ltr'>est</span> <span class='ocrx_word' id='word_1_63' title='bbox 1242 553 1344 622; x_wconf 88' lang='lat' dir='ltr'>jejunia</span> <span class='ocrx_word' id='word_1_64' title='bbox 1367 554 1556 619; x_wconf 77' lang='lat' dir='ltr'>Hebraeorum,</span> <span class='ocrx_word' id='word_1_65' title='bbox 1572 553 1600 608; x_wconf 85' lang='lat' dir='ltr'>in</span> <span class='ocrx_word' id='word_1_66' title='bbox 1616 552 1750 623; x_wconf 90' lang='lat' dir='ltr'>tempori-</span> 
     </span>
     <span class='ocr_line' id='line_1_6' title="bbox 104 639 1750 711; baseline -0.002 -14"><span class='ocrx_word' id='word_1_67' title='bbox 104 656 227 697; x_wconf 88' lang='lat' dir='ltr'>cssemus</span> <span class='ocrx_word' id='word_1_68' title='bbox 242 639 289 694; x_wconf 90' lang='lat' dir='ltr'>filii</span> <span class='ocrx_word' id='word_1_69' title='bbox 303 640 484 710; x_wconf 81' lang='lat' dir='ltr'>suscipientes</span> <span class='ocrx_word' id='word_1_70' title='bbox 499 640 681 710; x_wconf 89' lang='lat' dir='ltr'>adoptionem,</span> <span class='ocrx_word' id='word_1_71' title='bbox 699 639 726 694; x_wconf 92' lang='lat' dir='ltr'>id</span> <span class='ocrx_word' id='word_1_72' title='bbox 734 639 899 694; x_wconf 85' lang='lat' dir='ltr'>esthaeredi-</span> <span class='ocrx_word' id='word_1_73' title='bbox 950 642 1001 697; x_wconf 87' lang='lat' dir='ltr'>bus</span> <span class='ocrx_word' id='word_1_74' title='bbox 1020 649 1138 707; x_wconf 90' lang='lat' dir='ltr'>statuta;</span> <span class='ocrx_word' id='word_1_75' title='bbox 1154 641 1502 707; x_wconf 85' lang='lat' dir='ltr'>observatisetiamcnncs,</span> <span class='ocrx_word' id='word_1_76' title='bbox 1514 640 1543 695; x_wconf 92' lang='lat' dir='ltr'>id</span> <span class='ocrx_word' id='word_1_77' title='bbox 1553 648 1594 696; x_wconf 90' lang='lat' dir='ltr'>est</span> <span class='ocrx_word' id='word_1_78' title='bbox 1604 639 1750 711; x_wconf 84' lang='lat' dir='ltr'>septimum</span> 
     </span>
     <span class='ocr_line' id='line_1_7' title="bbox 103 727 1556 799; baseline -0.001 -14"><span class='ocrx_word' id='word_1_79' title='bbox 103 737 186 785; x_wconf 85' lang='lat' dir='ltr'>tatem</span> <span class='ocrx_word' id='word_1_80' title='bbox 216 737 356 794; x_wconf 82' lang='lat' dir='ltr'>aeternam,</span> <span class='ocrx_word' id='word_1_81' title='bbox 382 743 463 799; x_wconf 89' lang='lat' dir='ltr'>quam</span> <span class='ocrx_word' id='word_1_82' title='bbox 478 728 557 781; x_wconf 90' lang='lat' dir='ltr'>nobis</span> <span class='ocrx_word' id='word_1_83' title='bbox 576 727 665 799; x_wconf 82' lang='lat' dir='ltr'>gratia</span> <span class='ocrx_word' id='word_1_84' title='bbox 679 727 729 782; x_wconf 92' lang='lat' dir='ltr'>Dei</span> <span class='ocrx_word' id='word_1_85' title='bbox 744 727 895 797; x_wconf 88' lang='lat' dir='ltr'>adoptavit.</span> <span class='ocrx_word' id='word_1_86' title='bbox 950 745 1062 795; x_wconf 89' lang='lat' dir='ltr'>annum,</span> <span class='ocrx_word' id='word_1_87' title='bbox 1078 737 1105 785; x_wconf 92' lang='lat' dir='ltr'>et</span> <span class='ocrx_word' id='word_1_88' title='bbox 1116 729 1256 799; x_wconf 66' lang='lat' dir='ltr'>jubilaeum</span> <span class='ocrx_word' id='word_1_89' title='bbox 1270 745 1347 786; x_wconf 92' lang='lat' dir='ltr'>more</span> <span class='ocrx_word' id='word_1_90' title='bbox 1361 729 1556 785; x_wconf 73' lang='lat' dir='ltr'>Hebraeorum.</span> 
     </span>
    </p>

    <p class='ocr_par' dir='ltr' id='par_1_3' title="bbox 102 801 1750 889">
     <span class='ocr_line' id='line_1_8' title="bbox 102 801 1750 889; baseline -0.002 -16"><span class='ocrx_word' id='word_1_91' title='bbox 102 801 155 873; x_wconf 84' lang='lat' dir='ltr'>Ubi</span> <span class='ocrx_word' id='word_1_92' title='bbox 182 816 218 871; x_wconf 90' lang='lat' dir='ltr'>ait</span> <span class='ocrx_word' id='word_1_93' title='bbox 244 818 355 887; x_wconf 74' lang='lat' dir='ltr'>[cctam</span> <span class='ocrx_word' id='word_1_94' title='bbox 371 831 407 871; x_wconf 83' lang='grc' dir='ltr'>ιι</span> <span class='ocrx_word' id='word_1_95' title='bbox 423 816 552 880; x_wconf 85' lang='lat' dir='ltr'>muliere,</span> <span class='ocrx_word' id='word_1_96' title='bbox 569 815 707 886; x_wconf 78' lang='lat' dir='ltr'>quaeritur,</span> <span class='ocrx_word' id='word_1_97' title='bbox 725 830 787 871; x_wconf 94' lang='lat' dir='ltr'>cum</span> <span class='ocrx_word' id='word_1_98' title='bbox 801 815 900 886; x_wconf 90' lang='lat' dir='ltr'>ubique</span> <span class='ocrx_word' id='word_1_99' title='bbox 986 818 1020 871; x_wconf 83' lang='lat' dir='ltr'>Et</span> <span class='ocrx_word' id='word_1_100' title='bbox 1035 817 1098 889; x_wconf 90' lang='lat' dir='ltr'>quia</span> <span class='ocrx_word' id='word_1_101' title='bbox 1114 817 1153 873; x_wconf 89' lang='lat' dir='ltr'>sic</span> <span class='ocrx_word' id='word_1_102' title='bbox 1169 817 1259 888; x_wconf 91' lang='lat' dir='ltr'>agitis,</span> <span class='ocrx_word' id='word_1_103' title='bbox 1277 819 1362 875; x_wconf 87' lang='lat' dir='ltr'>timeo</span> <span class='ocrx_word' id='word_1_104' title='bbox 1376 833 1431 883; x_wconf 82' lang='lat' dir='ltr'>vos,</span> <span class='ocrx_word' id='word_1_105' title='bbox 1446 817 1475 872; x_wconf 95' lang='lat' dir='ltr'>id</span> <span class='ocrx_word' id='word_1_106' title='bbox 1498 815 1619 872; x_wconf 91' lang='lat' dir='ltr'>estnihil</span> <span class='ocrx_word' id='word_1_107' title='bbox 1635 816 1707 871; x_wconf 87' lang='lat' dir='ltr'>adeo</span> <span class='ocrx_word' id='word_1_108' title='bbox 1721 815 1750 870; x_wconf 92' lang='lat' dir='ltr'>in</span> 
     </span>
    </p>
   </div>
   <div class='ocr_carea' id='block_1_3' title="bbox 100 903 1756 5452">
    <p class='ocr_par' dir='ltr' id='par_1_4' title="bbox 100 903 1754 4570">
     <span class='ocr_line' id='line_1_9' title="bbox 103 903 1749 976; baseline -0.002 -15"><span class='ocrx_word' id='word_1_109' title='bbox 103 907 178 961; x_wconf 87' lang='lat' dir='ltr'>Deus</span> <span class='ocrx_word' id='word_1_110' title='bbox 192 912 263 960; x_wconf 90' lang='lat' dir='ltr'>totus</span> <span class='ocrx_word' id='word_1_111' title='bbox 278 911 361 970; x_wconf 91' lang='lat' dir='ltr'>esset,</span> <span class='ocrx_word' id='word_1_112' title='bbox 377 903 900 975; x_wconf 86' lang='lat' dir='ltr'>quomodomagisfueritinuturoVir·</span> <span class='ocrx_word' id='word_1_113' title='bbox 950 906 1028 961; x_wconf 90' lang='lat' dir='ltr'>vobis</span> <span class='ocrx_word' id='word_1_114' title='bbox 1055 906 1137 960; x_wconf 93' lang='lat' dir='ltr'>timeo</span> <span class='ocrx_word' id='word_1_115' title='bbox 1165 905 1243 960; x_wconf 86' lang='lat' dir='ltr'>sicuti</span> <span class='ocrx_word' id='word_1_116' title='bbox 1255 920 1318 961; x_wconf 92' lang='lat' dir='ltr'>vos.</span> <span class='ocrx_word' id='word_1_117' title='bbox 1350 905 1454 974; x_wconf 87' lang='lat' dir='ltr'>Timeo,</span> <span class='ocrx_word' id='word_1_118' title='bbox 1471 906 1590 976; x_wconf 90' lang='lat' dir='ltr'>inquam,</span> <span class='ocrx_word' id='word_1_119' title='bbox 1615 919 1653 960; x_wconf 93' lang='lat' dir='ltr'>ne</span> <span class='ocrx_word' id='word_1_120' title='bbox 1673 907 1749 975; x_wconf 71' lang='lat' dir='ltr'>sorte</span> 
     </span>
     <span class='ocr_line' id='line_1_10' title="bbox 100 989 1749 1065; baseline 0 -19"><span class='ocrx_word' id='word_1_121' title='bbox 100 992 183 1064; x_wconf 92' lang='lat' dir='ltr'>ginis.</span> <span class='ocrx_word' id='word_1_122' title='bbox 201 992 284 1062; x_wconf 83' lang='lat' dir='ltr'>Cujus</span> <span class='ocrx_word' id='word_1_123' title='bbox 298 991 338 1047; x_wconf 92' lang='lat' dir='ltr'>rei</span> <span class='ocrx_word' id='word_1_124' title='bbox 366 998 470 1061; x_wconf 89' lang='lat' dir='ltr'>ponunt</span> <span class='ocrx_word' id='word_1_125' title='bbox 485 989 573 1045; x_wconf 90' lang='lat' dir='ltr'>sancti</span> <span class='ocrx_word' id='word_1_126' title='bbox 587 990 791 1045; x_wconf 89' lang='lat' dir='ltr'>similitudinem</span> <span class='ocrx_word' id='word_1_127' title='bbox 806 991 900 1059; x_wconf 84' lang='lat' dir='ltr'>hujus·</span> <span class='ocrx_word' id='word_1_128' title='bbox 951 993 1035 1065; x_wconf 88' lang='lat' dir='ltr'>(quod</span> <span class='ocrx_word' id='word_1_129' title='bbox 1049 993 1103 1048; x_wconf 91' lang='lat' dir='ltr'>cito</span> <span class='ocrx_word' id='word_1_130' title='bbox 1118 992 1277 1063; x_wconf 86' lang='lat' dir='ltr'>contingere</span> <span class='ocrx_word' id='word_1_131' title='bbox 1300 994 1401 1063; x_wconf 82' lang='lat' dir='ltr'>potest)</span> <span class='ocrx_word' id='word_1_132' title='bbox 1427 993 1611 1049; x_wconf 84' lang='lat' dir='ltr'>loboraverim</span> <span class='ocrx_word' id='word_1_133' title='bbox 1627 994 1659 1046; x_wconf 83' lang='lat' dir='ltr'>in</span> <span class='ocrx_word' id='word_1_134' title='bbox 1673 991 1749 1047; x_wconf 83' lang='lat' dir='ltr'>vobis</span> 
     </span>
     <span class='ocr_line' id='line_1_11' title="bbox 101 1078 1750 1152; baseline -0.001 -16"><span class='ocrx_word' id='word_1_135' title='bbox 101 1081 186 1147; x_wconf 91' lang='lat' dir='ltr'>modi,</span> <span class='ocrx_word' id='word_1_136' title='bbox 202 1080 284 1152; x_wconf 91' lang='lat' dir='ltr'>quod,</span> <span class='ocrx_word' id='word_1_137' title='bbox 315 1079 385 1134; x_wconf 92' lang='lat' dir='ltr'>sicut</span> <span class='ocrx_word' id='word_1_138' title='bbox 405 1078 504 1142; x_wconf 90' lang='lat' dir='ltr'>anima,</span> <span class='ocrx_word' id='word_1_139' title='bbox 519 1078 584 1132; x_wconf 91' lang='lat' dir='ltr'>dum</span> <span class='ocrx_word' id='word_1_140' title='bbox 600 1086 640 1133; x_wconf 89' lang='lat' dir='ltr'>est</span> <span class='ocrx_word' id='word_1_141' title='bbox 654 1079 819 1150; x_wconf 85' lang='lat' dir='ltr'>incorpore,</span> <span class='ocrx_word' id='word_1_142' title='bbox 836 1094 900 1134; x_wconf 92' lang='lat' dir='ltr'>cor·</span> <span class='ocrx_word' id='word_1_143' title='bbox 950 1083 1116 1139; x_wconf 83' lang='lat' dir='ltr'>sinecooso.</span> <span class='ocrx_word' id='word_1_144' title='bbox 1133 1080 1217 1135; x_wconf 91' lang='lat' dir='ltr'>idest</span> <span class='ocrx_word' id='word_1_145' title='bbox 1245 1080 1303 1135; x_wconf 91' lang='lat' dir='ltr'>sine</span> <span class='ocrx_word' id='word_1_146' title='bbox 1317 1079 1405 1136; x_wconf 81' lang='lat' dir='ltr'>fructu</span> <span class='ocrx_word' id='word_1_147' title='bbox 1432 1080 1564 1135; x_wconf 88' lang='lat' dir='ltr'>utilitatis.</span> <span class='ocrx_word' id='word_1_148' title='bbox 1588 1079 1643 1135; x_wconf 91' lang='lat' dir='ltr'>Sed</span> <span class='ocrx_word' id='word_1_149' title='bbox 1656 1094 1691 1135; x_wconf 89' lang='lat' dir='ltr'>ne</span> <span class='ocrx_word' id='word_1_150' title='bbox 1704 1093 1750 1134; x_wconf 90' lang='lat' dir='ltr'>me</span> 
     </span>
     <span class='ocr_line' id='line_1_12' title="bbox 102 1166 1751 1240; baseline -0.001 -17"><span class='ocrx_word' id='word_1_151' title='bbox 102 1185 154 1240; x_wconf 93' lang='lat' dir='ltr'>pus</span> <span class='ocrx_word' id='word_1_152' title='bbox 167 1168 257 1239; x_wconf 91' lang='lat' dir='ltr'>ipsum</span> <span class='ocrx_word' id='word_1_153' title='bbox 271 1166 417 1231; x_wconf 89' lang='lat' dir='ltr'>sensiticat,</span> <span class='ocrx_word' id='word_1_154' title='bbox 433 1166 505 1236; x_wconf 89' lang='lat' dir='ltr'>regit</span> <span class='ocrx_word' id='word_1_155' title='bbox 520 1175 545 1220; x_wconf 93' lang='lat' dir='ltr'>et</span> <span class='ocrx_word' id='word_1_156' title='bbox 554 1166 645 1222; x_wconf 86' lang='lat' dir='ltr'>vivere</span> <span class='ocrx_word' id='word_1_157' title='bbox 654 1167 717 1222; x_wconf 86' lang='lat' dir='ltr'>facit</span> <span class='ocrx_word' id='word_1_158' title='bbox 731 1185 739 1232; x_wconf 82' lang='lat'><em>3</em></span> <span class='ocrx_word' id='word_1_159' title='bbox 754 1174 900 1238; x_wconf 83' lang='lat' dir='ltr'>segregata</span> <span class='ocrx_word' id='word_1_160' title='bbox 950 1168 1051 1223; x_wconf 84' lang='lat' dir='ltr'>trustra</span> <span class='ocrx_word' id='word_1_161' title='bbox 1064 1169 1204 1223; x_wconf 86' lang='lat' dir='ltr'>laborasse</span> <span class='ocrx_word' id='word_1_162' title='bbox 1219 1168 1368 1240; x_wconf 85' lang='lat' dir='ltr'>contingat,</span> <span class='ocrx_word' id='word_1_163' title='bbox 1376 1172 1467 1224; x_wconf 85' lang='lat' dir='ltr'>estote</span> <span class='ocrx_word' id='word_1_164' title='bbox 1481 1170 1557 1225; x_wconf 85' lang='lat' dir='ltr'>sieut</span> <span class='ocrx_word' id='word_1_165' title='bbox 1570 1183 1627 1239; x_wconf 77' lang='lat' dir='ltr'>ego,</span> <span class='ocrx_word' id='word_1_166' title='bbox 1639 1183 1751 1223; x_wconf 91' lang='lat' dir='ltr'>noncu-</span> 
     </span>
     <span class='ocr_line' id='line_1_13' title="bbox 102 1253 1750 1329; baseline -0.001 -17"><span class='ocrx_word' id='word_1_167' title='bbox 102 1273 118 1311; x_wconf 90' lang='lat' dir='ltr'>a</span> <span class='ocrx_word' id='word_1_168' title='bbox 132 1272 256 1327; x_wconf 90' lang='lat' dir='ltr'>corpore,</span> <span class='ocrx_word' id='word_1_169' title='bbox 272 1254 336 1309; x_wconf 89' lang='lat' dir='ltr'>alibi</span> <span class='ocrx_word' id='word_1_170' title='bbox 351 1254 462 1325; x_wconf 91' lang='lat' dir='ltr'>quidam</span> <span class='ocrx_word' id='word_1_171' title='bbox 478 1260 532 1307; x_wconf 91' lang='lat' dir='ltr'>tota</span> <span class='ocrx_word' id='word_1_172' title='bbox 547 1253 672 1308; x_wconf 89' lang='lat' dir='ltr'>similiter</span> <span class='ocrx_word' id='word_1_173' title='bbox 686 1262 737 1320; x_wconf 91' lang='lat' dir='ltr'>est,</span> <span class='ocrx_word' id='word_1_174' title='bbox 749 1270 799 1309; x_wconf 92' lang='lat' dir='ltr'>nec</span> <span class='ocrx_word' id='word_1_175' title='bbox 811 1262 900 1309; x_wconf 90' lang='lat' dir='ltr'>tamen</span> <span class='ocrx_word' id='word_1_176' title='bbox 950 1264 1042 1312; x_wconf 89' lang='lat' dir='ltr'>rantes</span> <span class='ocrx_word' id='word_1_177' title='bbox 1053 1256 1162 1329; x_wconf 83' lang='lat' dir='ltr'>legalia,</span> <span class='ocrx_word' id='word_1_178' title='bbox 1180 1258 1282 1328; x_wconf 86' lang='lat' dir='ltr'>qniaet</span> <span class='ocrx_word' id='word_1_179' title='bbox 1296 1272 1345 1327; x_wconf 80' lang='lat' dir='ltr'>eqo</span> <span class='ocrx_word' id='word_1_180' title='bbox 1358 1254 1396 1310; x_wconf 88' lang='lat' dir='ltr'>iai</span> <span class='ocrx_word' id='word_1_181' title='bbox 1413 1255 1478 1311; x_wconf 92' lang='lat' dir='ltr'>olim</span> <span class='ocrx_word' id='word_1_182' title='bbox 1498 1255 1595 1327; x_wconf 86' lang='lat' dir='ltr'>legalis</span> <span class='ocrx_word' id='word_1_183' title='bbox 1607 1258 1685 1312; x_wconf 83' lang='lat' dir='ltr'>sicat</span> <span class='ocrx_word' id='word_1_184' title='bbox 1703 1271 1750 1313; x_wconf 86' lang='lat' dir='ltr'>vos</span> 
     </span>
     <span class='ocr_line' id='line_1_14' title="bbox 101 1340 1751 1414; baseline -0.002 -15"><span class='ocrx_word' id='word_1_185' title='bbox 101 1344 202 1399; x_wconf 83' lang='lat' dir='ltr'>ibidem</span> <span class='ocrx_word' id='word_1_186' title='bbox 230 1343 350 1399; x_wconf 89' lang='lat' dir='ltr'>officium</span> <span class='ocrx_word' id='word_1_187' title='bbox 377 1342 441 1397; x_wconf 84' lang='lat' dir='ltr'>iacit</span> <span class='ocrx_word' id='word_1_188' title='bbox 462 1354 468 1394; x_wconf 94' lang='lat'><strong>:</strong></span> <span class='ocrx_word' id='word_1_189' title='bbox 486 1340 521 1394; x_wconf 91' lang='lat' dir='ltr'>ita</span> <span class='ocrx_word' id='word_1_190' title='bbox 536 1341 672 1411; x_wconf 88' lang='lat' dir='ltr'>divinitas,</span> <span class='ocrx_word' id='word_1_191' title='bbox 688 1341 752 1398; x_wconf 90' lang='lat' dir='ltr'>licet</span> <span class='ocrx_word' id='word_1_192' title='bbox 766 1342 831 1397; x_wconf 88' lang='lat' dir='ltr'>alibi</span> <span class='ocrx_word' id='word_1_193' title='bbox 846 1349 900 1397; x_wconf 91' lang='lat' dir='ltr'>tota</span> <span class='ocrx_word' id='word_1_194' title='bbox 951 1360 1013 1398; x_wconf 89' lang='lat' dir='ltr'>esse</span> <span class='ocrx_word' id='word_1_195' title='bbox 1027 1343 1118 1410; x_wconf 90' lang='lat' dir='ltr'>vultis,</span> <span class='ocrx_word' id='word_1_196' title='bbox 1135 1351 1161 1398; x_wconf 91' lang='lat' dir='ltr'>et</span> <span class='ocrx_word' id='word_1_197' title='bbox 1175 1343 1293 1399; x_wconf 90' lang='lat' dir='ltr'>deserui.</span> <span class='ocrx_word' id='word_1_198' title='bbox 1310 1344 1390 1399; x_wconf 88' lang='lat' dir='ltr'>ltodo</span> <span class='ocrx_word' id='word_1_199' title='bbox 1406 1343 1505 1409; x_wconf 86' lang='lat' dir='ltr'>videte,</span> <span class='ocrx_word' id='word_1_200' title='bbox 1522 1358 1604 1413; x_wconf 85' lang='lat' dir='ltr'>quarn</span> <span class='ocrx_word' id='word_1_201' title='bbox 1619 1342 1751 1414; x_wconf 90' lang='lat' dir='ltr'>insipien·</span> 
     </span>
     <span class='ocr_line' id='line_1_15' title="bbox 103 1419 1750 1503; baseline -0.001 -16"><span class='ocrx_word' id='word_1_202' title='bbox 103 1433 146 1500; x_wconf 92' lang='grc' dir='ltr'>ιιι,</span> <span class='ocrx_word' id='word_1_203' title='bbox 163 1433 233 1487; x_wconf 93' lang='lat' dir='ltr'>utin</span> <span class='ocrx_word' id='word_1_204' title='bbox 249 1439 326 1486; x_wconf 92' lang='lat' dir='ltr'>utero</span> <span class='ocrx_word' id='word_1_205' title='bbox 349 1430 478 1503; x_wconf 87' lang='lat' dir='ltr'>Virginis,</span> <span class='ocrx_word' id='word_1_206' title='bbox 502 1436 663 1484; x_wconf 89' lang='lat' dir='ltr'>nontamen</span> <span class='ocrx_word' id='word_1_207' title='bbox 690 1430 813 1502; x_wconf 91' lang='lat' dir='ltr'>sequitur</span> <span class='ocrx_word' id='word_1_208' title='bbox 827 1430 900 1501; x_wconf 92' lang='lat' dir='ltr'>quod</span> <span class='ocrx_word' id='word_1_209' title='bbox 948 1419 992 1486; x_wconf 92' lang='lat' dir='ltr'>ter</span> <span class='ocrx_word' id='word_1_210' title='bbox 1010 1432 1062 1487; x_wconf 91' lang='lat' dir='ltr'>hoc</span> <span class='ocrx_word' id='word_1_211' title='bbox 1076 1431 1174 1486; x_wconf 88' lang='lat' dir='ltr'>velitis.</span> <span class='ocrx_word' id='word_1_212' title='bbox 1205 1430 1253 1486; x_wconf 85' lang='lat' dir='ltr'>Vel</span> <span class='ocrx_word' id='word_1_213' title='bbox 1268 1431 1305 1486; x_wconf 92' lang='lat' dir='ltr'>ita</span> <span class='ocrx_word' id='word_1_214' title='bbox 1321 1449 1328 1485; x_wconf 90' lang='lat'>:</span> <span class='ocrx_word' id='word_1_215' title='bbox 1345 1432 1439 1487; x_wconf 80' lang='lat' dir='ltr'>Estote</span> <span class='ocrx_word' id='word_1_216' title='bbox 1452 1433 1529 1487; x_wconf 84' lang='lat' dir='ltr'>sient</span> <span class='ocrx_word' id='word_1_217' title='bbox 1541 1447 1600 1502; x_wconf 79' lang='lat' dir='ltr'>eqo,</span> <span class='ocrx_word' id='word_1_218' title='bbox 1616 1429 1681 1501; x_wconf 91' lang='lat' dir='ltr'>quia</span> <span class='ocrx_word' id='word_1_219' title='bbox 1696 1445 1750 1501; x_wconf 85' lang='lat' dir='ltr'>ego</span> 
     </span>
     <span class='ocr_line' id='line_1_16' title="bbox 102 1516 1750 1591; baseline 0 -17"><span class='ocrx_word' id='word_1_220' title='bbox 102 1521 174 1576; x_wconf 90' lang='lat' dir='ltr'>idem</span> <span class='ocrx_word' id='word_1_221' title='bbox 199 1527 326 1590; x_wconf 83' lang='lat' dir='ltr'>operetur</span> <span class='ocrx_word' id='word_1_222' title='bbox 347 1519 411 1572; x_wconf 85' lang='lat' dir='ltr'>alibi</span> <span class='ocrx_word' id='word_1_223' title='bbox 434 1520 508 1590; x_wconf 91' lang='lat' dir='ltr'>quod</span> <span class='ocrx_word' id='word_1_224' title='bbox 530 1519 559 1572; x_wconf 92' lang='lat' dir='ltr'>in</span> <span class='ocrx_word' id='word_1_225' title='bbox 573 1527 650 1573; x_wconf 92' lang='lat' dir='ltr'>utero</span> <span class='ocrx_word' id='word_1_226' title='bbox 666 1518 796 1590; x_wconf 86' lang='lat' dir='ltr'>Virginis.</span> <span class='ocrx_word' id='word_1_227' title='bbox 814 1519 900 1588; x_wconf 91' lang='lat' dir='ltr'>Supe·</span> <span class='ocrx_word' id='word_1_228' title='bbox 950 1536 1010 1573; x_wconf 91' lang='lat' dir='ltr'>sum</span> <span class='ocrx_word' id='word_1_229' title='bbox 1025 1520 1092 1574; x_wconf 90' lang='lat' dir='ltr'>sicut</span> <span class='ocrx_word' id='word_1_230' title='bbox 1106 1535 1164 1585; x_wconf 91' lang='lat' dir='ltr'>vos,</span> <span class='ocrx_word' id='word_1_231' title='bbox 1181 1519 1319 1591; x_wconf 76' lang='lat' dir='ltr'>gentiliter</span> <span class='ocrx_word' id='word_1_232' title='bbox 1335 1519 1440 1574; x_wconf 86' lang='lat' dir='ltr'>vivens.</span> <span class='ocrx_word' id='word_1_233' title='bbox 1456 1518 1649 1589; x_wconf 87' lang='lat' dir='ltr'>Imponebatur</span> <span class='ocrx_word' id='word_1_234' title='bbox 1664 1516 1750 1574; x_wconf 85' lang='lat' dir='ltr'>Paulo</span> 
     </span>
     <span class='ocr_line' id='line_1_17' title="bbox 102 1605 1751 1689; baseline -0.001 -26"><span class='ocrx_word' id='word_1_235' title='bbox 102 1609 158 1664; x_wconf 91' lang='lat' dir='ltr'>rius</span> <span class='ocrx_word' id='word_1_236' title='bbox 180 1616 291 1663; x_wconf 90' lang='lat' dir='ltr'>notasse</span> <span class='ocrx_word' id='word_1_237' title='bbox 316 1605 459 1661; x_wconf 88' lang='lat' dir='ltr'>debuimus</span> <span class='ocrx_word' id='word_1_238' title='bbox 480 1607 564 1678; x_wconf 93' lang='lat' dir='ltr'>quod,</span> <span class='ocrx_word' id='word_1_239' title='bbox 590 1605 818 1676; x_wconf 81' lang='lat' dir='ltr'>quemadmodum</span> <span class='ocrx_word' id='word_1_240' title='bbox 839 1622 900 1676; x_wconf 92' lang='lat' dir='ltr'>par·</span> <span class='ocrx_word' id='word_1_241' title='bbox 913 1606 985 1689; x_wconf 78' lang='lat' dir='ltr'>Bab</span> <span class='ocrx_word' id='word_1_242' title='bbox 1000 1607 1052 1661; x_wconf 87' lang='lat' dir='ltr'>illis</span> <span class='ocrx_word' id='word_1_243' title='bbox 1067 1607 1181 1676; x_wconf 86' lang='lat' dir='ltr'>pseudo,</span> <span class='ocrx_word' id='word_1_244' title='bbox 1198 1606 1272 1678; x_wconf 91' lang='lat' dir='ltr'>quod</span> <span class='ocrx_word' id='word_1_245' title='bbox 1285 1605 1348 1661; x_wconf 91' lang='lat' dir='ltr'>odio</span> <span class='ocrx_word' id='word_1_246' title='bbox 1376 1605 1488 1662; x_wconf 89' lang='lat' dir='ltr'>haberet</span> <span class='ocrx_word' id='word_1_247' title='bbox 1502 1606 1624 1672; x_wconf 87' lang='lat' dir='ltr'>Galatas,</span> <span class='ocrx_word' id='word_1_248' title='bbox 1648 1613 1675 1662; x_wconf 93' lang='lat' dir='ltr'>et</span> <span class='ocrx_word' id='word_1_249' title='bbox 1688 1605 1751 1661; x_wconf 90' lang='lat' dir='ltr'>ideo</span> 
     </span>
     <span class='ocr_line' id='line_1_18' title="bbox 103 1692 1750 1765; baseline -0.002 -14"><span class='ocrx_word' id='word_1_250' title='bbox 103 1695 182 1752; x_wconf 89' lang='lat' dir='ltr'>vulus</span> <span class='ocrx_word' id='word_1_251' title='bbox 210 1695 266 1760; x_wconf 93' lang='lat' dir='ltr'>ille,</span> <span class='ocrx_word' id='word_1_252' title='bbox 296 1694 320 1749; x_wconf 92' lang='lat' dir='ltr'>si</span> <span class='ocrx_word' id='word_1_253' title='bbox 332 1694 409 1764; x_wconf 90' lang='lat' dir='ltr'>prius</span> <span class='ocrx_word' id='word_1_254' title='bbox 433 1710 513 1764; x_wconf 92' lang='lat' dir='ltr'>qnam</span> <span class='ocrx_word' id='word_1_255' title='bbox 528 1693 620 1748; x_wconf 87' lang='lat' dir='ltr'>veniat</span> <span class='ocrx_word' id='word_1_256' title='bbox 634 1693 668 1747; x_wconf 91' lang='lat' dir='ltr'>ad</span> <span class='ocrx_word' id='word_1_257' title='bbox 683 1701 803 1749; x_wconf 89' lang='lat' dir='ltr'>maturos</span> <span class='ocrx_word' id='word_1_258' title='bbox 814 1709 900 1749; x_wconf 86' lang='lat' dir='ltr'>annos</span> <span class='ocrx_word' id='word_1_259' title='bbox 950 1711 1006 1750; x_wconf 93' lang='lat' dir='ltr'>non</span> <span class='ocrx_word' id='word_1_260' title='bbox 1015 1695 1165 1765; x_wconf 88' lang='lat' dir='ltr'>aperuisset</span> <span class='ocrx_word' id='word_1_261' title='bbox 1178 1694 1233 1748; x_wconf 89' lang='lat' dir='ltr'>illis</span> <span class='ocrx_word' id='word_1_262' title='bbox 1247 1709 1357 1749; x_wconf 92' lang='lat' dir='ltr'>omnem</span> <span class='ocrx_word' id='word_1_263' title='bbox 1372 1694 1523 1749; x_wconf 90' lang='lat' dir='ltr'>veritatem.</span> <span class='ocrx_word' id='word_1_264' title='bbox 1543 1695 1584 1749; x_wconf 90' lang='lat' dir='ltr'>De</span> <span class='ocrx_word' id='word_1_265' title='bbox 1599 1709 1652 1765; x_wconf 89' lang='lat' dir='ltr'>que</span> <span class='ocrx_word' id='word_1_266' title='bbox 1665 1692 1750 1748; x_wconf 89' lang='lat' dir='ltr'>modo</span> 
     </span>
     <span class='ocr_line' id='line_1_19' title="bbox 101 1781 1749 1854; baseline -0.002 -15"><span class='ocrx_word' id='word_1_267' title='bbox 101 1783 225 1848; x_wconf 90' lang='lat' dir='ltr'>moritur,</span> <span class='ocrx_word' id='word_1_268' title='bbox 240 1782 421 1839; x_wconf 67' lang='lat' dir='ltr'>hereditatem</span> <span class='ocrx_word' id='word_1_269' title='bbox 438 1782 542 1848; x_wconf 90' lang='lat' dir='ltr'>amittit;</span> <span class='ocrx_word' id='word_1_270' title='bbox 560 1781 600 1837; x_wconf 89' lang='lat' dir='ltr'>sic</span> <span class='ocrx_word' id='word_1_271' title='bbox 614 1781 659 1852; x_wconf 92' lang='lat' dir='ltr'>qui</span> <span class='ocrx_word' id='word_1_272' title='bbox 674 1781 779 1854; x_wconf 83' lang='lat' dir='ltr'>delege</span> <span class='ocrx_word' id='word_1_273' title='bbox 789 1781 824 1835; x_wconf 93' lang='lat' dir='ltr'>ad</span> <span class='ocrx_word' id='word_1_274' title='bbox 839 1797 900 1835; x_wconf 91' lang='lat' dir='ltr'>ma·</span> <span class='ocrx_word' id='word_1_275' title='bbox 950 1788 1061 1838; x_wconf 88' lang='lat' dir='ltr'>excusat</span> <span class='ocrx_word' id='word_1_276' title='bbox 1088 1798 1128 1848; x_wconf 87' lang='lat' dir='ltr'>se,</span> <span class='ocrx_word' id='word_1_277' title='bbox 1159 1789 1185 1837; x_wconf 94' lang='lat' dir='ltr'>et</span> <span class='ocrx_word' id='word_1_278' title='bbox 1213 1782 1305 1836; x_wconf 87' lang='lat' dir='ltr'>laudat</span> <span class='ocrx_word' id='word_1_279' title='bbox 1319 1796 1367 1837; x_wconf 92' lang='lat' dir='ltr'>eos</span> <span class='ocrx_word' id='word_1_280' title='bbox 1380 1781 1415 1836; x_wconf 90' lang='lat' dir='ltr'>de</span> <span class='ocrx_word' id='word_1_281' title='bbox 1429 1781 1514 1852; x_wconf 87' lang='lat' dir='ltr'>priori</span> <span class='ocrx_word' id='word_1_282' title='bbox 1528 1781 1749 1847; x_wconf 88' lang='lat' dir='ltr'>conversatione,</span> 
     </span>
     <span class='ocr_line' id='line_1_20' title="bbox 101 1867 1751 1941; baseline 0 -16"><span class='ocrx_word' id='word_1_283' title='bbox 101 1870 238 1926; x_wconf 90' lang='lat' dir='ltr'>turitatem</span> <span class='ocrx_word' id='word_1_284' title='bbox 252 1868 316 1924; x_wconf 86' lang='lat' dir='ltr'>fidei</span> <span class='ocrx_word' id='word_1_285' title='bbox 330 1869 446 1924; x_wconf 91' lang='lat' dir='ltr'>transire</span> <span class='ocrx_word' id='word_1_286' title='bbox 460 1868 588 1935; x_wconf 91' lang='lat' dir='ltr'>noluerit,</span> <span class='ocrx_word' id='word_1_287' title='bbox 604 1884 702 1939; x_wconf 85' lang='lat' dir='ltr'>expers</span> <span class='ocrx_word' id='word_1_288' title='bbox 716 1867 745 1923; x_wconf 86' lang='lat' dir='ltr'>fit</span> <span class='ocrx_word' id='word_1_289' title='bbox 758 1868 901 1924; x_wconf 76' lang='lat' dir='ltr'>haeredita·</span> <span class='ocrx_word' id='word_1_290' title='bbox 949 1869 978 1923; x_wconf 92' lang='lat' dir='ltr'>in</span> <span class='ocrx_word' id='word_1_291' title='bbox 993 1885 1046 1940; x_wconf 88' lang='lat' dir='ltr'>qua</span> <span class='ocrx_word' id='word_1_292' title='bbox 1060 1869 1217 1924; x_wconf 90' lang='lat' dir='ltr'>semultum</span> <span class='ocrx_word' id='word_1_293' title='bbox 1243 1869 1377 1941; x_wconf 90' lang='lat' dir='ltr'>benignos</span> <span class='ocrx_word' id='word_1_294' title='bbox 1399 1868 1546 1925; x_wconf 87' lang='lat' dir='ltr'>exhibuere</span> <span class='ocrx_word' id='word_1_295' title='bbox 1560 1869 1655 1938; x_wconf 84' lang='lat' dir='ltr'>Paulo.</span> <span class='ocrx_word' id='word_1_296' title='bbox 1684 1868 1751 1925; x_wconf 88' lang='lat' dir='ltr'>ideo</span> 
     </span>
     <span class='ocr_line' id='line_1_21' title="bbox 102 1956 1752 2028; baseline -0.002 -13"><span class='ocrx_word' id='word_1_297' title='bbox 102 1959 149 2015; x_wconf 86' lang='lat' dir='ltr'>tis.</span> <span class='ocrx_word' id='word_1_298' title='bbox 951 1958 1031 2012; x_wconf 89' lang='lat' dir='ltr'>etiam</span> <span class='ocrx_word' id='word_1_299' title='bbox 1042 1958 1081 2013; x_wconf 90' lang='lat' dir='ltr'>sic</span> <span class='ocrx_word' id='word_1_300' title='bbox 1096 1956 1243 2022; x_wconf 79' lang='lat' dir='ltr'>blanditur,</span> <span class='ocrx_word' id='word_1_301' title='bbox 1261 1957 1324 2027; x_wconf 90' lang='lat' dir='ltr'>quia</span> <span class='ocrx_word' id='word_1_302' title='bbox 1344 1964 1405 2027; x_wconf 87' lang='lat' dir='ltr'>post</span> <span class='ocrx_word' id='word_1_303' title='bbox 1422 1971 1512 2027; x_wconf 89' lang='lat' dir='ltr'>pauca</span> <span class='ocrx_word' id='word_1_304' title='bbox 1525 1956 1610 2013; x_wconf 87' lang='lat' dir='ltr'>verba</span> <span class='ocrx_word' id='word_1_305' title='bbox 1624 1957 1752 2028; x_wconf 87' lang='lat' dir='ltr'>asperius</span> 
     </span>
     <span class='ocr_line' id='line_1_22' title="bbox 105 2043 1751 2119; baseline 0 -17"><span class='ocrx_word' id='word_1_306' title='bbox 105 2097 110 2102; x_wconf 91' lang='lat'>.</span> <span class='ocrx_word' id='word_1_307' title='bbox 137 2045 266 2103; x_wconf 91' lang='lat' dir='ltr'>Dicerent</span> <span class='ocrx_word' id='word_1_308' title='bbox 281 2045 403 2101; x_wconf 87' lang='lat' dir='ltr'>Galatae:</span> <span class='ocrx_word' id='word_1_309' title='bbox 420 2047 474 2103; x_wconf 87' lang='lat' dir='ltr'>Vos</span> <span class='ocrx_word' id='word_1_310' title='bbox 498 2046 617 2118; x_wconf 90' lang='lat' dir='ltr'>quidem,</span> <span class='ocrx_word' id='word_1_311' title='bbox 646 2044 740 2110; x_wconf 84' lang='lat' dir='ltr'>ludaei,</span> <span class='ocrx_word' id='word_1_312' title='bbox 764 2043 901 2113; x_wconf 89' lang='lat' dir='ltr'>recipietis</span> <span class='ocrx_word' id='word_1_313' title='bbox 950 2053 992 2100; x_wconf 89' lang='lat' dir='ltr'>est</span> <span class='ocrx_word' id='word_1_314' title='bbox 1006 2060 1053 2100; x_wconf 88' lang='lat' dir='ltr'>eos</span> <span class='ocrx_word' id='word_1_315' title='bbox 1077 2061 1270 2117; x_wconf 78' lang='lat' dir='ltr'>aggressurus.</span> <span class='ocrx_word' id='word_1_316' title='bbox 1293 2044 1393 2099; x_wconf 85' lang='lat' dir='ltr'>Littera</span> <span class='ocrx_word' id='word_1_317' title='bbox 1421 2044 1461 2100; x_wconf 92' lang='lat' dir='ltr'>sic</span> <span class='ocrx_word' id='word_1_318' title='bbox 1485 2045 1632 2119; x_wconf 86' lang='lat' dir='ltr'>jungitur:</span> <span class='ocrx_word' id='word_1_319' title='bbox 1656 2047 1751 2102; x_wconf 76' lang='lat' dir='ltr'>Estote</span> 
     </span>
     <span class='ocr_line' id='line_1_23' title="bbox 101 2126 1752 2205; baseline -0.004 -16"><span class='ocrx_word' id='word_1_320' title='bbox 101 2133 274 2205; x_wconf 84' lang='lat' dir='ltr'>adoptionem</span> <span class='ocrx_word' id='word_1_321' title='bbox 290 2132 406 2187; x_wconf 87' lang='lat' dir='ltr'>filiorum</span> <span class='ocrx_word' id='word_1_322' title='bbox 422 2148 428 2187; x_wconf 92' lang='lat'>:</span> <span class='ocrx_word' id='word_1_323' title='bbox 446 2134 494 2189; x_wconf 91' lang='lat' dir='ltr'>sed</span> <span class='ocrx_word' id='word_1_324' title='bbox 519 2134 584 2205; x_wconf 89' lang='lat' dir='ltr'>qnid</span> <span class='ocrx_word' id='word_1_325' title='bbox 598 2132 719 2205; x_wconf 87' lang='lat' dir='ltr'>proderit</span> <span class='ocrx_word' id='word_1_326' title='bbox 742 2131 844 2186; x_wconf 72' lang='lat' dir='ltr'>nobis?</span> <span class='ocrx_word' id='word_1_327' title='bbox 859 2131 901 2186; x_wconf 83' lang='lat' dir='ltr'>lid</span> <span class='ocrx_word' id='word_1_328' title='bbox 950 2130 1027 2185; x_wconf 86' lang='lat' dir='ltr'>sicat</span> <span class='ocrx_word' id='word_1_329' title='bbox 1047 2146 1106 2201; x_wconf 77' lang='lat' dir='ltr'>eqo,</span> <span class='ocrx_word' id='word_1_330' title='bbox 1122 2135 1148 2184; x_wconf 90' lang='lat' dir='ltr'>et</span> <span class='ocrx_word' id='word_1_331' title='bbox 1158 2131 1267 2186; x_wconf 83' lang='lat' dir='ltr'>obsecro</span> <span class='ocrx_word' id='word_1_332' title='bbox 1291 2144 1337 2184; x_wconf 87' lang='lat' dir='ltr'>cos</span> <span class='ocrx_word' id='word_1_333' title='bbox 1350 2135 1380 2182; x_wconf 92' lang='lat' dir='ltr'>ut</span> <span class='ocrx_word' id='word_1_334' title='bbox 1395 2126 1454 2183; x_wconf 90' lang='lat' dir='ltr'>sitis</span> <span class='ocrx_word' id='word_1_335' title='bbox 1469 2131 1575 2200; x_wconf 74' lang='lat' dir='ltr'>[ratres</span> <span class='ocrx_word' id='word_1_336' title='bbox 1588 2129 1653 2194; x_wconf 91' lang='lat' dir='ltr'>mei,</span> <span class='ocrx_word' id='word_1_337' title='bbox 1677 2128 1752 2199; x_wconf 87' lang='lat' dir='ltr'>piam</span> 
     </span>
     <span class='ocr_line' id='line_1_24' title="bbox 103 2215 1750 2289; baseline -0.003 -12"><span class='ocrx_word' id='word_1_338' title='bbox 103 2223 156 2287; x_wconf 83' lang='lat' dir='ltr'>hoc</span> <span class='ocrx_word' id='word_1_339' title='bbox 182 2220 281 2276; x_wconf 89' lang='lat' dir='ltr'>Paulus</span> <span class='ocrx_word' id='word_1_340' title='bbox 298 2234 304 2273; x_wconf 93' lang='lat'>:</span> <span class='ocrx_word' id='word_1_341' title='bbox 319 2221 381 2275; x_wconf 92' lang='lat' dir='ltr'>Non</span> <span class='ocrx_word' id='word_1_342' title='bbox 403 2220 491 2276; x_wconf 90' lang='lat' dir='ltr'>solum</span> <span class='ocrx_word' id='word_1_343' title='bbox 515 2236 565 2276; x_wconf 91' lang='lat' dir='ltr'>nos</span> <span class='ocrx_word' id='word_1_344' title='bbox 580 2236 675 2274; x_wconf 87' lang='lat' dir='ltr'>sumus</span> <span class='ocrx_word' id='word_1_345' title='bbox 689 2217 747 2285; x_wconf 88' lang='lat' dir='ltr'>tilii,</span> <span class='ocrx_word' id='word_1_346' title='bbox 763 2218 812 2273; x_wconf 90' lang='lat' dir='ltr'>sed</span> <span class='ocrx_word' id='word_1_347' title='bbox 828 2218 901 2289; x_wconf 91' lang='lat' dir='ltr'>quod</span> <span class='ocrx_word' id='word_1_348' title='bbox 951 2215 1122 2273; x_wconf 83' lang='lat' dir='ltr'>affectionem</span> <span class='ocrx_word' id='word_1_349' title='bbox 1150 2217 1282 2272; x_wconf 89' lang='lat' dir='ltr'>babentes</span> <span class='ocrx_word' id='word_1_350' title='bbox 1297 2232 1364 2289; x_wconf 90' lang='lat' dir='ltr'>erga</span> <span class='ocrx_word' id='word_1_351' title='bbox 1379 2234 1441 2286; x_wconf 78' lang='lat' dir='ltr'>me3</span> <span class='ocrx_word' id='word_1_352' title='bbox 1457 2217 1532 2274; x_wconf 80' lang='lat' dir='ltr'>nibil</span> <span class='ocrx_word' id='word_1_353' title='bbox 1547 2217 1620 2274; x_wconf 90' lang='lat' dir='ltr'>enim</span> <span class='ocrx_word' id='word_1_354' title='bbox 1635 2218 1750 2273; x_wconf 75' lang='lat' dir='ltr'>torsistis</span> 
     </span>
     <span class='ocr_line' id='line_1_25' title="bbox 100 2302 1752 2380; baseline -0.003 -16"><span class='ocrx_word' id='word_1_355' title='bbox 100 2324 150 2364; x_wconf 89' lang='lat' dir='ltr'>vos</span> <span class='ocrx_word' id='word_1_356' title='bbox 179 2307 297 2380; x_wconf 88' lang='lat' dir='ltr'>gentiles</span> <span class='ocrx_word' id='word_1_357' title='bbox 320 2307 445 2362; x_wconf 89' lang='lat' dir='ltr'>similiter</span> <span class='ocrx_word' id='word_1_358' title='bbox 470 2308 535 2362; x_wconf 90' lang='lat' dir='ltr'>estis</span> <span class='ocrx_word' id='word_1_359' title='bbox 564 2306 621 2360; x_wconf 86' lang='lat' dir='ltr'>filii.</span> <span class='ocrx_word' id='word_1_360' title='bbox 647 2306 746 2362; x_wconf 89' lang='lat' dir='ltr'>Probat</span> <span class='ocrx_word' id='word_1_361' title='bbox 760 2306 812 2361; x_wconf 91' lang='lat' dir='ltr'>hoc</span> <span class='ocrx_word' id='word_1_362' title='bbox 828 2305 900 2376; x_wconf 92' lang='lat' dir='ltr'>quod</span> <span class='ocrx_word' id='word_1_363' title='bbox 950 2321 995 2360; x_wconf 81' lang='lat' dir='ltr'>nte</span> <span class='ocrx_word' id='word_1_364' title='bbox 1008 2304 1035 2359; x_wconf 91' lang='lat' dir='ltr'>in</span> <span class='ocrx_word' id='word_1_365' title='bbox 1051 2305 1151 2375; x_wconf 89' lang='lat' dir='ltr'>aliquo.</span> <span class='ocrx_word' id='word_1_366' title='bbox 1169 2302 1261 2373; x_wconf 83' lang='lat' dir='ltr'>Quare</span> <span class='ocrx_word' id='word_1_367' title='bbox 1276 2321 1329 2378; x_wconf 91' lang='lat' dir='ltr'>ego</span> <span class='ocrx_word' id='word_1_368' title='bbox 1343 2305 1438 2361; x_wconf 91' lang='lat' dir='ltr'>odiens</span> <span class='ocrx_word' id='word_1_369' title='bbox 1452 2320 1502 2363; x_wconf 91' lang='lat' dir='ltr'>vos</span> <span class='ocrx_word' id='word_1_370' title='bbox 1513 2304 1655 2361; x_wconf 90' lang='lat' dir='ltr'>debuerim</span> <span class='ocrx_word' id='word_1_371' title='bbox 1665 2304 1752 2360; x_wconf 89' lang='lat' dir='ltr'>subti-</span> 
     </span>
     <span class='ocr_line' id='line_1_26' title="bbox 102 2392 1752 2466; baseline -0.002 -15"><span class='ocrx_word' id='word_1_372' title='bbox 102 2398 175 2452; x_wconf 80' lang='lat' dir='ltr'>Dens</span> <span class='ocrx_word' id='word_1_373' title='bbox 185 2396 265 2450; x_wconf 73' lang='lat' dir='ltr'>irrisit</span> <span class='ocrx_word' id='word_1_374' title='bbox 275 2396 415 2466; x_wconf 81' lang='lat' dir='ltr'>Spiritum</span> <span class='ocrx_word' id='word_1_375' title='bbox 426 2396 491 2451; x_wconf 69' lang='lat' dir='ltr'>ritae·</span> <span class='ocrx_word' id='word_1_376' title='bbox 501 2398 556 2459; x_wconf 85' lang='lat' dir='ltr'>soi,</span> <span class='ocrx_word' id='word_1_377' title='bbox 573 2395 600 2449; x_wconf 94' lang='lat' dir='ltr'>id</span> <span class='ocrx_word' id='word_1_378' title='bbox 617 2402 657 2449; x_wconf 90' lang='lat' dir='ltr'>est</span> <span class='ocrx_word' id='word_1_379' title='bbox 680 2394 806 2449; x_wconf 90' lang='lat' dir='ltr'>eumdem</span> <span class='ocrx_word' id='word_1_380' title='bbox 820 2409 900 2464; x_wconf 93' lang='lat' dir='ltr'>quem</span> <span class='ocrx_word' id='word_1_381' title='bbox 951 2392 1042 2449; x_wconf 85' lang='lat' dir='ltr'>coisse</span> <span class='ocrx_word' id='word_1_382' title='bbox 1056 2393 1207 2447; x_wconf 90' lang='lat' dir='ltr'>veritatem.</span> <span class='ocrx_word' id='word_1_383' title='bbox 1224 2392 1297 2447; x_wconf 91' lang='lat' dir='ltr'>Nihil</span> <span class='ocrx_word' id='word_1_384' title='bbox 1312 2409 1356 2448; x_wconf 92' lang='lat' dir='ltr'>me</span> <span class='ocrx_word' id='word_1_385' title='bbox 1377 2392 1502 2459; x_wconf 83' lang='lat' dir='ltr'>laesistis;</span> <span class='ocrx_word' id='word_1_386' title='bbox 1519 2392 1568 2448; x_wconf 91' lang='lat' dir='ltr'>sed</span> <span class='ocrx_word' id='word_1_387' title='bbox 1581 2392 1687 2463; x_wconf 90' lang='lat' dir='ltr'>scio(et</span> <span class='ocrx_word' id='word_1_388' title='bbox 1701 2407 1752 2448; x_wconf 85' lang='lat' dir='ltr'>vos</span> 
     </span>
     <span class='ocr_line' id='line_1_27' title="bbox 103 2479 1751 2555; baseline -0.001 -16"><span class='ocrx_word' id='word_1_389' title='bbox 103 2483 187 2539; x_wconf 87' lang='lat' dir='ltr'>Filius</span> <span class='ocrx_word' id='word_1_390' title='bbox 201 2482 303 2548; x_wconf 89' lang='lat' dir='ltr'>habuit,</span> <span class='ocrx_word' id='word_1_391' title='bbox 321 2482 364 2538; x_wconf 91' lang='lat' dir='ltr'>vel</span> <span class='ocrx_word' id='word_1_392' title='bbox 381 2498 462 2555; x_wconf 90' lang='lat' dir='ltr'>quem</span> <span class='ocrx_word' id='word_1_393' title='bbox 485 2482 568 2539; x_wconf 81' lang='lat' dir='ltr'>Filius</span> <span class='ocrx_word' id='word_1_394' title='bbox 596 2482 680 2537; x_wconf 90' lang='lat' dir='ltr'>dedit.</span> <span class='ocrx_word' id='word_1_395' title='bbox 696 2482 777 2546; x_wconf 84' lang='lat' dir='ltr'>Misit,</span> <span class='ocrx_word' id='word_1_396' title='bbox 794 2481 855 2536; x_wconf 90' lang='lat' dir='ltr'>dico</span> <span class='ocrx_word' id='word_1_397' title='bbox 869 2481 901 2536; x_wconf 88' lang='lat' dir='ltr'>in</span> <span class='ocrx_word' id='word_1_398' title='bbox 951 2479 1021 2534; x_wconf 92' lang='lat' dir='ltr'>bene</span> <span class='ocrx_word' id='word_1_399' title='bbox 1032 2481 1123 2550; x_wconf 84' lang='lat' dir='ltr'>scitis)</span> <span class='ocrx_word' id='word_1_400' title='bbox 1134 2480 1751 2553; x_wconf 76' lang='lat' dir='ltr'>quiceccngetiecttivobiapere&#39;nfirmitotenr</span> 
     </span>
     <span class='ocr_line' id='line_1_28' title="bbox 102 2566 1754 2640; baseline -0.002 -13"><span class='ocrx_word' id='word_1_401' title='bbox 102 2570 186 2628; x_wconf 84' lang='lat' dir='ltr'>curtio</span> <span class='ocrx_word' id='word_1_402' title='bbox 205 2574 316 2635; x_wconf 82' lang='lat' dir='ltr'>nostro,</span> <span class='ocrx_word' id='word_1_403' title='bbox 333 2569 360 2624; x_wconf 92' lang='lat' dir='ltr'>id</span> <span class='ocrx_word' id='word_1_404' title='bbox 375 2578 416 2625; x_wconf 87' lang='lat' dir='ltr'>est</span> <span class='ocrx_word' id='word_1_405' title='bbox 431 2585 520 2625; x_wconf 92' lang='lat' dir='ltr'>meum</span> <span class='ocrx_word' id='word_1_406' title='bbox 536 2578 562 2625; x_wconf 93' lang='lat' dir='ltr'>et</span> <span class='ocrx_word' id='word_1_407' title='bbox 575 2578 677 2634; x_wconf 88' lang='lat' dir='ltr'>vestra,</span> <span class='ocrx_word' id='word_1_408' title='bbox 695 2569 824 2640; x_wconf 89' lang='lat' dir='ltr'>Spiritum</span> <span class='ocrx_word' id='word_1_409' title='bbox 839 2568 901 2624; x_wconf 91' lang='lat' dir='ltr'>dico</span> <span class='ocrx_word' id='word_1_410' title='bbox 950 2569 1068 2633; x_wconf 86' lang='lat' dir='ltr'>cornis,·</span> <span class='ocrx_word' id='word_1_411' title='bbox 1096 2584 1152 2623; x_wconf 92' lang='lat' dir='ltr'>non</span> <span class='ocrx_word' id='word_1_412' title='bbox 1176 2576 1265 2623; x_wconf 87' lang='lat' dir='ltr'>tamen</span> <span class='ocrx_word' id='word_1_413' title='bbox 1288 2568 1408 2639; x_wconf 87' lang='lat' dir='ltr'>spiritus,</span> <span class='ocrx_word' id='word_1_414' title='bbox 1424 2568 1488 2640; x_wconf 91' lang='lat' dir='ltr'>quia</span> <span class='ocrx_word' id='word_1_415' title='bbox 1510 2568 1533 2623; x_wconf 91' lang='lat' dir='ltr'>si</span> <span class='ocrx_word' id='word_1_416' title='bbox 1555 2566 1713 2624; x_wconf 82' lang='lat' dir='ltr'>infirmabar</span> <span class='ocrx_word' id='word_1_417' title='bbox 1727 2575 1754 2624; x_wconf 92' lang='lat' dir='ltr'>et</span> 
     </span>
     <span class='ocr_line' id='line_1_29' title="bbox 101 2654 1752 2725; baseline -0.001 -11"><span class='ocrx_word' id='word_1_418' title='bbox 101 2659 286 2723; x_wconf 82' lang='lat' dir='ltr'>clamantem,</span> <span class='ocrx_word' id='word_1_419' title='bbox 316 2658 344 2711; x_wconf 93' lang='lat' dir='ltr'>id</span> <span class='ocrx_word' id='word_1_420' title='bbox 369 2665 409 2712; x_wconf 91' lang='lat' dir='ltr'>est</span> <span class='ocrx_word' id='word_1_421' title='bbox 431 2658 547 2713; x_wconf 89' lang='lat' dir='ltr'>clamare</span> <span class='ocrx_word' id='word_1_422' title='bbox 571 2673 621 2712; x_wconf 90' lang='lat' dir='ltr'>nos</span> <span class='ocrx_word' id='word_1_423' title='bbox 636 2657 778 2712; x_wconf 80' lang='lat' dir='ltr'>facientem</span> <span class='ocrx_word' id='word_1_424' title='bbox 794 2671 800 2710; x_wconf 73' lang='grc' dir='ltr'><em>τ</em></span> <span class='ocrx_word' id='word_1_425' title='bbox 816 2655 899 2724; x_wconf 80' lang='lat' dir='ltr'>Atta,</span> <span class='ocrx_word' id='word_1_426' title='bbox 950 2654 1162 2725; x_wconf 89' lang='lat' dir='ltr'>contemptibilis</span> <span class='ocrx_word' id='word_1_427' title='bbox 1189 2671 1265 2710; x_wconf 89' lang='lat' dir='ltr'>eram</span> <span class='ocrx_word' id='word_1_428' title='bbox 1293 2656 1442 2711; x_wconf 89' lang='lat' dir='ltr'>secundum</span> <span class='ocrx_word' id='word_1_429' title='bbox 1457 2672 1578 2722; x_wconf 90' lang='lat' dir='ltr'>carnem,</span> <span class='ocrx_word' id='word_1_430' title='bbox 1598 2656 1628 2712; x_wconf 93' lang='lat' dir='ltr'>in</span> <span class='ocrx_word' id='word_1_431' title='bbox 1650 2656 1752 2713; x_wconf 81' lang='lat' dir='ltr'>virtute</span> 
     </span>
     <span class='ocr_line' id='line_1_30' title="bbox 101 2741 1749 2817; baseline 0.001 -19"><span class='ocrx_word' id='word_1_432' title='bbox 101 2745 228 2811; x_wconf 76' lang='lat' dir='ltr'>tudaeos3</span> <span class='ocrx_word' id='word_1_433' title='bbox 259 2748 353 2813; x_wconf 84' lang='lat' dir='ltr'>Pater,</span> <span class='ocrx_word' id='word_1_434' title='bbox 370 2745 496 2817; x_wconf 86' lang='lat' dir='ltr'>gentiles.</span> <span class='ocrx_word' id='word_1_435' title='bbox 512 2746 547 2799; x_wconf 90' lang='lat' dir='ltr'>Et</span> <span class='ocrx_word' id='word_1_436' title='bbox 561 2744 780 2817; x_wconf 87' lang='lat' dir='ltr'>quandoquidem</span> <span class='ocrx_word' id='word_1_437' title='bbox 796 2743 901 2814; x_wconf 90' lang='lat' dir='ltr'>utrique</span> <span class='ocrx_word' id='word_1_438' title='bbox 951 2742 1067 2814; x_wconf 89' lang='lat' dir='ltr'>Spiritus</span> <span class='ocrx_word' id='word_1_439' title='bbox 1093 2758 1144 2812; x_wconf 91' lang='lat' dir='ltr'>per</span> <span class='ocrx_word' id='word_1_440' title='bbox 1171 2741 1305 2799; x_wconf 90' lang='lat' dir='ltr'>miracula</span> <span class='ocrx_word' id='word_1_441' title='bbox 1319 2743 1395 2798; x_wconf 84' lang='lat' dir='ltr'>tortis</span> <span class='ocrx_word' id='word_1_442' title='bbox 1410 2743 1585 2815; x_wconf 88' lang='lat' dir='ltr'>apparebam.</span> <span class='ocrx_word' id='word_1_443' title='bbox 1601 2743 1749 2799; x_wconf 80' lang='lat' dir='ltr'>Praedicavi</span> 
     </span>
     <span class='ocr_line' id='line_1_31' title="bbox 102 2828 1747 2905; baseline 0 -19"><span class='ocrx_word' id='word_1_444' title='bbox 102 2831 150 2887; x_wconf 86' lang='lat' dir='ltr'>tilii</span> <span class='ocrx_word' id='word_1_445' title='bbox 165 2849 259 2888; x_wconf 87' lang='lat' dir='ltr'>sumus</span> <span class='ocrx_word' id='word_1_446' title='bbox 273 2840 297 2887; x_wconf 93' lang='lat' dir='ltr'>et</span> <span class='ocrx_word' id='word_1_447' title='bbox 311 2832 469 2887; x_wconf 86' lang='lat' dir='ltr'>clamamus.</span> <span class='ocrx_word' id='word_1_448' title='bbox 486 2835 583 2905; x_wconf 83' lang='lat' dir='ltr'>ltaque</span> <span class='ocrx_word' id='word_1_449' title='bbox 592 2834 654 2903; x_wconf 83' lang='lat' dir='ltr'>jam</span> <span class='ocrx_word' id='word_1_450' title='bbox 666 2844 724 2887; x_wconf 90' lang='lat' dir='ltr'>non</span> <span class='ocrx_word' id='word_1_451' title='bbox 744 2835 786 2888; x_wconf 92' lang='lat' dir='ltr'>est</span> <span class='ocrx_word' id='word_1_452' title='bbox 801 2830 901 2902; x_wconf 84' lang='lat' dir='ltr'>aliquis</span> <span class='ocrx_word' id='word_1_453' title='bbox 950 2846 1001 2900; x_wconf 89' lang='lat' dir='ltr'>per</span> <span class='ocrx_word' id='word_1_454' title='bbox 1015 2828 1216 2884; x_wconf 83' lang='lat' dir='ltr'>infirmitatem:</span> <span class='ocrx_word' id='word_1_455' title='bbox 1246 2845 1298 2886; x_wconf 92' lang='lat' dir='ltr'>nec</span> <span class='ocrx_word' id='word_1_456' title='bbox 1309 2846 1398 2901; x_wconf 89' lang='lat' dir='ltr'>pauco</span> <span class='ocrx_word' id='word_1_457' title='bbox 1412 2839 1542 2902; x_wconf 92' lang='lat' dir='ltr'>tempore,</span> <span class='ocrx_word' id='word_1_458' title='bbox 1554 2831 1604 2887; x_wconf 90' lang='lat' dir='ltr'>sed</span> <span class='ocrx_word' id='word_1_459' title='bbox 1614 2831 1672 2900; x_wconf 81' lang='lat' dir='ltr'>jam</span> <span class='ocrx_word' id='word_1_460' title='bbox 1685 2830 1747 2902; x_wconf 91' lang='lat' dir='ltr'>pri·</span> 
     </span>
     <span class='ocr_line' id='line_1_32' title="bbox 100 2917 1751 3031; baseline -0.002 -54"><span class='ocrx_word' id='word_1_461' title='bbox 100 2936 205 2985; x_wconf 83' lang='lat' dir='ltr'>serens,</span> <span class='ocrx_word' id='word_1_462' title='bbox 222 2921 269 2976; x_wconf 87' lang='lat' dir='ltr'>sed</span> <span class='ocrx_word' id='word_1_463' title='bbox 294 2921 381 2988; x_wconf 76' lang='lat' dir='ltr'>tilios.</span> <span class='ocrx_word' id='word_1_464' title='bbox 402 2921 473 2989; x_wconf 82' lang='lat' dir='ltr'>Qnio</span> <span class='ocrx_word' id='word_1_465' title='bbox 487 2923 512 2977; x_wconf 80' lang='grc' dir='ltr'>ιι·</span> <span class='ocrx_word' id='word_1_466' title='bbox 533 2921 631 2986; x_wconf 83' lang='lat' dir='ltr'>Filios,</span> <span class='ocrx_word' id='word_1_467' title='bbox 644 2920 696 2975; x_wconf 89' lang='lat' dir='ltr'>erit</span> <span class='ocrx_word' id='word_1_468' title='bbox 709 2921 796 2975; x_wconf 89' lang='lat' dir='ltr'>etiam</span> <span class='ocrx_word' id='word_1_469' title='bbox 811 2919 900 2974; x_wconf 83' lang='lat' dir='ltr'>lroerea</span> <span class='ocrx_word' id='word_1_470' title='bbox 916 2917 1005 3031; x_wconf 76' lang='lat' dir='ltr'>Odie,</span> <span class='ocrx_word' id='word_1_471' title='bbox 1021 2917 1093 2988; x_wconf 89' lang='lat' dir='ltr'>quod</span> <span class='ocrx_word' id='word_1_472' title='bbox 1108 2917 1188 2972; x_wconf 73' lang='lat' dir='ltr'>taedio</span> <span class='ocrx_word' id='word_1_473' title='bbox 1204 2918 1281 2974; x_wconf 91' lang='lat' dir='ltr'>vobis</span> <span class='ocrx_word' id='word_1_474' title='bbox 1296 2935 1357 2974; x_wconf 88' lang='lat' dir='ltr'>esse</span> <span class='ocrx_word' id='word_1_475' title='bbox 1373 2927 1465 2990; x_wconf 88' lang='lat' dir='ltr'>posset</span> <span class='ocrx_word' id='word_1_476' title='bbox 1474 2934 1537 2974; x_wconf 88' lang='lat' dir='ltr'>mea</span> <span class='ocrx_word' id='word_1_477' title='bbox 1551 2918 1705 2976; x_wconf 89' lang='lat' dir='ltr'>infirmitas.</span> <span class='ocrx_word' id='word_1_478' title='bbox 1715 2920 1751 2975; x_wconf 89' lang='lat' dir='ltr'>Et</span> 
     </span>
     <span class='ocr_line' id='line_1_33' title="bbox 103 3005 1752 3080; baseline 0.001 -18"><span class='ocrx_word' id='word_1_479' title='bbox 103 3007 189 3064; x_wconf 82' lang='lat' dir='ltr'>beatae</span> <span class='ocrx_word' id='word_1_480' title='bbox 202 3008 378 3064; x_wconf 82' lang='lat' dir='ltr'>baereditatis.</span> <span class='ocrx_word' id='word_1_481' title='bbox 412 3009 446 3062; x_wconf 86' lang='lat' dir='ltr'>Et</span> <span class='ocrx_word' id='word_1_482' title='bbox 460 3008 533 3080; x_wconf 92' lang='lat' dir='ltr'>quod</span> <span class='ocrx_word' id='word_1_483' title='bbox 555 3008 592 3062; x_wconf 90' lang='grc' dir='ltr'>ιιι</span> <span class='ocrx_word' id='word_1_484' title='bbox 606 3007 726 3063; x_wconf 83' lang='lat' dir='ltr'>futurum</span> <span class='ocrx_word' id='word_1_485' title='bbox 747 3007 791 3073; x_wconf 91' lang='lat' dir='ltr'>sit,</span> <span class='ocrx_word' id='word_1_486' title='bbox 816 3013 900 3062; x_wconf 93' lang='lat' dir='ltr'>testor</span> <span class='ocrx_word' id='word_1_487' title='bbox 951 3021 1012 3060; x_wconf 90' lang='lat' dir='ltr'>cum</span> <span class='ocrx_word' id='word_1_488' title='bbox 1027 3013 1102 3059; x_wconf 90' lang='lat' dir='ltr'>tanta</span> <span class='ocrx_word' id='word_1_489' title='bbox 1115 3019 1159 3060; x_wconf 92' lang='lat' dir='ltr'>me</span> <span class='ocrx_word' id='word_1_490' title='bbox 1182 3013 1319 3077; x_wconf 90' lang='lat' dir='ltr'>premeret</span> <span class='ocrx_word' id='word_1_491' title='bbox 1339 3005 1488 3076; x_wconf 86' lang='lat' dir='ltr'>infirmitas,</span> <span class='ocrx_word' id='word_1_492' title='bbox 1524 3015 1679 3064; x_wconf 80' lang='lat' dir='ltr'>certamen</span> <span class='ocrx_word' id='word_1_493' title='bbox 1692 3022 1752 3064; x_wconf 86' lang='lat' dir='ltr'>non</span> 
     </span>
     <span class='ocr_line' id='line_1_34' title="bbox 101 3094 1752 3167; baseline -0.001 -15"><span class='ocrx_word' id='word_1_494' title='bbox 101 3097 178 3152; x_wconf 91' lang='lat' dir='ltr'>vobis</span> <span class='ocrx_word' id='word_1_495' title='bbox 193 3112 243 3166; x_wconf 92' lang='lat' dir='ltr'>per</span> <span class='ocrx_word' id='word_1_496' title='bbox 256 3097 353 3151; x_wconf 90' lang='lat' dir='ltr'>Deum.</span> <span class='ocrx_word' id='word_1_497' title='bbox 372 3095 421 3151; x_wconf 86' lang='lat' dir='ltr'>Vel</span> <span class='ocrx_word' id='word_1_498' title='bbox 435 3095 472 3150; x_wconf 91' lang='lat' dir='ltr'>ita</span> <span class='ocrx_word' id='word_1_499' title='bbox 487 3111 492 3149; x_wconf 96' lang='lat'><strong>:</strong></span> <span class='ocrx_word' id='word_1_500' title='bbox 509 3097 602 3151; x_wconf 77' lang='lat' dir='ltr'>litaret</span> <span class='ocrx_word' id='word_1_501' title='bbox 625 3096 677 3151; x_wconf 90' lang='lat' dir='ltr'>erit</span> <span class='ocrx_word' id='word_1_502' title='bbox 693 3111 743 3167; x_wconf 86' lang='lat' dir='ltr'>per</span> <span class='ocrx_word' id='word_1_503' title='bbox 757 3096 855 3159; x_wconf 82' lang='lat' dir='ltr'>Deum,</span> <span class='ocrx_word' id='word_1_504' title='bbox 872 3095 900 3149; x_wconf 92' lang='lat' dir='ltr'>id</span> <span class='ocrx_word' id='word_1_505' title='bbox 951 3094 1095 3166; x_wconf 75' lang='lat' dir='ltr'>sprevistis</span> <span class='ocrx_word' id='word_1_506' title='bbox 1107 3109 1169 3147; x_wconf 89' lang='lat' dir='ltr'>cum</span> <span class='ocrx_word' id='word_1_507' title='bbox 1183 3094 1379 3163; x_wconf 83' lang='lat' dir='ltr'>praedicabam,</span> <span class='ocrx_word' id='word_1_508' title='bbox 1410 3110 1498 3167; x_wconf 89' lang='lat' dir='ltr'>neque</span> <span class='ocrx_word' id='word_1_509' title='bbox 1513 3094 1666 3166; x_wconf 90' lang='lat' dir='ltr'>respuistis,</span> <span class='ocrx_word' id='word_1_510' title='bbox 1688 3111 1752 3151; x_wconf 83' lang='lat' dir='ltr'>cuna</span> 
     </span>
     <span class='ocr_line' id='line_1_35' title="bbox 101 3181 1752 3254; baseline 0 -15"><span class='ocrx_word' id='word_1_511' title='bbox 101 3191 143 3240; x_wconf 89' lang='lat' dir='ltr'>est</span> <span class='ocrx_word' id='word_1_512' title='bbox 157 3198 205 3254; x_wconf 90' lang='lat' dir='ltr'>per</span> <span class='ocrx_word' id='word_1_513' title='bbox 230 3182 446 3238; x_wconf 88' lang='lat' dir='ltr'>misericordiam</span> <span class='ocrx_word' id='word_1_514' title='bbox 469 3183 531 3248; x_wconf 92' lang='lat' dir='ltr'>Dei,</span> <span class='ocrx_word' id='word_1_515' title='bbox 554 3198 608 3238; x_wconf 90' lang='lat' dir='ltr'>non</span> <span class='ocrx_word' id='word_1_516' title='bbox 631 3199 682 3253; x_wconf 89' lang='lat' dir='ltr'>per</span> <span class='ocrx_word' id='word_1_517' title='bbox 704 3182 804 3254; x_wconf 86' lang='lat' dir='ltr'>legem.</span> <span class='ocrx_word' id='word_1_518' title='bbox 822 3182 901 3238; x_wconf 91' lang='lat' dir='ltr'>Nunc</span> <span class='ocrx_word' id='word_1_519' title='bbox 950 3181 1069 3252; x_wconf 86' lang='lat' dir='ltr'>primum</span> <span class='ocrx_word' id='word_1_520' title='bbox 1084 3181 1119 3235; x_wconf 90' lang='lat' dir='ltr'>ad</span> <span class='ocrx_word' id='word_1_521' title='bbox 1129 3181 1330 3250; x_wconf 82' lang='lat' dir='ltr'>praedicandum</span> <span class='ocrx_word' id='word_1_522' title='bbox 1344 3197 1482 3249; x_wconf 88' lang='lat' dir='ltr'>veneram,</span> <span class='ocrx_word' id='word_1_523' title='bbox 1500 3184 1688 3239; x_wconf 77' lang='lat' dir='ltr'>tentationem</span> <span class='ocrx_word' id='word_1_524' title='bbox 1703 3198 1752 3240; x_wconf 85' lang='lat' dir='ltr'>ue-</span> 
     </span>
     <span class='ocr_line' id='line_1_36' title="bbox 102 3266 1751 3341; baseline 0.001 -15"><span class='ocrx_word' id='word_1_525' title='bbox 102 3270 207 3327; x_wconf 88' lang='lat' dir='ltr'>roducit</span> <span class='ocrx_word' id='word_1_526' title='bbox 221 3271 261 3326; x_wconf 91' lang='lat' dir='ltr'>eis</span> <span class='ocrx_word' id='word_1_527' title='bbox 274 3271 309 3325; x_wconf 90' lang='lat' dir='ltr'>ad</span> <span class='ocrx_word' id='word_1_528' title='bbox 324 3270 484 3326; x_wconf 86' lang='lat' dir='ltr'>memoriam</span> <span class='ocrx_word' id='word_1_529' title='bbox 497 3270 617 3341; x_wconf 92' lang='lat' dir='ltr'>priorem</span> <span class='ocrx_word' id='word_1_530' title='bbox 632 3279 740 3336; x_wconf 90' lang='lat' dir='ltr'>statum,</span> <span class='ocrx_word' id='word_1_531' title='bbox 758 3285 839 3341; x_wconf 90' lang='lat' dir='ltr'>quem</span> <span class='ocrx_word' id='word_1_532' title='bbox 854 3270 902 3324; x_wconf 91' lang='lat' dir='ltr'>ha·</span> <span class='ocrx_word' id='word_1_533' title='bbox 950 3272 1040 3324; x_wconf 86' lang='lat' dir='ltr'>atram</span> <span class='ocrx_word' id='word_1_534' title='bbox 1055 3266 1155 3323; x_wconf 85' lang='lat' dir='ltr'>iactam</span> <span class='ocrx_word' id='word_1_535' title='bbox 1168 3269 1200 3324; x_wconf 88' lang='lat' dir='ltr'>in</span> <span class='ocrx_word' id='word_1_536' title='bbox 1210 3285 1296 3326; x_wconf 89' lang='lat' dir='ltr'>corne</span> <span class='ocrx_word' id='word_1_537' title='bbox 1306 3285 1379 3325; x_wconf 88' lang='lat' dir='ltr'>meo.</span> <span class='ocrx_word' id='word_1_538' title='bbox 1392 3270 1422 3323; x_wconf 92' lang='lat' dir='ltr'>ln</span> <span class='ocrx_word' id='word_1_539' title='bbox 1437 3268 1592 3325; x_wconf 87' lang='lat' dir='ltr'>infirmitate</span> <span class='ocrx_word' id='word_1_540' title='bbox 1606 3271 1678 3326; x_wconf 89' lang='lat' dir='ltr'>enim</span> <span class='ocrx_word' id='word_1_541' title='bbox 1689 3286 1751 3327; x_wconf 88' lang='lat' dir='ltr'>rnea</span> 
     </span>
     <span class='ocr_line' id='line_1_37' title="bbox 102 3355 1749 3429; baseline 0.002 -17"><span class='ocrx_word' id='word_1_542' title='bbox 102 3358 219 3413; x_wconf 92' lang='lat' dir='ltr'>buerunt</span> <span class='ocrx_word' id='word_1_543' title='bbox 234 3357 261 3412; x_wconf 89' lang='lat' dir='ltr'>in</span> <span class='ocrx_word' id='word_1_544' title='bbox 284 3358 391 3413; x_wconf 90' lang='lat' dir='ltr'>cultura</span> <span class='ocrx_word' id='word_1_545' title='bbox 418 3357 564 3425; x_wconf 89' lang='lat' dir='ltr'>idolorum,</span> <span class='ocrx_word' id='word_1_546' title='bbox 592 3359 711 3429; x_wconf 85' lang='lat' dir='ltr'>probans</span> <span class='ocrx_word' id='word_1_547' title='bbox 738 3371 789 3428; x_wconf 91' lang='lat' dir='ltr'>pro</span> <span class='ocrx_word' id='word_1_548' title='bbox 816 3357 900 3413; x_wconf 89' lang='lat' dir='ltr'>nihilo</span> <span class='ocrx_word' id='word_1_549' title='bbox 951 3355 1072 3411; x_wconf 89' lang='lat' dir='ltr'>tentabat</span> <span class='ocrx_word' id='word_1_550' title='bbox 1098 3372 1147 3412; x_wconf 87' lang='lat' dir='ltr'>vos</span> <span class='ocrx_word' id='word_1_551' title='bbox 1175 3358 1258 3424; x_wconf 88' lang='lat' dir='ltr'>Deus,</span> <span class='ocrx_word' id='word_1_552' title='bbox 1275 3357 1353 3429; x_wconf 86' lang='lat' dir='ltr'>quasi</span> <span class='ocrx_word' id='word_1_553' title='bbox 1368 3357 1472 3413; x_wconf 91' lang='lat' dir='ltr'>diceret</span> <span class='ocrx_word' id='word_1_554' title='bbox 1488 3373 1495 3412; x_wconf 94' lang='lat'><strong>:</strong></span> <span class='ocrx_word' id='word_1_555' title='bbox 1511 3358 1539 3413; x_wconf 93' lang='lat' dir='ltr'>Si</span> <span class='ocrx_word' id='word_1_556' title='bbox 1562 3356 1749 3415; x_wconf 85' lang='lat' dir='ltr'>infirmitatem</span> 
     </span>
     <span class='ocr_line' id='line_1_38' title="bbox 101 3443 1749 3519; baseline 0.002 -19"><span class='ocrx_word' id='word_1_557' title='bbox 101 3445 174 3502; x_wconf 89' lang='lat' dir='ltr'>idola</span> <span class='ocrx_word' id='word_1_558' title='bbox 202 3445 351 3513; x_wconf 89' lang='lat' dir='ltr'>dimisisse,</span> <span class='ocrx_word' id='word_1_559' title='bbox 376 3447 400 3500; x_wconf 91' lang='lat' dir='ltr'>si</span> <span class='ocrx_word' id='word_1_560' title='bbox 424 3446 515 3519; x_wconf 88' lang='lat' dir='ltr'>legem</span> <span class='ocrx_word' id='word_1_561' title='bbox 529 3446 675 3516; x_wconf 89' lang='lat' dir='ltr'>accipiunt.</span> <span class='ocrx_word' id='word_1_562' title='bbox 691 3447 745 3501; x_wconf 88' lang='lat' dir='ltr'>Lex</span> <span class='ocrx_word' id='word_1_563' title='bbox 760 3447 833 3501; x_wconf 90' lang='lat' dir='ltr'>enim</span> <span class='ocrx_word' id='word_1_564' title='bbox 844 3445 901 3515; x_wconf 85' lang='lat' dir='ltr'>jam</span> <span class='ocrx_word' id='word_1_565' title='bbox 951 3443 1027 3498; x_wconf 87' lang='lat' dir='ltr'>Pauli</span> <span class='ocrx_word' id='word_1_566' title='bbox 1042 3443 1180 3512; x_wconf 88' lang='lat' dir='ltr'>abjiciunt,</span> <span class='ocrx_word' id='word_1_567' title='bbox 1204 3445 1243 3500; x_wconf 91' lang='lat' dir='ltr'>rei</span> <span class='ocrx_word' id='word_1_568' title='bbox 1264 3453 1335 3500; x_wconf 90' lang='lat' dir='ltr'>sunt.</span> <span class='ocrx_word' id='word_1_569' title='bbox 1352 3445 1381 3501; x_wconf 91' lang='lat' dir='ltr'>Si</span> <span class='ocrx_word' id='word_1_570' title='bbox 1396 3445 1514 3519; x_wconf 85' lang='lat' dir='ltr'>benigne</span> <span class='ocrx_word' id='word_1_571' title='bbox 1528 3445 1688 3518; x_wconf 88' lang='lat' dir='ltr'>suscipiunt,</span> <span class='ocrx_word' id='word_1_572' title='bbox 1704 3446 1749 3503; x_wconf 92' lang='lat' dir='ltr'>di-</span> 
     </span>
     <span class='ocr_line' id='line_1_39' title="bbox 102 3532 1751 3606; baseline -0.001 -17"><span class='ocrx_word' id='word_1_573' title='bbox 102 3543 143 3589; x_wconf 91' lang='lat' dir='ltr'>est</span> <span class='ocrx_word' id='word_1_574' title='bbox 158 3533 307 3590; x_wconf 87' lang='lat' dir='ltr'>idololatria</span> <span class='ocrx_word' id='word_1_575' title='bbox 322 3550 355 3589; x_wconf 93' lang='lat' dir='ltr'>ex</span> <span class='ocrx_word' id='word_1_576' title='bbox 370 3549 423 3605; x_wconf 91' lang='lat' dir='ltr'>quo</span> <span class='ocrx_word' id='word_1_577' title='bbox 451 3535 525 3590; x_wconf 90' lang='lat' dir='ltr'>venit</span> <span class='ocrx_word' id='word_1_578' title='bbox 545 3535 644 3606; x_wconf 87' lang='lat' dir='ltr'>gratia.</span> <span class='ocrx_word' id='word_1_579' title='bbox 661 3533 731 3602; x_wconf 88' lang='lat' dir='ltr'>Quia</span> <span class='ocrx_word' id='word_1_580' title='bbox 745 3535 791 3606; x_wconf 91' lang='lat' dir='ltr'>qui</span> <span class='ocrx_word' id='word_1_581' title='bbox 809 3533 901 3606; x_wconf 89' lang='lat' dir='ltr'>legem</span> <span class='ocrx_word' id='word_1_582' title='bbox 951 3532 998 3602; x_wconf 90' lang='lat' dir='ltr'>gni</span> <span class='ocrx_word' id='word_1_583' title='bbox 1027 3539 1097 3586; x_wconf 90' lang='lat' dir='ltr'>sunt.</span> <span class='ocrx_word' id='word_1_584' title='bbox 1123 3532 1262 3603; x_wconf 84' lang='lat' dir='ltr'>Respuere</span> <span class='ocrx_word' id='word_1_585' title='bbox 1285 3532 1345 3603; x_wconf 92' lang='lat' dir='ltr'>plus</span> <span class='ocrx_word' id='word_1_586' title='bbox 1370 3541 1411 3588; x_wconf 91' lang='lat' dir='ltr'>est</span> <span class='ocrx_word' id='word_1_587' title='bbox 1427 3548 1509 3604; x_wconf 90' lang='lat' dir='ltr'>quam</span> <span class='ocrx_word' id='word_1_588' title='bbox 1523 3550 1665 3605; x_wconf 88' lang='lat' dir='ltr'>spernere,</span> <span class='ocrx_word' id='word_1_589' title='bbox 1679 3535 1751 3591; x_wconf 86' lang='lat' dir='ltr'>sicut</span> 
     </span>
     <span class='ocr_line' id='line_1_40' title="bbox 102 3619 1749 3694; baseline 0.001 -17"><span class='ocrx_word' id='word_1_590' title='bbox 102 3629 178 3693; x_wconf 90' lang='lat' dir='ltr'>putat</span> <span class='ocrx_word' id='word_1_591' title='bbox 193 3638 254 3677; x_wconf 88' lang='lat' dir='ltr'>esse</span> <span class='ocrx_word' id='word_1_592' title='bbox 269 3622 304 3677; x_wconf 89' lang='lat' dir='ltr'>ad</span> <span class='ocrx_word' id='word_1_593' title='bbox 315 3620 517 3692; x_wconf 86' lang='lat' dir='ltr'>justificandum</span> <span class='ocrx_word' id='word_1_594' title='bbox 532 3622 725 3688; x_wconf 86' lang='lat' dir='ltr'>necessariam,</span> <span class='ocrx_word' id='word_1_595' title='bbox 742 3622 901 3694; x_wconf 86' lang='lat' dir='ltr'>derogando</span> <span class='ocrx_word' id='word_1_596' title='bbox 951 3620 1058 3690; x_wconf 91' lang='lat' dir='ltr'>penitus</span> <span class='ocrx_word' id='word_1_597' title='bbox 1087 3619 1204 3689; x_wconf 88' lang='lat' dir='ltr'>abjicere</span> <span class='ocrx_word' id='word_1_598' title='bbox 1219 3620 1307 3691; x_wconf 89' lang='lat' dir='ltr'>magis</span> <span class='ocrx_word' id='word_1_599' title='bbox 1323 3628 1365 3675; x_wconf 94' lang='lat' dir='ltr'>est</span> <span class='ocrx_word' id='word_1_600' title='bbox 1378 3637 1460 3692; x_wconf 89' lang='lat' dir='ltr'>quam</span> <span class='ocrx_word' id='word_1_601' title='bbox 1480 3621 1609 3692; x_wconf 92' lang='lat' dir='ltr'>patiendo</span> <span class='ocrx_word' id='word_1_602' title='bbox 1623 3630 1749 3679; x_wconf 83' lang='lat' dir='ltr'>contem-</span> 
     </span>
     <span class='ocr_line' id='line_1_41' title="bbox 103 3707 1751 3782; baseline 0.001 -17"><span class='ocrx_word' id='word_1_603' title='bbox 103 3711 170 3776; x_wconf 86' lang='lat' dir='ltr'>Deo,</span> <span class='ocrx_word' id='word_1_604' title='bbox 197 3710 269 3781; x_wconf 90' lang='lat' dir='ltr'>quod</span> <span class='ocrx_word' id='word_1_605' title='bbox 296 3710 345 3764; x_wconf 92' lang='lat' dir='ltr'>Dei</span> <span class='ocrx_word' id='word_1_606' title='bbox 373 3716 424 3778; x_wconf 91' lang='lat' dir='ltr'>est,</span> <span class='ocrx_word' id='word_1_607' title='bbox 452 3709 507 3779; x_wconf 90' lang='lat' dir='ltr'>legi</span> <span class='ocrx_word' id='word_1_608' title='bbox 527 3709 656 3775; x_wconf 79' lang='lat' dir='ltr'>attribuit,</span> <span class='ocrx_word' id='word_1_609' title='bbox 672 3708 902 3780; x_wconf 87' lang='lat' dir='ltr'>quemadmodum</span> <span class='ocrx_word' id='word_1_610' title='bbox 951 3723 1025 3762; x_wconf 94' lang='lat' dir='ltr'>nere.</span> <span class='ocrx_word' id='word_1_611' title='bbox 1042 3707 1104 3762; x_wconf 89' lang='lat' dir='ltr'>Non</span> <span class='ocrx_word' id='word_1_612' title='bbox 1118 3724 1163 3763; x_wconf 93' lang='lat' dir='ltr'>me</span> <span class='ocrx_word' id='word_1_613' title='bbox 1179 3707 1329 3779; x_wconf 87' lang='lat' dir='ltr'>sprevistis,</span> <span class='ocrx_word' id='word_1_614' title='bbox 1339 3709 1386 3765; x_wconf 89' lang='lat' dir='ltr'>sed</span> <span class='ocrx_word' id='word_1_615' title='bbox 1394 3710 1547 3782; x_wconf 78' lang='lat' dir='ltr'>excepistis</span> <span class='ocrx_word' id='word_1_616' title='bbox 1559 3726 1604 3766; x_wconf 90' lang='lat' dir='ltr'>me</span> <span class='ocrx_word' id='word_1_617' title='bbox 1612 3712 1688 3767; x_wconf 83' lang='lat' dir='ltr'>sicut</span> <span class='ocrx_word' id='word_1_618' title='bbox 1697 3727 1751 3767; x_wconf 84' lang='lat' dir='ltr'>oet-</span> 
     </span>
     <span class='ocr_line' id='line_1_42' title="bbox 103 3795 1751 3868; baseline 0.003 -18"><span class='ocrx_word' id='word_1_619' title='bbox 103 3795 251 3852; x_wconf 85' lang='lat' dir='ltr'>idololatrae</span> <span class='ocrx_word' id='word_1_620' title='bbox 261 3796 444 3850; x_wconf 88' lang='lat' dir='ltr'>attribuebant</span> <span class='ocrx_word' id='word_1_621' title='bbox 459 3796 532 3867; x_wconf 93' lang='lat' dir='ltr'>quod</span> <span class='ocrx_word' id='word_1_622' title='bbox 557 3797 608 3851; x_wconf 91' lang='lat' dir='ltr'>Dei</span> <span class='ocrx_word' id='word_1_623' title='bbox 628 3803 693 3863; x_wconf 90' lang='lat' dir='ltr'>erat,</span> <span class='ocrx_word' id='word_1_624' title='bbox 719 3795 801 3851; x_wconf 93' lang='lat' dir='ltr'>idolo.</span> <span class='ocrx_word' id='word_1_625' title='bbox 823 3797 902 3853; x_wconf 90' lang='lat' dir='ltr'>Nunc</span> <span class='ocrx_word' id='word_1_626' title='bbox 950 3795 1044 3866; x_wconf 77' lang='lat' dir='ltr'>gelam</span> <span class='ocrx_word' id='word_1_627' title='bbox 1059 3795 1117 3864; x_wconf 86' lang='lat' dir='ltr'>Dei,</span> <span class='ocrx_word' id='word_1_628' title='bbox 1133 3804 1160 3850; x_wconf 93' lang='lat' dir='ltr'>et</span> <span class='ocrx_word' id='word_1_629' title='bbox 1172 3795 1751 3868; x_wconf 79' lang='lat' dir='ltr'>sicnthristnrniesum.Etcumperboc</span> 
     </span>
     <span class='ocr_line' id='line_1_43' title="bbox 103 3882 1753 3955; baseline 0.002 -16"><span class='ocrx_word' id='word_1_630' title='bbox 103 3884 186 3939; x_wconf 90' lang='lat' dir='ltr'>etiam</span> <span class='ocrx_word' id='word_1_631' title='bbox 201 3883 223 3936; x_wconf 93' lang='lat' dir='ltr'>si</span> <span class='ocrx_word' id='word_1_632' title='bbox 238 3882 328 3954; x_wconf 90' lang='lat' dir='ltr'>legem</span> <span class='ocrx_word' id='word_1_633' title='bbox 343 3882 489 3954; x_wconf 86' lang='lat' dir='ltr'>accipiunt,</span> <span class='ocrx_word' id='word_1_634' title='bbox 506 3883 626 3938; x_wconf 89' lang='lat' dir='ltr'>deterius</span> <span class='ocrx_word' id='word_1_635' title='bbox 642 3883 692 3938; x_wconf 90' lang='lat' dir='ltr'>erit</span> <span class='ocrx_word' id='word_1_636' title='bbox 707 3899 789 3955; x_wconf 92' lang='lat' dir='ltr'>quam</span> <span class='ocrx_word' id='word_1_637' title='bbox 802 3883 875 3953; x_wconf 86' lang='lat' dir='ltr'>prius</span> <span class='ocrx_word' id='word_1_638' title='bbox 892 3902 899 3949; x_wconf 90' lang='lat'><em>;</em></span> <span class='ocrx_word' id='word_1_639' title='bbox 952 3892 1084 3952; x_wconf 87' lang='lat' dir='ltr'>appareat</span> <span class='ocrx_word' id='word_1_640' title='bbox 1099 3883 1199 3938; x_wconf 90' lang='lat' dir='ltr'>nullam</span> <span class='ocrx_word' id='word_1_641' title='bbox 1213 3884 1277 3954; x_wconf 88' lang='lat' dir='ltr'>odii,</span> <span class='ocrx_word' id='word_1_642' title='bbox 1295 3885 1344 3940; x_wconf 92' lang='lat' dir='ltr'>sed</span> <span class='ocrx_word' id='word_1_643' title='bbox 1357 3885 1471 3940; x_wconf 89' lang='lat' dir='ltr'>multam</span> <span class='ocrx_word' id='word_1_644' title='bbox 1484 3901 1545 3941; x_wconf 92' lang='lat' dir='ltr'>esse</span> <span class='ocrx_word' id='word_1_645' title='bbox 1560 3902 1669 3942; x_wconf 88' lang='lat' dir='ltr'>causam</span> <span class='ocrx_word' id='word_1_646' title='bbox 1682 3886 1753 3943; x_wconf 90' lang='lat' dir='ltr'>dile-</span> 
     </span>
     <span class='ocr_line' id='line_1_44' title="bbox 105 3969 1746 4043; baseline 0.002 -17"><span class='ocrx_word' id='word_1_647' title='bbox 105 3979 168 4027; x_wconf 91' lang='lat' dir='ltr'>tunc</span> <span class='ocrx_word' id='word_1_648' title='bbox 194 3969 266 4025; x_wconf 90' lang='lat' dir='ltr'>enim</span> <span class='ocrx_word' id='word_1_649' title='bbox 294 3985 343 4041; x_wconf 92' lang='lat' dir='ltr'>per</span> <span class='ocrx_word' id='word_1_650' title='bbox 370 3969 562 4041; x_wconf 87' lang='lat' dir='ltr'>ignorantiam,</span> <span class='ocrx_word' id='word_1_651' title='bbox 579 3985 650 4026; x_wconf 90' lang='lat' dir='ltr'>nuuc</span> <span class='ocrx_word' id='word_1_652' title='bbox 665 3986 730 4027; x_wconf 92' lang='lat' dir='ltr'>vero</span> <span class='ocrx_word' id='word_1_653' title='bbox 743 3971 861 4027; x_wconf 87' lang='lat' dir='ltr'>scientes</span> <span class='ocrx_word' id='word_1_654' title='bbox 875 3979 903 4027; x_wconf 90' lang='lat' dir='ltr'>et</span> <span class='ocrx_word' id='word_1_655' title='bbox 951 3971 1058 4040; x_wconf 86' lang='lat' dir='ltr'>ctionis,</span> <span class='ocrx_word' id='word_1_656' title='bbox 1087 3970 1159 4027; x_wconf 87' lang='lat' dir='ltr'>male</span> <span class='ocrx_word' id='word_1_657' title='bbox 1181 3973 1262 4027; x_wconf 86' lang='lat' dir='ltr'>sentit</span> <span class='ocrx_word' id='word_1_658' title='bbox 1275 3972 1320 4043; x_wconf 93' lang='lat' dir='ltr'>qui</span> <span class='ocrx_word' id='word_1_659' title='bbox 1335 3973 1489 4043; x_wconf 90' lang='lat' dir='ltr'>suspicatur</span> <span class='ocrx_word' id='word_1_660' title='bbox 1501 3973 1634 4030; x_wconf 90' lang='lat' dir='ltr'>inimicari</span> <span class='ocrx_word' id='word_1_661' title='bbox 1655 3974 1746 4032; x_wconf 92' lang='lat' dir='ltr'>vobis.</span> 
     </span>
     <span class='ocr_line' id='line_1_45' title="bbox 104 4057 1749 4135; baseline 0.004 -23"><span class='ocrx_word' id='word_1_662' title='bbox 104 4057 254 4129; x_wconf 90' lang='lat' dir='ltr'>prudentes</span> <span class='ocrx_word' id='word_1_663' title='bbox 283 4072 393 4112; x_wconf 91' lang='lat' dir='ltr'>manum</span> <span class='ocrx_word' id='word_1_664' title='bbox 415 4057 522 4112; x_wconf 90' lang='lat' dir='ltr'>mittent</span> <span class='ocrx_word' id='word_1_665' title='bbox 547 4058 576 4112; x_wconf 93' lang='lat' dir='ltr'>in</span> <span class='ocrx_word' id='word_1_666' title='bbox 602 4058 704 4131; x_wconf 82' lang='lat' dir='ltr'>ignem.</span> <span class='ocrx_word' id='word_1_667' title='bbox 733 4059 835 4114; x_wconf 88' lang='lat' dir='ltr'>Littera</span> <span class='ocrx_word' id='word_1_668' title='bbox 863 4059 902 4116; x_wconf 92' lang='lat' dir='ltr'>sic</span> <span class='ocrx_word' id='word_1_669' title='bbox 952 4059 985 4113; x_wconf 87' lang='lat' dir='ltr'>Et</span> <span class='ocrx_word' id='word_1_670' title='bbox 999 4059 1064 4130; x_wconf 92' lang='lat' dir='ltr'>quia</span> <span class='ocrx_word' id='word_1_671' title='bbox 1077 4058 1104 4113; x_wconf 94' lang='lat' dir='ltr'>in</span> <span class='ocrx_word' id='word_1_672' title='bbox 1119 4060 1278 4130; x_wconf 85' lang='lat' dir='ltr'>exceptione</span> <span class='ocrx_word' id='word_1_673' title='bbox 1292 4061 1346 4116; x_wconf 89' lang='lat' dir='ltr'>mei</span> <span class='ocrx_word' id='word_1_674' title='bbox 1360 4062 1429 4117; x_wconf 90' lang='lat' dir='ltr'>adeo</span> <span class='ocrx_word' id='word_1_675' title='bbox 1442 4061 1555 4134; x_wconf 89' lang='lat' dir='ltr'>benigni</span> <span class='ocrx_word' id='word_1_676' title='bbox 1575 4061 1749 4135; x_wconf 79' lang='lat' dir='ltr'>fuistis,ergo</span> 
     </span>
     <span class='ocr_line' id='line_1_46' title="bbox 101 4140 1750 4223; baseline 0.004 -24"><span class='ocrx_word' id='word_1_677' title='bbox 101 4145 245 4219; x_wconf 86' lang='lat' dir='ltr'>jungitur:</span> <span class='ocrx_word' id='word_1_678' title='bbox 277 4146 355 4201; x_wconf 94' lang='lat' dir='ltr'>Nunc</span> <span class='ocrx_word' id='word_1_679' title='bbox 384 4146 450 4201; x_wconf 92' lang='lat' dir='ltr'>estis</span> <span class='ocrx_word' id='word_1_680' title='bbox 480 4143 536 4213; x_wconf 87' lang='lat' dir='ltr'>filii,</span> <span class='ocrx_word' id='word_1_681' title='bbox 567 4140 617 4201; x_wconf 89' lang='lat' dir='ltr'>sed</span> <span class='ocrx_word' id='word_1_682' title='bbox 639 4154 703 4202; x_wconf 91' lang='lat' dir='ltr'>tunc</span> <span class='ocrx_word' id='word_1_683' title='bbox 716 4146 826 4218; x_wconf 91' lang='lat' dir='ltr'>quidem</span> <span class='ocrx_word' id='word_1_684' title='bbox 839 4155 902 4202; x_wconf 89' lang='lat' dir='ltr'>ante</span> <span class='ocrx_word' id='word_1_685' title='bbox 951 4146 999 4202; x_wconf 82' lang='lat' dir='ltr'>ubi</span> <span class='ocrx_word' id='word_1_686' title='bbox 1009 4150 1051 4202; x_wconf 82' lang='lat' dir='ltr'>est</span> <span class='ocrx_word' id='word_1_687' title='bbox 1061 4147 1203 4203; x_wconf 83' lang='lat' dir='ltr'>beatitudo</span> <span class='ocrx_word' id='word_1_688' title='bbox 1212 4152 1315 4214; x_wconf 87' lang='lat' dir='ltr'>vestro,</span> <span class='ocrx_word' id='word_1_689' title='bbox 1328 4166 1380 4220; x_wconf 91' lang='lat' dir='ltr'>qua</span> <span class='ocrx_word' id='word_1_690' title='bbox 1390 4149 1430 4206; x_wconf 91' lang='lat' dir='ltr'>sic</span> <span class='ocrx_word' id='word_1_691' title='bbox 1439 4150 1513 4221; x_wconf 90' lang='lat' dir='ltr'>prius</span> <span class='ocrx_word' id='word_1_692' title='bbox 1524 4149 1674 4223; x_wconf 86' lang='lat' dir='ltr'>Evangelio</span> <span class='ocrx_word' id='word_1_693' title='bbox 1683 4149 1750 4207; x_wconf 90' lang='lat' dir='ltr'>obe·</span> 
     </span>
     <span class='ocr_line' id='line_1_47' title="bbox 105 4233 1752 4310; baseline 0.004 -21"><span class='ocrx_word' id='word_1_694' title='bbox 105 4235 311 4290; x_wconf 88' lang='lat' dir='ltr'>conversionem</span> <span class='ocrx_word' id='word_1_695' title='bbox 338 4233 500 4289; x_wconf 89' lang='lat' dir='ltr'>serviebatis</span> <span class='ocrx_word' id='word_1_696' title='bbox 515 4233 558 4288; x_wconf 92' lang='lat' dir='ltr'>his</span> <span class='ocrx_word' id='word_1_697' title='bbox 574 4235 621 4305; x_wconf 93' lang='lat' dir='ltr'>qui</span> <span class='ocrx_word' id='word_1_698' title='bbox 636 4249 691 4289; x_wconf 92' lang='lat' dir='ltr'>non</span> <span class='ocrx_word' id='word_1_699' title='bbox 706 4243 784 4290; x_wconf 92' lang='lat' dir='ltr'>erant</span> <span class='ocrx_word' id='word_1_700' title='bbox 798 4235 849 4290; x_wconf 90' lang='lat' dir='ltr'>dii.</span> <span class='ocrx_word' id='word_1_701' title='bbox 868 4236 901 4291; x_wconf 86' lang='lat' dir='ltr'>Et</span> <span class='ocrx_word' id='word_1_702' title='bbox 952 4233 1053 4290; x_wconf 82' lang='lat' dir='ltr'>diatisi</span> <span class='ocrx_word' id='word_1_703' title='bbox 1080 4235 1114 4290; x_wconf 86' lang='lat' dir='ltr'>Et</span> <span class='ocrx_word' id='word_1_704' title='bbox 1143 4251 1207 4291; x_wconf 91' lang='lat' dir='ltr'>vere</span> <span class='ocrx_word' id='word_1_705' title='bbox 1227 4235 1373 4302; x_wconf 88' lang='lat' dir='ltr'>beatitudo,</span> <span class='ocrx_word' id='word_1_706' title='bbox 1396 4238 1463 4310; x_wconf 82' lang='lat' dir='ltr'>quio</span> <span class='ocrx_word' id='word_1_707' title='bbox 1481 4237 1541 4309; x_wconf 90' lang='lat' dir='ltr'>ipse</span> <span class='ocrx_word' id='word_1_708' title='bbox 1555 4239 1752 4295; x_wconf 82' lang='lat' dir='ltr'>testimoninm</span> 
     </span>
     <span class='ocr_line' id='line_1_48' title="bbox 106 4314 1750 4398; baseline 0.005 -23"><span class='ocrx_word' id='word_1_709' title='bbox 106 4321 129 4375; x_wconf 91' lang='lat' dir='ltr'>si</span> <span class='ocrx_word' id='word_1_710' title='bbox 144 4337 192 4392; x_wconf 93' lang='lat' dir='ltr'>per</span> <span class='ocrx_word' id='word_1_711' title='bbox 206 4321 370 4391; x_wconf 90' lang='lat' dir='ltr'>opinionem,</span> <span class='ocrx_word' id='word_1_712' title='bbox 389 4321 510 4379; x_wconf 67' lang='lat'>220</span> <span class='ocrx_word' id='word_1_713' title='bbox 525 4330 685 4378; x_wconf 90' lang='lat' dir='ltr'>nontamen</span> <span class='ocrx_word' id='word_1_714' title='bbox 699 4339 750 4394; x_wconf 92' lang='lat' dir='ltr'>per</span> <span class='ocrx_word' id='word_1_715' title='bbox 763 4331 901 4379; x_wconf 88' lang='lat' dir='ltr'>naturam.</span> <span class='ocrx_word' id='word_1_716' title='bbox 918 4314 945 4374; x_wconf 92' lang='lat' dir='ltr'>D</span> <span class='ocrx_word' id='word_1_717' title='bbox 954 4323 1082 4394; x_wconf 79' lang='lat' dir='ltr'>perhibeo</span> <span class='ocrx_word' id='word_1_718' title='bbox 1105 4323 1189 4391; x_wconf 77' lang='grc' dir='ltr'>ιιιίι,</span> <span class='ocrx_word' id='word_1_719' title='bbox 1210 4324 1315 4396; x_wconf 81' lang='lat' dir='ltr'>quodsi</span> <span class='ocrx_word' id='word_1_720' title='bbox 1324 4325 1389 4393; x_wconf 79' lang='lat' dir='ltr'>fieri</span> <span class='ocrx_word' id='word_1_721' title='bbox 1398 4329 1492 4398; x_wconf 80' lang='lat' dir='ltr'>posset</span> <span class='ocrx_word' id='word_1_722' title='bbox 1499 4326 1646 4382; x_wconf 80' lang='lat' dir='ltr'>eruissetis</span> <span class='ocrx_word' id='word_1_723' title='bbox 1655 4327 1750 4385; x_wconf 84' lang='lat' dir='ltr'>centos</span> 
     </span>
     <span class='ocr_line' id='line_1_49' title="bbox 106 4409 1751 4487; baseline 0.004 -24"><span class='ocrx_word' id='word_1_724' title='bbox 106 4409 182 4464; x_wconf 84' lang='lat' dir='ltr'>Tunc</span> <span class='ocrx_word' id='word_1_725' title='bbox 210 4409 248 4464; x_wconf 88' lang='lat' dir='ltr'>sic</span> <span class='ocrx_word' id='word_1_726' title='bbox 269 4409 438 4478; x_wconf 88' lang='lat' dir='ltr'>serviebatis,</span> <span class='ocrx_word' id='word_1_727' title='bbox 462 4410 513 4465; x_wconf 89' lang='lat' dir='ltr'>sed</span> <span class='ocrx_word' id='word_1_728' title='bbox 538 4427 619 4478; x_wconf 89' lang='lat' dir='ltr'>nunc,</span> <span class='ocrx_word' id='word_1_729' title='bbox 637 4428 702 4467; x_wconf 87' lang='lat' dir='ltr'>cnm</span> <span class='ocrx_word' id='word_1_730' title='bbox 721 4413 907 4482; x_wconf 74' lang='lat' dir='ltr'>cognoveritis</span> <span class='ocrx_word' id='word_1_731' title='bbox 954 4413 1069 4475; x_wconf 82' lang='lat' dir='ltr'>vestros,</span> <span class='ocrx_word' id='word_1_732' title='bbox 1084 4414 1113 4467; x_wconf 92' lang='lat' dir='ltr'>et</span> <span class='ocrx_word' id='word_1_733' title='bbox 1123 4410 1270 4467; x_wconf 80' lang='lat' dir='ltr'>dedissetis</span> <span class='ocrx_word' id='word_1_734' title='bbox 1278 4412 1360 4469; x_wconf 79' lang='lat' dir='ltr'>mint.</span> <span class='ocrx_word' id='word_1_735' title='bbox 1370 4413 1454 4470; x_wconf 85' lang='lat' dir='ltr'>Posse</span> <span class='ocrx_word' id='word_1_736' title='bbox 1462 4411 1520 4469; x_wconf 88' lang='lat' dir='ltr'>fieri</span> <span class='ocrx_word' id='word_1_737' title='bbox 1537 4412 1664 4487; x_wconf 87' lang='lat' dir='ltr'>intelligit</span> <span class='ocrx_word' id='word_1_738' title='bbox 1678 4413 1751 4487; x_wconf 88' lang='lat' dir='ltr'>quod</span> 
     </span>
     <span class='ocr_line' id='line_1_50' title="bbox 107 4497 1275 4570; baseline 0.003 -18"><span class='ocrx_word' id='word_1_739' title='bbox 107 4498 205 4563; x_wconf 82' lang='lat' dir='ltr'>Deum,</span> <span class='ocrx_word' id='word_1_740' title='bbox 222 4505 317 4552; x_wconf 87' lang='lat' dir='ltr'>contra</span> <span class='ocrx_word' id='word_1_741' title='bbox 330 4497 381 4553; x_wconf 90' lang='lat' dir='ltr'>hoc</span> <span class='ocrx_word' id='word_1_742' title='bbox 409 4497 481 4569; x_wconf 91' lang='lat' dir='ltr'>qnod</span> <span class='ocrx_word' id='word_1_743' title='bbox 495 4498 531 4552; x_wconf 92' lang='lat' dir='ltr'>ait</span> <span class='ocrx_word' id='word_1_744' title='bbox 553 4500 735 4570; x_wconf 79' lang='lat' dir='ltr'>ignorantea;</span> <span class='ocrx_word' id='word_1_745' title='bbox 763 4507 789 4554; x_wconf 90' lang='lat' dir='ltr'>et</span> <span class='ocrx_word' id='word_1_746' title='bbox 812 4499 907 4556; x_wconf 92' lang='lat' dir='ltr'>dicens</span> <span class='ocrx_word' id='word_1_747' title='bbox 955 4505 1137 4569; x_wconf 91' lang='lat' dir='ltr'>opportunum</span> <span class='ocrx_word' id='word_1_748' title='bbox 1151 4507 1193 4554; x_wconf 91' lang='lat' dir='ltr'>est</span> <span class='ocrx_word' id='word_1_749' title='bbox 1207 4498 1275 4555; x_wconf 86' lang='lat' dir='ltr'>fieri.</span> 
     </span>
    </p>

    <p class='ocr_par' dir='ltr' id='par_1_5' title="bbox 108 4584 1756 5452">
     <span class='ocr_line' id='line_1_51' title="bbox 109 4584 1749 4658; baseline 0.004 -17"><span class='ocrx_word' id='word_1_750' title='bbox 109 4600 174 4641; x_wconf 82' lang='lat' dir='ltr'>cont</span> <span class='ocrx_word' id='word_1_751' title='bbox 182 4585 366 4657; x_wconf 76' lang='lat' dir='ltr'>cognoveritis</span> <span class='ocrx_word' id='word_1_752' title='bbox 380 4584 491 4639; x_wconf 88' lang='lat' dir='ltr'>Paulum</span> <span class='ocrx_word' id='word_1_753' title='bbox 505 4585 607 4641; x_wconf 90' lang='lat' dir='ltr'>dixisse</span> <span class='ocrx_word' id='word_1_754' title='bbox 620 4602 666 4642; x_wconf 95' lang='grc' dir='ltr'>ιιι</span> <span class='ocrx_word' id='word_1_755' title='bbox 676 4590 704 4642; x_wconf 97' lang='lat' dir='ltr'>et</span> <span class='ocrx_word' id='word_1_756' title='bbox 717 4588 834 4658; x_wconf 71' lang='lat' dir='ltr'>corrigo,</span> <span class='ocrx_word' id='word_1_757' title='bbox 851 4586 906 4642; x_wconf 90' lang='lat' dir='ltr'>imo</span> <span class='ocrx_word' id='word_1_758' title='bbox 991 4587 1025 4639; x_wconf 89' lang='lat' dir='ltr'>Et</span> <span class='ocrx_word' id='word_1_759' title='bbox 1040 4587 1103 4657; x_wconf 89' lang='lat' dir='ltr'>quia</span> <span class='ocrx_word' id='word_1_760' title='bbox 1131 4595 1203 4642; x_wconf 85' lang='lat' dir='ltr'>tanta</span> <span class='ocrx_word' id='word_1_761' title='bbox 1227 4588 1254 4645; x_wconf 93' lang='lat' dir='ltr'>vi</span> <span class='ocrx_word' id='word_1_762' title='bbox 1274 4588 1426 4646; x_wconf 92' lang='lat' dir='ltr'>dilectionis</span> <span class='ocrx_word' id='word_1_763' title='bbox 1439 4589 1506 4645; x_wconf 88' lang='lat' dir='ltr'>mihi</span> <span class='ocrx_word' id='word_1_764' title='bbox 1520 4589 1639 4647; x_wconf 91' lang='lat' dir='ltr'>devincti</span> <span class='ocrx_word' id='word_1_765' title='bbox 1654 4590 1749 4658; x_wconf 88' lang='lat' dir='ltr'>eratis,</span> 
     </span>
     <span class='ocr_line' id='line_1_52' title="bbox 110 4672 1752 4751; baseline 0.005 -25"><span class='ocrx_word' id='word_1_766' title='bbox 110 4686 172 4741; x_wconf 86' lang='lat' dir='ltr'>cum</span> <span class='ocrx_word' id='word_1_767' title='bbox 188 4687 237 4728; x_wconf 91' lang='lat' dir='ltr'>vos</span> <span class='ocrx_word' id='word_1_768' title='bbox 250 4673 366 4743; x_wconf 78' lang='lat' dir='ltr'>cogniti,</span> <span class='ocrx_word' id='word_1_769' title='bbox 383 4672 410 4726; x_wconf 91' lang='lat' dir='ltr'>id</span> <span class='ocrx_word' id='word_1_770' title='bbox 424 4680 466 4728; x_wconf 91' lang='lat' dir='ltr'>est</span> <span class='ocrx_word' id='word_1_771' title='bbox 488 4674 629 4745; x_wconf 88' lang='lat' dir='ltr'>approbati</span> <span class='ocrx_word' id='word_1_772' title='bbox 643 4673 709 4729; x_wconf 91' lang='lat' dir='ltr'>estis</span> <span class='ocrx_word' id='word_1_773' title='bbox 724 4692 741 4728; x_wconf 89' lang='lat' dir='ltr'>a</span> <span class='ocrx_word' id='word_1_774' title='bbox 756 4676 820 4738; x_wconf 88' lang='lat' dir='ltr'>Deo,</span> <span class='ocrx_word' id='word_1_775' title='bbox 837 4690 906 4746; x_wconf 85' lang='lat' dir='ltr'>qno·</span> <span class='ocrx_word' id='word_1_776' title='bbox 956 4689 1021 4744; x_wconf 79' lang='lat' dir='ltr'>erqo</span> <span class='ocrx_word' id='word_1_777' title='bbox 1036 4690 1086 4730; x_wconf 93' lang='lat' dir='ltr'>nec</span> <span class='ocrx_word' id='word_1_778' title='bbox 1100 4674 1268 4731; x_wconf 91' lang='lat' dir='ltr'>credendum</span> <span class='ocrx_word' id='word_1_779' title='bbox 1281 4686 1322 4733; x_wconf 92' lang='lat' dir='ltr'>est</span> <span class='ocrx_word' id='word_1_780' title='bbox 1333 4676 1406 4748; x_wconf 89' lang='lat' dir='ltr'>quod</span> <span class='ocrx_word' id='word_1_781' title='bbox 1416 4693 1467 4751; x_wconf 89' lang='lat' dir='ltr'>ego</span> <span class='ocrx_word' id='word_1_782' title='bbox 1477 4679 1752 4749; x_wconf 85' lang='lat' dir='ltr'>sootnssnminimi·</span> 
     </span>
     <span class='ocr_line' id='line_1_53' title="bbox 109 4759 1754 4838; baseline 0.005 -24"><span class='ocrx_word' id='word_1_783' title='bbox 109 4760 199 4826; x_wconf 85' lang='lat' dir='ltr'>modo,</span> <span class='ocrx_word' id='word_1_784' title='bbox 215 4759 243 4815; x_wconf 94' lang='lat' dir='ltr'>id</span> <span class='ocrx_word' id='word_1_785' title='bbox 257 4767 299 4815; x_wconf 91' lang='lat' dir='ltr'>est</span> <span class='ocrx_word' id='word_1_786' title='bbox 313 4774 368 4831; x_wconf 88' lang='lat' dir='ltr'>qua</span> <span class='ocrx_word' id='word_1_787' title='bbox 382 4760 487 4816; x_wconf 87' lang='lat' dir='ltr'>ratione</span> <span class='ocrx_word' id='word_1_788' title='bbox 499 4762 699 4818; x_wconf 81' lang='lat' dir='ltr'>convertimini</span> <span class='ocrx_word' id='word_1_789' title='bbox 713 4763 827 4827; x_wconf 84' lang='lat' dir='ltr'>iterum,</span> <span class='ocrx_word' id='word_1_790' title='bbox 845 4761 907 4834; x_wconf 91' lang='lat' dir='ltr'>quia</span> <span class='ocrx_word' id='word_1_791' title='bbox 955 4777 1005 4817; x_wconf 87' lang='grc' dir='ltr'>ιιι</span> <span class='ocrx_word' id='word_1_792' title='bbox 1019 4762 1102 4818; x_wconf 82' lang='lat' dir='ltr'>vobis.</span> <span class='ocrx_word' id='word_1_793' title='bbox 1119 4761 1200 4831; x_wconf 84' lang='lat' dir='ltr'>Quod</span> <span class='ocrx_word' id='word_1_794' title='bbox 1213 4763 1275 4820; x_wconf 90' lang='lat' dir='ltr'>ideo</span> <span class='ocrx_word' id='word_1_795' title='bbox 1289 4764 1390 4835; x_wconf 87' lang='lat' dir='ltr'>putatis</span> <span class='ocrx_word' id='word_1_796' title='bbox 1405 4765 1470 4838; x_wconf 91' lang='lat' dir='ltr'>quia</span> <span class='ocrx_word' id='word_1_797' title='bbox 1483 4765 1754 4823; x_wconf 82' lang='lat' dir='ltr'>cumdicentceratns</span> 
     </span>
     <span class='ocr_line' id='line_1_54' title="bbox 109 4846 1752 4922; baseline 0.005 -20"><span class='ocrx_word' id='word_1_798' title='bbox 109 4846 173 4902; x_wconf 89' lang='lat' dir='ltr'>olim</span> <span class='ocrx_word' id='word_1_799' title='bbox 188 4848 216 4902; x_wconf 92' lang='lat' dir='ltr'>in</span> <span class='ocrx_word' id='word_1_800' title='bbox 230 4848 328 4904; x_wconf 91' lang='lat' dir='ltr'>eodem</span> <span class='ocrx_word' id='word_1_801' title='bbox 343 4848 434 4915; x_wconf 91' lang='lat' dir='ltr'>eratis,</span> <span class='ocrx_word' id='word_1_802' title='bbox 450 4848 487 4904; x_wconf 86' lang='lat' dir='ltr'>cd</span> <span class='ocrx_word' id='word_1_803' title='bbox 501 4850 652 4918; x_wconf 87' lang='lat' dir='ltr'>elemento,</span> <span class='ocrx_word' id='word_1_804' title='bbox 668 4848 696 4903; x_wconf 90' lang='lat' dir='ltr'>id</span> <span class='ocrx_word' id='word_1_805' title='bbox 711 4857 752 4905; x_wconf 93' lang='lat' dir='ltr'>est</span> <span class='ocrx_word' id='word_1_806' title='bbox 766 4850 802 4905; x_wconf 91' lang='lat' dir='ltr'>ad</span> <span class='ocrx_word' id='word_1_807' title='bbox 815 4849 909 4906; x_wconf 87' lang='lat' dir='ltr'>illale-</span> <span class='ocrx_word' id='word_1_808' title='bbox 955 4851 1039 4906; x_wconf 84' lang='lat' dir='ltr'>vobis.</span> <span class='ocrx_word' id='word_1_809' title='bbox 1056 4851 1085 4906; x_wconf 92' lang='lat' dir='ltr'>Si</span> <span class='ocrx_word' id='word_1_810' title='bbox 1110 4851 1253 4907; x_wconf 90' lang='lat' dir='ltr'>veritatem</span> <span class='ocrx_word' id='word_1_811' title='bbox 1281 4853 1435 4922; x_wconf 89' lang='lat' dir='ltr'>reticerem,</span> <span class='ocrx_word' id='word_1_812' title='bbox 1454 4861 1481 4909; x_wconf 89' lang='lat' dir='ltr'>et</span> <span class='ocrx_word' id='word_1_813' title='bbox 1495 4868 1544 4910; x_wconf 84' lang='lat' dir='ltr'>ros</span> <span class='ocrx_word' id='word_1_814' title='bbox 1559 4853 1752 4911; x_wconf 84' lang='lat' dir='ltr'>blandimentis</span> 
     </span>
     <span class='ocr_line' id='line_1_55' title="bbox 110 4934 1754 5015; baseline 0.006 -26"><span class='ocrx_word' id='word_1_815' title='bbox 110 4934 181 5007; x_wconf 86' lang='lat' dir='ltr'>galia</span> <span class='ocrx_word' id='word_1_816' title='bbox 194 4936 320 5005; x_wconf 77' lang='lat' dir='ltr'>infirma,</span> <span class='ocrx_word' id='word_1_817' title='bbox 352 4936 377 4990; x_wconf 93' lang='lat' dir='ltr'>id</span> <span class='ocrx_word' id='word_1_818' title='bbox 393 4944 434 4991; x_wconf 90' lang='lat' dir='ltr'>est</span> <span class='ocrx_word' id='word_1_819' title='bbox 448 4937 530 4991; x_wconf 90' lang='lat' dir='ltr'>etiam</span> <span class='ocrx_word' id='word_1_820' title='bbox 542 4943 664 5007; x_wconf 91' lang='lat' dir='ltr'>tempore</span> <span class='ocrx_word' id='word_1_821' title='bbox 679 4953 728 4993; x_wconf 94' lang='lat' dir='ltr'>suo</span> <span class='ocrx_word' id='word_1_822' title='bbox 751 4937 907 5010; x_wconf 84' lang='lat' dir='ltr'>impotentia</span> <span class='ocrx_word' id='word_1_823' title='bbox 955 4938 1106 5010; x_wconf 88' lang='lat' dir='ltr'>palparem,</span> <span class='ocrx_word' id='word_1_824' title='bbox 1124 4939 1164 4995; x_wconf 87' lang='lat' dir='ltr'>sic</span> <span class='ocrx_word' id='word_1_825' title='bbox 1179 4956 1222 4996; x_wconf 94' lang='lat' dir='ltr'>me</span> <span class='ocrx_word' id='word_1_826' title='bbox 1234 4940 1393 5010; x_wconf 88' lang='lat' dir='ltr'>judicaretis</span> <span class='ocrx_word' id='word_1_827' title='bbox 1404 4942 1532 4998; x_wconf 89' lang='lat' dir='ltr'>amicum.</span> <span class='ocrx_word' id='word_1_828' title='bbox 1551 4943 1612 5015; x_wconf 88' lang='lat' dir='ltr'>Ego</span> <span class='ocrx_word' id='word_1_829' title='bbox 1627 4957 1754 5000; x_wconf 81' lang='lat' dir='ltr'>nonaum</span> 
     </span>
     <span class='ocr_line' id='line_1_56' title="bbox 108 5020 1754 5102; baseline 0.007 -27"><span class='ocrx_word' id='word_1_830' title='bbox 108 5020 259 5091; x_wconf 72' lang='lat' dir='ltr'>iustificare</span> <span class='ocrx_word' id='word_1_831' title='bbox 287 5022 452 5094; x_wconf 86' lang='lat' dir='ltr'>quemlibet;</span> <span class='ocrx_word' id='word_1_832' title='bbox 473 5028 501 5079; x_wconf 90' lang='lat' dir='ltr'>et</span> <span class='ocrx_word' id='word_1_833' title='bbox 523 5024 604 5079; x_wconf 89' lang='lat' dir='ltr'>etiam</span> <span class='ocrx_word' id='word_1_834' title='bbox 630 5024 658 5077; x_wconf 93' lang='lat' dir='ltr'>in</span> <span class='ocrx_word' id='word_1_835' title='bbox 685 5023 732 5079; x_wconf 90' lang='lat' dir='ltr'>illa</span> <span class='ocrx_word' id='word_1_836' title='bbox 752 5024 907 5081; x_wconf 86' lang='lat' dir='ltr'>infirmitate</span> <span class='ocrx_word' id='word_1_837' title='bbox 956 5025 1187 5095; x_wconf 82' lang='lat' dir='ltr'>inimicusvobis3</span> <span class='ocrx_word' id='word_1_838' title='bbox 1204 5028 1253 5083; x_wconf 91' lang='lat' dir='ltr'>sed</span> <span class='ocrx_word' id='word_1_839' title='bbox 1268 5028 1307 5082; x_wconf 93' lang='lat' dir='ltr'>illi</span> <span class='ocrx_word' id='word_1_840' title='bbox 1320 5030 1505 5095; x_wconf 83' lang='lat' dir='ltr'>aemnlontnr,</span> <span class='ocrx_word' id='word_1_841' title='bbox 1535 5029 1562 5084; x_wconf 90' lang='lat' dir='ltr'>id</span> <span class='ocrx_word' id='word_1_842' title='bbox 1582 5037 1624 5085; x_wconf 91' lang='lat' dir='ltr'>est</span> <span class='ocrx_word' id='word_1_843' title='bbox 1637 5029 1754 5102; x_wconf 86' lang='lat' dir='ltr'>diligunt</span> 
     </span>
     <span class='ocr_line' id='line_1_57' title="bbox 110 5109 1756 5188; baseline 0.007 -23"><span class='ocrx_word' id='word_1_844' title='bbox 110 5125 209 5176; x_wconf 81' lang='lat' dir='ltr'>ceno,</span> <span class='ocrx_word' id='word_1_845' title='bbox 235 5109 263 5164; x_wconf 93' lang='lat' dir='ltr'>id</span> <span class='ocrx_word' id='word_1_846' title='bbox 279 5117 320 5165; x_wconf 89' lang='lat' dir='ltr'>est</span> <span class='ocrx_word' id='word_1_847' title='bbox 333 5110 422 5166; x_wconf 90' lang='lat' dir='ltr'>alieno</span> <span class='ocrx_word' id='word_1_848' title='bbox 436 5111 534 5166; x_wconf 90' lang='lat' dir='ltr'>auxilio</span> <span class='ocrx_word' id='word_1_849' title='bbox 549 5111 668 5183; x_wconf 91' lang='lat' dir='ltr'>egentia.</span> <span class='ocrx_word' id='word_1_850' title='bbox 684 5112 741 5168; x_wconf 91' lang='lat' dir='ltr'>lloc</span> <span class='ocrx_word' id='word_1_851' title='bbox 756 5113 829 5168; x_wconf 92' lang='lat' dir='ltr'>enim</span> <span class='ocrx_word' id='word_1_852' title='bbox 843 5121 907 5169; x_wconf 87' lang='lat' dir='ltr'>tan-</span> <span class='ocrx_word' id='word_1_853' title='bbox 956 5128 1002 5170; x_wconf 85' lang='lat' dir='ltr'>cos</span> <span class='ocrx_word' id='word_1_854' title='bbox 1015 5129 1072 5169; x_wconf 90' lang='lat' dir='ltr'>non</span> <span class='ocrx_word' id='word_1_855' title='bbox 1090 5114 1158 5171; x_wconf 86' lang='lat' dir='ltr'>bene</span> <span class='ocrx_word' id='word_1_856' title='bbox 1168 5135 1177 5183; x_wconf 93' lang='lat'>,·</span> <span class='ocrx_word' id='word_1_857' title='bbox 1188 5116 1309 5172; x_wconf 90' lang='lat' dir='ltr'>sedideo</span> <span class='ocrx_word' id='word_1_858' title='bbox 1319 5117 1382 5188; x_wconf 88' lang='lat' dir='ltr'>quia</span> <span class='ocrx_word' id='word_1_859' title='bbox 1392 5118 1490 5175; x_wconf 83' lang='lat' dir='ltr'>volant</span> <span class='ocrx_word' id='word_1_860' title='bbox 1500 5133 1571 5175; x_wconf 86' lang='lat' dir='ltr'>oosc</span> <span class='ocrx_word' id='word_1_861' title='bbox 1581 5118 1636 5188; x_wconf 75' lang='lat' dir='ltr'>tide</span> <span class='ocrx_word' id='word_1_862' title='bbox 1648 5118 1756 5176; x_wconf 74' lang='lat' dir='ltr'>consti</span> 
     </span>
     <span class='ocr_line' id='line_1_58' title="bbox 110 5196 1753 5277; baseline 0.007 -25"><span class='ocrx_word' id='word_1_863' title='bbox 110 5196 195 5252; x_wconf 89' lang='lat' dir='ltr'>tulum</span> <span class='ocrx_word' id='word_1_864' title='bbox 212 5197 285 5268; x_wconf 89' lang='lat' dir='ltr'>quod</span> <span class='ocrx_word' id='word_1_865' title='bbox 312 5197 427 5254; x_wconf 86' lang='lat' dir='ltr'>iaciebat</span> <span class='ocrx_word' id='word_1_866' title='bbox 454 5198 556 5271; x_wconf 83' lang='lat' dir='ltr'>[fiebat]</span> <span class='ocrx_word' id='word_1_867' title='bbox 582 5199 634 5253; x_wconf 93' lang='lat' dir='ltr'>nisi</span> <span class='ocrx_word' id='word_1_868' title='bbox 648 5214 697 5269; x_wconf 92' lang='lat' dir='ltr'>per</span> <span class='ocrx_word' id='word_1_869' title='bbox 718 5199 846 5255; x_wconf 90' lang='lat' dir='ltr'>auxilium</span> <span class='ocrx_word' id='word_1_870' title='bbox 862 5201 907 5256; x_wconf 87' lang='lat' dir='ltr'>iu·</span> <span class='ocrx_word' id='word_1_871' title='bbox 957 5202 1118 5267; x_wconf 75' lang='lat' dir='ltr'>excludere,</span> <span class='ocrx_word' id='word_1_872' title='bbox 1134 5202 1171 5257; x_wconf 92' lang='lat' dir='ltr'>ita</span> <span class='ocrx_word' id='word_1_873' title='bbox 1184 5207 1227 5271; x_wconf 87' lang='lat' dir='ltr'>nt,</span> <span class='ocrx_word' id='word_1_874' title='bbox 1239 5213 1384 5277; x_wconf 89' lang='lat' dir='ltr'>postquam</span> <span class='ocrx_word' id='word_1_875' title='bbox 1398 5221 1447 5261; x_wconf 88' lang='lat' dir='ltr'>vos</span> <span class='ocrx_word' id='word_1_876' title='bbox 1465 5205 1572 5277; x_wconf 88' lang='lat' dir='ltr'>plenius</span> <span class='ocrx_word' id='word_1_877' title='bbox 1586 5204 1614 5260; x_wconf 90' lang='lat' dir='ltr'>in</span> <span class='ocrx_word' id='word_1_878' title='bbox 1629 5221 1753 5263; x_wconf 87' lang='lat' dir='ltr'>errorem</span> 
     </span>
     <span class='ocr_line' id='line_1_59' title="bbox 110 5283 1755 5368; baseline 0.007 -28"><span class='ocrx_word' id='word_1_879' title='bbox 110 5292 178 5341; x_wconf 82' lang='lat' dir='ltr'>turre</span> <span class='ocrx_word' id='word_1_880' title='bbox 188 5283 252 5340; x_wconf 87' lang='lat' dir='ltr'>fidei</span> <span class='ocrx_word' id='word_1_881' title='bbox 265 5300 321 5341; x_wconf 92' lang='lat' dir='ltr'>non</span> <span class='ocrx_word' id='word_1_882' title='bbox 334 5293 451 5358; x_wconf 91' lang='lat' dir='ltr'>poterat,</span> <span class='ocrx_word' id='word_1_883' title='bbox 467 5287 566 5358; x_wconf 83' lang='lat' dir='ltr'>quibua</span> <span class='ocrx_word' id='word_1_884' title='bbox 589 5286 730 5342; x_wconf 90' lang='lat' dir='ltr'>elementis</span> <span class='ocrx_word' id='word_1_885' title='bbox 749 5288 831 5343; x_wconf 91' lang='lat' dir='ltr'>modo</span> <span class='ocrx_word' id='word_1_886' title='bbox 846 5305 908 5346; x_wconf 87' lang='lat' dir='ltr'>ser·</span> <span class='ocrx_word' id='word_1_887' title='bbox 957 5304 1036 5344; x_wconf 90' lang='lat' dir='ltr'>suum</span> <span class='ocrx_word' id='word_1_888' title='bbox 1051 5290 1185 5361; x_wconf 87' lang='lat' dir='ltr'>duxerint,</span> <span class='ocrx_word' id='word_1_889' title='bbox 1215 5307 1265 5348; x_wconf 90' lang='lat' dir='ltr'>vos</span> <span class='ocrx_word' id='word_1_890' title='bbox 1279 5295 1455 5367; x_wconf 81' lang='lat' dir='ltr'>oemnternint&#39;</span> <span class='ocrx_word' id='word_1_891' title='bbox 1470 5295 1544 5362; x_wconf 86' lang='lat' dir='ltr'>illos,</span> <span class='ocrx_word' id='word_1_892' title='bbox 1561 5301 1588 5350; x_wconf 90' lang='lat' dir='ltr'>et</span> <span class='ocrx_word' id='word_1_893' title='bbox 1610 5293 1755 5368; x_wconf 80' lang='lat' dir='ltr'>exigente</span> 
     </span>
     <span class='ocr_line' id='line_1_60' title="bbox 110 5373 1754 5452; baseline 0.007 -24"><span class='ocrx_word' id='word_1_894' title='bbox 110 5373 169 5429; x_wconf 85' lang='lat' dir='ltr'>vire</span> <span class='ocrx_word' id='word_1_895' title='bbox 198 5375 285 5432; x_wconf 81' lang='lat' dir='ltr'>vultis</span> <span class='ocrx_word' id='word_1_896' title='bbox 312 5382 338 5430; x_wconf 93' lang='lat' dir='ltr'>et</span> <span class='ocrx_word' id='word_1_897' title='bbox 364 5374 468 5431; x_wconf 83' lang='lat' dir='ltr'>denno.</span> <span class='ocrx_word' id='word_1_898' title='bbox 497 5374 551 5428; x_wconf 90' lang='lat' dir='ltr'>Lex</span> <span class='ocrx_word' id='word_1_899' title='bbox 566 5373 638 5429; x_wconf 89' lang='lat' dir='ltr'>enirn</span> <span class='ocrx_word' id='word_1_900' title='bbox 655 5373 754 5430; x_wconf 91' lang='lat' dir='ltr'>amodo</span> <span class='ocrx_word' id='word_1_901' title='bbox 768 5375 845 5432; x_wconf 91' lang='lat' dir='ltr'>vobis</span> <span class='ocrx_word' id='word_1_902' title='bbox 860 5376 909 5434; x_wconf 89' lang='lat' dir='ltr'>crit</span> <span class='ocrx_word' id='word_1_903' title='bbox 956 5377 1189 5451; x_wconf 83' lang='lat' dir='ltr'>vobisimperiose</span> <span class='ocrx_word' id='word_1_904' title='bbox 1202 5381 1276 5452; x_wconf 92' lang='lat' dir='ltr'>quod</span> <span class='ocrx_word' id='word_1_905' title='bbox 1289 5380 1431 5439; x_wconf 91' lang='lat' dir='ltr'>voluerint.</span> <span class='ocrx_word' id='word_1_906' title='bbox 1464 5381 1520 5438; x_wconf 88' lang='lat' dir='ltr'>Sed</span> <span class='ocrx_word' id='word_1_907' title='bbox 1531 5380 1615 5439; x_wconf 94' lang='lat' dir='ltr'>nolite</span> <span class='ocrx_word' id='word_1_908' title='bbox 1627 5381 1754 5442; x_wconf 72' lang='lat' dir='ltr'>emulari</span> 
     </span>
    </p>
   </div>
   <div class='ocr_carea' id='block_1_4' title="bbox 0 0 1880 5986">
    <p class='ocr_par' dir='ltr' id='par_1_6' title="bbox 0 0 1880 5986">
     <span class='ocr_line' id='line_1_61' title="bbox 0 0 1880 5986; baseline 0 0"><span class='ocrx_word' id='word_1_909' title='bbox 0 0 1880 5986; x_wconf 95' lang='lat' dir='ltr'> </span> 
     </span>
    </p>
   </div>
  </div>
 </body>
</html>
