3742 5986
175 156 228 210 tta
456 154 485 212 S.
501 153 679 213 sanxonis
697 152 1021 212 curansmoudtt
1038 152 1279 211 msmcrotus
1297 153 1375 211 OPl’.
1395 154 1483 212 PARS
1501 155 1536 211 ll.
1778 159 1830 212 156

176 299 188 329 ι
207 277 338 336 Existimo
352 294 421 354 ergo
435 279 489 336 hoc
503 279 607 336 bonum
621 295 683 335 esse
707 288 818 351 propter
832 279 978 334 instantem
992 277 1137 339 Allonem
1152 278 1342 351 unusquisque
1357 278 1457 334 101001
1471 295 1554 334 ruem
1564 283 1828 344 110101101οΜ-

175 386 188 417 ‹
204 369 406 434 necessitatem,
422 368 549 441 quoniam
559 369 662 424 bonum
675 376 717 424 est
730 368 832 424 homini
848 368 888 423 sic
903 384 975 422 esse.
1027 382 1140 440 queque
1150 368 1256 422 mutter
1265 365 1365 421 1101001
1372 367 1566 432 senmurum,
1575 369 1626 424 hoc
1635 368 1830 425 concedoUhi

178 478 189 504 ι
206 456 340 530 Alligatus
353 474 385 514 es
399 457 501 513 uxori?
513 457 569 513 noli
580 474 706 529 quaerere
716 456 890 513 solutionem.
903 457 979 511 Solu·
1027 454 1064 508 ait
1077 471 1158 510 suum
1170 472 1298 521 uxorem,
1307 454 1425 511 excludit
1433 471 1481 510 eos
1489 456 1588 528 quibus
1598 472 1654 512 non
1669 457 1776 513 licitum
1786 466 1829 513 est

179 566 192 594 ι
208 553 252 600 tus
265 562 295 600 es
307 546 342 600 ab
355 562 441 603 uxore
454 547 468 601 ‘t
482 547 538 602 noli
554 562 680 618 quaerere
693 562 817 602 uxorem.
839 545 866 601 Si
888 553 977 600 autern
1027 543 1148 616 legitime
1163 543 1264 598 ducere
1277 560 1399 610 uxorem,
1411 552 1438 597 ut
1450 544 1556 616 eosqui
1570 544 1646 599 altari
1661 546 1828 600 ministrant.

178 656 190 679 ι
207 635 348 706 acceperis
375 650 500 700 uxorem,
525 651 580 689 non
604 634 739 705 peccasti,
761 641 787 689 et
811 633 834 687 si
858 633 979 704 nupserit
1028 632 1080 687 Ubi
1095 632 1131 686 ait
1147 633 1251 688 mulier
1265 633 1679 704 helecitarumexcluditeas,
1695 651 1759 706 quae
1775 650 1830 690 uon

180 743 192 771 ι
210 722 288 793 virgo
303 723 503 794 nonpeccai'i13
517 722 715 778 tribulationem
726 729 817 777 tamen
827 722 916 778 carnis
927 723 977 775 ba·
1027 720 1149 792 legitime
1163 721 1336 793 copulantur,
1353 738 1403 776 nec
1417 722 1519 777 hahent
1533 722 1617 787 viros,
1626 723 1704 792 juxta
1720 723 1788 777 illud
1803 723 1830 778 in

179 831 190 860 ι
209 810 311 866 bebunt
332 812 498 880 huiusmodi.
523 813 584 882 Ego
598 820 689 866 autera
707 812 785 866 robis
800 826 896 883 parco.
920 812 978 866 1100
1027 809 1202 882 Evangelio:
1220 810 1364 881 llicquem
1384 833 1394 856 ι
1413 825 1484 866 nuno
1508 810 1603 880 habes,
1628 827 1686 867 non
1709 819 1752 867 est
1768 820 1831 866 tuus

179 922 191 945 ι
208 899 298 971 itaque
309 900 381 966 dico,
398 899 514 955 fratres:
537 900 656 970 Tempus
672 900 754 955 breve
769 907 828 955 est:
844 899 978 970 reliquum
1028 898 1071 952 111
1084 899 1176 966 (loon.
1192 914 1231 964 rv,
1248 899 1304 968 ta).
1324 924 1335 946 ι
1353 898 1428 954 Licet
1438 915 1523 953 unum
1536 898 1640 954 bonum
1654 899 1779 971 conjugii
1787 900 1831 957 hic

180 1008 191 1038 ι
209 997 260 1057 001,
276 997 305 1043 ut
319 989 406 1060 etqui
421 989 520 1044 habent
537 1004 645 1056 uxores,
661 996 788 1060 tanquam
801 1004 856 1043 non
871 989 977 1043 haben·
1028 986 1199 1042 solummodo
1212 995 1338 1058 reponat,
1363 986 1467 1042 scilicet
1484 987 1641 1055 vitationem
1666 988 1831 1045 fornicatio-

178 1096 191 1127 ι
208 1084 250 1132 100
266 1076 336 1142 0101;
354 1077 441 1148 etqui
458 1076 534 1146 flent,
554 1085 682 1150 tanquam
697 1093 752 1132 non
767 1077 863 1132 flentes
873 1096 881 1144 ;
891 1084 917 1131 01
932 1076 978 1148 qui
1028 1074 1080 1140 nis,
1096 1075 1147 1129 ista
1160 1083 1252 1130 tamen
1266 1083 1338 1140 sunt,
1364 1075 1469 1131 scilicet
1486 1075 1598 1131 intentio
1623 1075 1737 1142 sobolis,
1762 1075 1831 1132 fides

180 1165 333 1238 «gaudent,
361 1173 488 1239 tanquam
512 1182 567 1221 non
588 1166 757 1239 gaudentes;
776 1166 860 1238 etqui
874 1172 977 1234 eruunt,
1027 1164 1089 1229 tori,
1107 1163 1134 1217 id
1158 1171 1200 1219 est
1222 1180 1257 1218 ne
1279 1162 1457 1230 fornicentur,
1474 1174 1501 1219 et
1515 1164 1606 1237 figura
1625 1164 1685 1220 1011
1708 1165 1832 1238 conjugii

178 1276 190 1300 υ
206 1263 334 1326 tanquam
362 1270 417 1311 non
441 1253 632 1326 possidentes;
660 1262 687 1310 et
715 1255 761 1327 qui
788 1261 899 1309 utuntur
926 1255 978 1310 hoc
1028 1251 1128 1308 Christi
1144 1259 1171 1307 et
1184 1251 1326 1308 Ecclesiae.
1344 1250 1459 1320 Quando
1474 1252 1547 1307 enirn
1563 1253 1637 1308 Deus
1651 1253 1769 1324 primam
1786 1252 1830 1308 fe-

179 1362 191 1393 ι
208 1342 320 1410 mundo,
337 1351 464 1415 tanquam
475 1359 530 1398 non
542 1350 650 1398 utantur
661 1360 668 1397 ε
679 1343 800 1414 praeterit
810 1343 882 1398 enim
891 1341 978 1414 figura
1029 1340 1225 1409 minamJunxit
1240 1341 1309 1405 siro,
1324 1340 1358 1395 de
1373 1348 1450 1397 costa
1464 1341 1514 1395 riri
1530 1340 1685 1407 formatam,
1699 1341 1831 1414 figuravit

180 1450 192 1481 ‹
209 1431 288 1500 hujus
317 1432 422 1487 mundi.
448 1432 517 1488 Volo
541 1440 630 1486 autern
646 1447 695 1487 100
716 1432 775 1486 0100
799 1431 978 1487 sollicitudine
1031 1429 1181 1485 Ecclesiam
1194 1429 1362 1502 jungendam
1377 1429 1484 1485 Christo
1498 1429 1532 1484 de
1543 1429 1629 1485 latere
1640 1430 1700 1499 ejus
1710 1430 1738 1484 in
1749 1446 1832 1486 cruce

179 1539 191 1570 ι
208 1535 280 1575 esse.
297 1518 350 1589 Qui
365 1520 424 1575 sine
437 1536 523 1576 uxore
532 1528 583 1586 est,
595 1520 726 1576 sollicitus
736 1528 777 1576 est
794 1536 854 1592 quae
870 1519 978 1575 Domini
1028 1517 1180 1574 formatam.
1195 1519 1253 1573 Nec
1268 1518 1304 1572 ita
1318 1518 1360 1573 111
1370 1526 1397 1573 01
1411 1534 1479 1573 uxor
1492 1518 1653 1574 conveniant
1669 1519 1752 1588 (sicut
1767 1521 1826 1592 qui·

179 1632 190 1654 a
209 1616 282 1678 sunt,
298 1609 435 1680 quomodo
449 1610 554 1681 placeat
571 1611 637 1665 Deo.
655 1608 706 1679 Qui
716 1616 806 1664 autem
817 1625 878 1665 cum
893 1625 977 1664 uxore
992 1607 1091 1694 Bdam
1113 1606 1218 1678 pseudo
1246 1607 1407 1678 praedicant)
1435 1607 1494 1661 sine
1525 1607 1727 1672 commistione,
1757 1609 1832 1663 uelut

179 1720 191 1742 1
209 1705 260 1764 001,
276 1697 408 1754 0011101100
423 1707 465 1753 001
480 1715 541 1770 quae
556 1706 619 1753 sunt
642 1698 747 1767 mundi,
763 1697 900 1770 quomodo
918 1698 979 1769 pla·
1029 1696 1112 1750 frater
1138 1703 1165 1750 et
1194 1710 1275 1750 soror
1303 1695 1458 1750 cohabitent
1474 1715 1481 1759 ;
1498 1696 1547 1751 sed
1563 1698 1606 1751 vir
1627 1696 1728 1752 reddat
1757 1696 1832 1752 dedi-

180 1808 192 1830 ·
209 1794 270 1841 ceat
283 1786 370 1853 uxori,
387 1794 414 1842 et
428 1787 532 1842 divisus
547 1796 600 1842 est.
630 1789 663 1842 Et
692 1786 790 1842 mulier
817 1787 930 1858 innupta
953 1794 980 1842 et
1030 1789 1091 1839 tum
1120 1784 1377 1839 uxori25imtlitcr
1405 1788 1503 1840 autem
1516 1788 1545 1840 01
1559 1802 1633 1841 uuor
1644 1784 1743 1840 reddat
1758 1784 1832 1840 debi-

181 1897 191 1920 u
210 1873 289 1947 virgo
303 1874 402 1946 cogitat
417 1892 478 1948 quae
492 1875 600 1931 Domini
617 1883 689 1943 suut,
714 1882 743 1930 ut
758 1875 792 1930 sit
806 1883 899 1931 sancta
913 1890 978 1930 cor-
1029 1881 1086 1926 turn
1101 1873 1169 1929 viro.
1186 1871 1281 1927 Sciens
1291 1873 1342 1927 hoc
1352 1872 1416 1943 quia
1426 1873 1531 1928 mulier
1543 1890 1600 1928 non
1612 1872 1829 1945 dabetpotesto·

181 1985 192 2010 1
211 1978 278 2033 pore
289 1970 315 2018 et
332 1963 437 2035 spiritu.
455 1963 521 2034 Qua
536 1972 626 2020 autern
640 1973 723 2035 nupta
738 1972 788 2030 est,
804 1964 904 2036 cogitat
918 1980 979 2036 quae
1029 1965 1087 2016 tem
1101 1963 1146 2016 sui
1161 1961 1296 2032 corporis,
1310 1969 1338 2014 ut
1349 1960 1372 2015 si
1393 1960 1456 2016 uelit
1467 1962 1613 2030 contineat,
1623 1962 1673 2017 sed
1682 1963 1737 2018 vir.
1749 1963 1831 2020 simt-

180 2071 192 2102 ι
209 2059 272 2106 sunt
287 2052 390 2117 mundi,
407 2053 544 2124 quomodo
567 2052 675 2124 placeat
690 2052 758 2119 viro,
774 2054 861 2107 Porro
876 2053 928 2108 hoc
943 2053 978 2107 ad
1031 2050 1098 2105 liter
1113 2054 1141 2106 et
1156 2051 1201 2106 vir
1214 2066 1273 2104 000
1291 2048 1373 2105 fralet
1383 2054 1553 2123 potestatem
1567 2052 1615 2106 sui
1629 2053 1766 2124 corporis,
1781 2052 1829 2107 sed

178 2162 190 2187 a
207 2139 350 2196 utilitatem
365 2149 486 2196 vestram
500 2141 572 2208 dico,
587 2157 641 2197 non
657 2149 685 2196 ut
704 2141 831 2213 laqueum
846 2141 923 2197 vobis
938 2141 980 2195 in·
1029 2140 1144 2207 mulier,
1161 2139 1189 2193 id
1204 2147 1246 2194 est
1262 2146 1361 2194 neuter
1382 2144 1544 2210 potestatem
1567 2139 1649 2194 habet
1670 2140 1830 2196 continendi

181 2249 193 2275 ι
207 2227 309 2297 jiciam,
325 2230 374 2285 sed
389 2230 423 2284 ad
437 2230 465 2284 id
479 2230 553 2302 quod
577 2231 720 2285 honestum
737 2237 789 2300 est,
805 2238 832 2285 et
847 2231 920 2302 quod
934 2229 978 2285 fa·
1034 2227 1153 2284 109
1169 2227 1228 2282 sine
1243 2242 1378 2284 consensu
1394 2227 1512 2283 alterius.
1527 2229 1562 2282 Et
1576 2236 1724 2300 propterea
1738 2230 1829 2285 nolite

179 2337 190 2367 ι
208 2316 336 2372 cultatem
353 2318 473 2389 praebeat
488 2319 546 2373 sine
561 2317 755 2390 impedimento
770 2319 915 2374 Dominum
930 2319 979 2374 oh·
1028 2316 1164 2388 fraudare
1179 2316 1396 2387 invicem,idest
1410 2332 1464 2371 non
1480 2317 1620 2372 subtrahat
1630 2334 1660 2373 se
1669 2317 1740 2374 alter
1750 2317 1829 2373 alteri

180 2423 194 2454 ι
209 2406 477 2479 secrandi.{Domino
492 2407 680 2480 observandil.
696 2408 724 2464 Si
740 2407 802 2479 quis
815 2416 904 2463 autem
922 2416 980 2463 tur·
1028 2404 1149 2476 inopere
1164 2403 1751 2478 000101110ὶεί[011011001010100010010
1761 2407 1829 2461 utri-

181 2515 193 2545 «
209 2509 272 2565 pem
287 2511 317 2550 se
333 2495 419 2552 videri
435 2496 571 2554 existimat
583 2511 667 2568 super
681 2496 789 2569 virgine
803 2513 852 2551 sua
863 2497 933 2568 quod
944 2496 979 2550 sit
1028 2510 1114 2565 usque
1131 2511 1137 2549 :
1154 2501 1181 2548 et
1194 2495 1247 2549 hoc
1260 2509 1314 2548 nou
1331 2493 1468 2560 continue,
1484 2494 1532 2548 sed
1546 2494 1583 2549 ad
1598 2498 1720 2567 tempus,
1736 2503 1764 2550 et
1779 2511 1828 2566 pro

181 2603 192 2634 t
210 2584 392 2655 superadulta,
408 2593 435 2640 et
447 2585 484 2640 ita
494 2593 600 2657 oportet
614 2583 673 2640 fieri
686 2605 692 2652 ;
710 2586 782 2657 quod
796 2586 861 2651 vult,
878 2585 977 2640 faeiat:
1028 2581 1078 2637 hac
1090 2598 1170 2638 causa
1180 2586 1212 2637 ut
1224 2583 1317 2652 purius
1329 2584 1432 2639 vocetis
1440 2584 1575 2640 orationi.
1584 2581 1664 2652 Quod
1672 2584 1695 2638 si
1706 2582 1829 2656 legitime

180 2691 191 2721 ι
208 2687 263 2727 non
276 2681 380 2743 peccat,
397 2672 420 2728 si
435 2674 528 2729 nubat.
545 2674 614 2729 Nam
625 2673 672 2746 qui
687 2674 779 2729 statuit
794 2674 821 2728 in
837 2674 918 2730 corde
929 2690 978 2728 suo
1028 2679 1127 2741 nuptos
1141 2679 1246 2742 oportet
1261 2671 1413 2736 continere,
1429 2671 1549 2743 utdigne
1564 2680 1722 2728 mereantur
1735 2689 1827 2741 orare,

180 2783 191 2807 1
210 2758 315 2828 firmus,
339 2778 394 2816 non
407 2763 510 2818 habens
531 2763 732 2829 necessitatem,
749 2770 911 2834 potestatem
927 2779 978 2817 au·
1028 2759 1113 2815 multo
1129 2759 1217 2831 magis
1233 2758 1293 2815 illos
1308 2760 1354 2832 qui
1382 2759 1559 2815 fornicantur.
1585 2761 1619 2815 Et
1646 2777 1695 2816 eos
1710 2762 1757 2834 qui
1772 2779 1827 2818 non

181 2855 264 2905 «tem
281 2850 384 2905 habens
408 2867 464 2906 suae
488 2850 645 2918 voluntatis,
672 2861 698 2907 et
722 2852 774 2906 hoc
796 2851 926 2920 judicavit
951 2852 978 2906 in
1029 2848 1117 2904 solum
1145 2857 1233 2918 orant,
1257 2849 1305 2903 sed
1329 2865 1444 2920 quorum
1463 2864 1560 2903 manus
1578 2849 1661 2904 etiam
1684 2850 1829 2908 Dominica

180 2959 192 2985 1
210 2938 293 2994 corde
306 2954 355 2994 suo
371 2955 480 2994 servare
495 2939 630 3013 virginem
645 2956 731 3006 suam,
750 2940 819 2995 bene
834 2939 907 2996 facit.
927 2939 977 3014 lgi·
1029 2953 1109 2993 sacra
1128 2945 1254 3001 tractant,
1272 2944 1298 2991 et
1321 2936 1423 3008 populo
1445 2937 1613 3008 dispensant.
1629 2939 1675 3009 Et,
1700 2947 1828 3012 tempore

182 3049 193 3074 1
211 3034 256 3082 tur
270 3035 296 3083 et
311 3027 357 3100 qui
372 3028 545 3084 matrimonio
556 3028 647 3101 jungit
662 3029 797 3099 virginem
806 3044 894 3094 suam,
908 3029 978 3086 bene
1029 3026 1159 3082 orationis
1171 3027 1319 3097 praeterito,
1335 3027 1513 3081 revertimini
1521 3028 1553 3082 in
1571 3029 1664 3100 ipsum
1679 3045 1750 3100 opus
1766 3044 1831 3085 con-

182 3136 194 3167 e
211 3115 296 3172 facit:
315 3115 402 3188 etqui
418 3133 472 3172 non
484 3116 585 3190 jungit,
599 3116 696 3171 melius
707 3115 780 3172 facit.
799 3138 811 3168 ι
829 3117 925 3173 lfulier
939 3118 978 3173 al·
1024 3114 1103 3186 jugit,
1119 3131 1155 3171 00
1178 3131 1225 3170 vor
1240 3130 1255 3169 a
1271 3115 1392 3186 legitimo
1413 3122 1553 3171 cessantes
1576 3119 1668 3172 tentet
1690 3118 1826 3188 Satanae,

182 3226 193 3250 u
211 3203 293 3278 ligata
307 3213 346 3260 est
361 3203 426 3278 legi,
438 3213 540 3278 quanto
551 3213 672 3276 tempore
683 3205 725 3261 vir
735 3206 793 3275 ejus
805 3206 870 3261 11111
887 3207 979 3278 ;quod
1028 3205 1167 3259 stimulans
1183 3219 1232 3259 100
1247 3203 1281 3258 ad
1296 3203 1398 3259 illicita.
1410 3205 1443 3258 Et
1458 3204 1510 3260 hoc
1523 3205 1584 3260 dico
1593 3209 1712 3279 propter
1725 3209 1827 3263 incon·

182 3316 192 3340 1
210 3293 233 3347 si
248 3292 390 3348 dormierit
405 3292 446 3349 111
461 3294 529 3364 ejus,
546 3293 661 3349 liberata
675 3301 716 3350 est
731 3296 820 3366 (llom.
836 3311 885 3361 111,
903 3297 931 3365 2)
945 3313 976 3349 :n
1030 3295 1186 3349 tinentiem
1201 3298 1334 3349 uestram.
1351 3292 1413 3348 Scio
1424 3292 1495 3348 enim
1506 3293 1678 3364 fragilitatem
1692 3303 1823 3362 vestram,

180 3380 430 3449 ‹cuivultnuhat
449 3391 551 3438 tanturn
581 3383 607 3437 in
624 3384 749 3440 Domino.
765 3384 979 3440 Beatiorautcm
1028 3399 1089 3454 quae
1114 3382 1203 3453 magis
1227 3399 1277 3453 per
1298 3381 1495 3454 indulgentiam
1518 3381 1727 3451 nutriendaest,
1744 3401 1828 3456 quarn

182 3492 193 3521 ι
210 3470 269 3538 0111,
286 3470 309 3525 01
333 3471 374 3527 010
400 3472 578 3543 permanserit
603 3472 754 3528 secundum
777 3489 868 3528 meum
888 3473 978 3529 consi·
1027 3487 1078 3542 per
1093 3471 1269 3541 asperitatem
1285 3470 1458 3525 deterrenda.
1475 3470 1548 3526 Licet
1564 3479 1674 3542 propter
1690 3471 1827 3528 vitandam

182 3558 274 3614 «lium
293 3578 299 3615 :
316 3568 381 3633 puto
395 3569 495 3629 autern,
512 3561 586 3634 quod
601 3568 628 3616 et
640 3577 693 3634 ego
717 3561 847 3633 Spiritum
862 3562 910 3617 Dei
927 3562 979 3616 ha·
1027 3558 1232 3615 fornicationem
1254 3559 1439 3616 concesserim
1472 3560 1550 3615 vobis
1572 3560 1674 3615 ducere
1698 3576 1826 3631 uxorem,

185 3667 196 3700 1
211 3646 301 3705 heum.
320 3671 332 3700 »
774 3721 776 3724 Α
1027 3648 1080 3704 hoc
1095 3656 1186 3704 tamen
1201 3648 1262 3703 dico
1277 3648 1433 3704 secundum
1444 3648 1665 3721 indulgentiam,
1682 3665 1718 3705 ne
1732 3650 1827 3708 videar

501 3736 659 3775 ΕΧΡΟὸῐΤῙΟ·
1028 3753 1077 3793 vos
1092 3737 1272 3808 intemperate
1287 3752 1397 3809 cogere.
1420 3739 1480 3793 lion
1509 3738 1561 3793 hoc
1584 3737 1648 3794 dico
1666 3740 1827 3795 secundum

214 3824 263 3881 llic
280 3826 314 3882 de
327 3824 492 3882 fornicatore
504 3824 618 3881 illofinis
630 3834 686 3893 est;
696 3826 744 3882 sed
755 3828 806 3882 hac
823 3827 976 3897 occasione,
1027 3827 1189 3898 imperium,
1204 3834 1232 3880 ut
1246 3825 1327 3895 hujus
1343 3826 1383 3880 rei
1405 3833 1573 3896 preceptum
1595 3825 1703 3882 faciam.
1730 3826 1759 3882 Si
1774 3828 1827 3884 hoc

180 3912 245 3986 quia
259 3914 294 3970 de
309 3913 486 3971 fornicatione
501 3914 574 3987 loqui
590 3923 718 3986 creperet,
731 3917 925 3972 convenienter
934 3935 978 3973 re·
1027 3915 1100 3971 enim
1121 3922 1287 3986 preceptum
1308 3922 1391 3981 esset,
1414 3915 1469 3983 jam
1489 3931 1585 3970 omnes
1606 3931 1639 3970 01
1659 3916 1827 3973 necessitate

181 4002 298 4075 spondet
314 4002 470 4072 Corinthiis,
493 4003 537 4074 qui
553 4021 603 4076 per
619 4004 722 4059 litteras
737 4021 799 4061 euru
818 4005 978 4080 interroga·
1026 4020 1127 4060 uxores
1142 4005 1281 4059 ducerent.
1298 4005 1332 4058 Et
1347 4002 1410 4058 licet
1438 4003 1473 4058 ita
1496 4003 1573 4059 vohis
1597 4003 1765 4076 indulgeam,
1782 4014 1826 4062 ta-

179 4100 282 4159 verant,
300 4091 403 4148 scilicet
417 4099 445 4147 et
459 4092 587 4165 conjugia
602 4093 754 4149 celebrare.
772 4097 813 4149 dn
828 4095 978 4151 necessitas
1027 4109 1090 4149 meu
1105 4109 1157 4164 ego
1173 4095 1232 4149 0010
1246 4109 1341 4150 omnes
1359 4093 1485 4149 domines
1501 4109 1558 4149 esso
1572 4095 1648 4149 sicut
1662 4096 1826 4167 meipsum:

180 4180 339 4237 Christianae
355 4180 495 4255 religionis
506 4190 587 4255 coget
603 4198 660 4248 eos,
677 4182 777 4238 debere
792 4184 821 4238 in
834 4184 978 4240 continen-
1027 4182 1255 4255 quemadmodum
1271 4197 1332 4253 ego,
1350 4181 1388 4236 sic
1403 4197 1498 4236 ornnes
1513 4181 1697 4237 continerent.
1717 4184 1759 4237 Ex
1774 4184 1828 4242 hoc

179 4269 216 4325 tia
231 4270 403 4341 perdurare?
418 4271 503 4326 Erant
517 4271 590 4326 enirn
613 4272 688 4343 apud
708 4288 757 4327 eos
772 4272 881 4344 quidam
897 4290 978 4345 supra
1028 4271 1113 4326 verbo
1128 4271 1298 4343 intelligitur,
1321 4270 1421 4325 Paulus
1444 4271 1482 4339 (et
1505 4272 1557 4326 hoo
1578 4277 1691 4326 testatur
1705 4273 1826 4329 Ambro-

178 4360 289 4414 modum
314 4358 444 4428 religiosi,
471 4358 517 4432 qui
537 4360 661 4416 dicerent
685 4361 822 4417 neminem
851 4361 976 4434 inopere
992 4358 1095 4430 Dsius)
1111 4359 1288 4432 virgoiuissc
1305 4377 1312 4414 ε
1328 4359 1376 4414 scd
1396 4358 1509 4430 quidam
1530 4367 1690 4415 attestantur
1711 4377 1826 4418 uxorem

179 4447 474 4522 conjugii-'manentem
506 4465 588 4520 posse
612 4449 722 4505 salvari.
748 4450 803 4506 Sed
831 4452 978 4523 Apostolus
1028 4466 1090 4505 eum
1103 4449 1179 4520 prius
1193 4448 1334 4503 habuisse.
1358 4448 1408 4504 llic
1432 4447 1514 4504 etiam
1528 4448 1668 4518 objiciunt,
1685 4450 1759 4522 quia,
1777 4451 1824 4519 ait,

180 4535 660 4606 0010001011111111010101001001010,
679 4538 978 4609 patiebaturhocinil·
1027 4539 1090 4594 1010
1110 4538 1250 4594 continere
1274 4553 1380 4603 ornnes,
1406 4537 1479 4610 quod
1503 4537 1661 4611 conjugium
1683 4539 1826 4597 destruere

178 4625 222 4682 lis.
232 4627 294 4681 Non
309 4626 380 4698 quod
395 4626 521 4682 crederet
536 4642 584 4682 eos
599 4626 757 4693 salvandos,
766 4627 814 4682 sed
826 4636 854 4682 ut
862 4628 902 4685 sic
912 4644 979 4684 enu·
1027 4627 1117 4694 vellet,
1135 4627 1183 4683 sed
1206 4626 1271 4681 nihil
1285 4634 1326 4682 est
1341 4646 1350 4682 .·
1365 4625 1429 4698 quia
1452 4626 1474 4681 si
1499 4642 1594 4681 ornnes
1608 4627 1734 4699 exemplo
1749 4630 1826 4684 Pauli

179 4710 256 4767 triret
270 4710 421 4767 Ecclesiam
435 4709 564 4782 paulatim
583 4711 709 4768 ducendo
725 4711 752 4765 in
770 4712 975 4782 perlectionem.
1028 4717 1205 4781 continerent,
1223 4715 1273 4786 ipsi
1300 4715 1373 4769 idern
1401 4714 1507 4787 aliquos
1522 4731 1555 4770 01
1575 4715 1673 4786 seipsis
1696 4718 1826 4791 conjugia

178 4798 277 4855 Littera
292 4798 332 4855 sic
343 4799 476 4873 jungitur.
495 4798 647 4854 Fornicatio
664 4807 705 4854 est
719 4795 977 4873 fugienda:uecta·
1027 4806 1095 4861 inire
1123 4811 1263 4878 cogerent,
1289 4820 1323 4858 ne
1349 4804 1451 4859 bonum
1466 4804 1515 4859 Dei
1539 4804 1689 4859 institutum
1703 4806 1821 4877 periret.

180 4903 243 4943 men
268 4886 307 4943 010
323 4895 349 4941 ut
364 4886 520 4960 conjugium
545 4887 726 4955 destruamus,
752 4889 801 4943 sed
828 4898 855 4944 ut
869 4899 979 4962 propter
1027 4894 1098 4950 Dicit
1112 4893 1194 4949 etiarn
1209 4893 1278 4949 bene
1292 4892 1460 4966 Augustinus
1475 4892 1532 4962 (lib.
1549 4895 1587 4949 De
1602 4893 1672 4949 dono
1686 4896 1825 4967 conjugii,

179 4973 385 5031 fornicationem
399 4974 534 5030 vitandam
560 4976 748 5049 unusquisque
772 4977 869 5034 habeat
883 4995 972 5035 suurn.
1028 4999 1090 5053 cap.
1108 4983 1161 5053 10),
1184 4982 1246 5054 quia
1269 4981 1293 5036 si
1307 4996 1403 5036 omnes
1427 4989 1519 5036 esseut
1542 4980 1611 5038 sicut
1635 4982 1745 5049 Paulus,
1770 4985 1825 5041 cito

180 5062 215 5118 Et
230 5064 281 5118 hoc
296 5063 357 5119 dico
372 5063 543 5135 respondens
565 5064 599 5118 ad
615 5080 646 5119 ea
661 5066 807 5139 dequibus
824 5070 977 5141 scripsistis
1028 5072 1124 5128 ciuitas
1139 5070 1189 5126 Dei
1202 5078 1228 5126 ct
1242 5087 1371 5126 numerus
1387 5069 1499 5125 fratrum
1513 5070 1680 5142 impleretur.

179 5150 977 5224 milti,interrogantesunliceretnubere,annecessecs·
1063 5161 1104 5216 Ne
1127 5160 1235 5226 iterum,
1267 5160 1330 5231 quia
1353 5159 1458 5214 dixerat
1477 5159 1568 5214 :Volo
1590 5176 1639 5215 vos
1668 5176 1730 5216 esse
1755 5161 1826 5218 sicut

179 5247 219 5296 set
234 5239 383 5296 continere.
412 5242 446 5296 Et
471 5241 505 5297 de
530 5243 581 5298 hoo
603 5244 758 5314 respondeo
778 5245 856 5300 vobis
874 5244 977 5313 :Quod
1027 5267 1081 5314 me,
1098 5257 1224 5320 putarent
1239 5265 1336 5304 senon
1352 5248 1460 5313 salvari,
1487 5248 1539 5302 nisi
1561 5265 1610 5319 per
1624 5250 1823 5307 continentiam

180 5328 283 5386 100010
298 5332 340 5385 001
356 5329 449 5402 utique
460 5329 568 5386 homini
578 5333 728 5388 mulierem
738 5349 795 5388 000
807 5335 977 5407 terr-perodio
1029 5339 1245 5394 assimilarentur
1276 5338 1312 5403 01,
1341 5346 1435 5393 contra
1463 5338 1515 5393 1100
1543 5338 1581 5392 011
1610 5339 1730 5394 Paulus:
1749 5341 1825 5396 Licet

182 5419 264 5480 modo
275 5419 400 5491 coeundi,
413 5419 461 5477 aed
476 5427 567 5477 tamen
581 5422 841 5498 proptervitandom
856 5425 978 5498 fornica·
1028 5429 1117 5488 dicam
1132 5427 1205 5506 quod
1218 5426 1317 5484 uellem
1332 5441 1379 5482 100
1394 5425 1493 5484 imitari
1508 5427 1824 5497 mopercontiuentium.
