3750 5984
65 198 118 253 sn
621 198 723 258 nasa
742 200 790 257 nn
808 167 1001 257 nxauerrro
1020 196 1149 256 eamn.
1664 198 1716 257 su
1792 218 1795 222 Δ

67 322 138 377 Nam
153 337 271 393 persona
287 320 398 394 quidem
409 338 471 389 nnc,
483 322 646 397 significatio
661 325 901 397 quoquenomi·A
915 324 1008 396 piens:
1019 324 1084 393 Quis
1094 325 1188 382 mollis
1199 328 1228 381 ει
1237 325 1391 382 dissolutus
1401 330 1444 382 est
1453 327 1486 382 in
1496 340 1577 400 opere
1587 328 1716 395 suefre-
1805 394 1808 398 .

66 426 133 465 num
142 410 265 480 ejusdem
276 426 402 481 personae
412 411 530 468 diversa.
543 415 637 485 ltaque
647 412 719 468 alind
730 421 802 469 notat
812 414 864 470 hoc
915 416 959 468 ter
972 416 1015 469 εει
1028 429 1081 468 suo
1096 429 1180 484 opero
1194 413 1359 484 dissipantis
1375 415 1465 483 (Pron.
1476 430 1555 481 xvrn,
1568 414 1606 485 9).
1615 414 1713 469 Nonne

65 514 166 578 nomen
180 499 253 570 qoud
278 507 320 554 εει
340 500 429 565 iesus,
446 500 518 555 aliud
541 501 613 557 istud
629 502 701 573 qnod
725 508 766 557 est
782 501 864 557 Chri·
913 500 991 556 vobis
1006 499 1113 556 videtur
1135 499 1185 556 iste
1210 501 1412 573 quodammodo
1432 502 1529 557 mulier
1543 517 1615 569 esse,
1631 517 1714 573 quem

65 593 124 642 stus
141 601 148 641 :
164 603 219 642 non
238 592 328 642 tamen
344 587 398 643 elia
418 604 537 660 persona
560 597 667 645 notatim
688 605 738 660 per
759 590 861 656 iesum,
913 595 1018 644 constat
1028 588 1103 644 molli
1115 596 1142 644 ει
1151 588 1284 645 ιιιεεοιιιιο
1294 604 1327 646 cc
1338 589 1482 661 dissipanti
1497 589 1613 645 similem
1628 587 1714 645 esse‘i

65 674 118 730 slis
132 691 183 746 per
196 675 342 742 Christum,
359 675 492 748 quianon
508 678 577 733 alius
592 685 618 733 ει
632 677 712 745 ειιιιε,
729 678 777 733 sed
792 693 863 733 nnus
912 675 985 733 Telis
1000 684 1041 732 est
1061 677 1207 748 egrediens
1222 676 1302 744 Dius,
1317 694 1461 750 perquem
1486 685 1592 733 notatur
1605 677 1651 732 ille
1666 676 1713 749 qui

61 761 189 835 idemque
205 770 245 819 est
268 763 347 818 Jesns
371 763 504 832 Christus,
532 766 615 821 Filius
643 766 703 832 Dei,
729 765 863 822 Dominus
913 764 1163 834 reprehensibiliter
1186 765 1239 820 exit
1254 765 1288 821 de
1303 765 1383 821 celle.
1401 767 1432 821 Et
1456 783 1515 838 qnae
1528 765 1589 820 talis
1610 772 1661 831 est,
1677 762 1713 820 ad

63 857 157 906 noster
167 869 175 919 ;
186 849 281 905 muudi
294 850 471 923 Redemptor,
482 861 509 909 et
524 855 633 909 [lenset
646 854 738 920 homo,
750 854 800 909 Dei
814 855 862 910 ho-
912 851 964 907 hoc
978 852 1117 925 egreditur
1131 861 1160 907 nt
1174 852 1265 908 videat
1278 852 1358 920 tales,
1375 854 1484 920 mulier,
1500 852 1626 910 videlicet
1649 869 1713 908 mu·

63 939 220 1010 minumque
238 938 382 995 mediator.
398 941 429 995 ln
444 956 477 996 eo
501 942 574 1013 qnod
599 942 690 1010 homo,
716 942 789 996 Patri
811 958 862 1013 pro
911 939 1003 994 lieres.
1020 940 1056 995 Et
1083 939 1147 1012 quid
1171 942 1230 1010 ejus
1253 948 1294 996 εει
1319 942 1424 1008 videre,
1447 942 1499 997 nisi
1523 942 1638 997 amere?
1652 940 1713 1011 Quo

62 1024 142 1081 uobis
156 1026 330 1097 supplicans;
347 1027 375 1081 in
389 1044 423 1083 eo
438 1029 512 1100 quod
525 1029 609 1095 Deus,
625 1045 687 1086 cum
711 1030 791 1084 Patre
807 1029 862 1100 (cui
912 1028 983 1082 enim
1000 1044 1030 1083 se
1043 1044 1121 1083 emor
1143 1029 1273 1096 extendit,
1290 1029 1345 1085 illic
1360 1036 1386 1085 et
1400 1030 1494 1086 oculus
1514 1030 1609 1093 tendit,
1626 1038 1652 1084 et
1666 1029 1713 1084 ubi

60 1129 112 1184 per
126 1114 216 1169 omnia
226 1115 339 1186 equalis
351 1117 403 1186 est)
415 1117 495 1171 nobis
504 1117 663 1187 propitians.
677 1119 771 1188 ltaque
781 1118 805 1172 ei
817 1117 862 1188 qui
912 1124 1050 1186 aspectus,
1066 1117 1102 1170 ibi
1118 1125 1144 1172 et
1156 1116 1277 1172 affectus.
1300 1119 1368 1172 Nam
1383 1118 1467 1192 dilige
1491 1118 1659 1189 iniquitatem
1674 1125 1711 1183 tu,

60 1200 89 1255 in
113 1201 184 1258 cella
209 1201 345 1259 fmctuose
376 1212 427 1270 est,
443 1220 458 1257 a
474 1212 559 1260 matre
580 1205 670 1276 gratia
694 1205 861 1277 spiritualem
911 1211 938 1259 ει
952 1204 1048 1275 diliget
1063 1211 1088 1260 te
1102 1205 1237 1276 iniquitas.
1263 1206 1340 1262 Unde
1355 1214 1382 1261 ει
1405 1223 1466 1278 quse
1490 1222 1604 1277 egressa
1629 1213 1670 1261 εει
1684 1210 1715 1260 ιιι

61 1288 179 1345 εοιιιεττι
208 1288 336 1358 fructum,
362 1307 484 1360 suavem,
507 1300 534 1347 et
556 1292 694 1348 salubrem
714 1311 722 1360 3
745 1295 798 1350 hoc
820 1303 862 1350 est
912 1291 1024 1358 videret,
1042 1300 1069 1347 et
1081 1292 1209 1363 ipsavisa
1222 1300 1263 1347 εει
1275 1312 1281 1359 ;
1293 1308 1356 1348 nam
1373 1293 1511 1365 Scriptura
1526 1293 1609 1350 dicit:
1624 1295 1713 1362 Quom

61 1378 224 1446 (secundum
243 1379 388 1450 quemdam
404 1381 522 1451 quodam
537 1381 619 1436 modo
642 1398 752 1437 sensum
768 1397 861 1437 more·
910 1396 975 1436 cum
999 1381 1114 1437 vidisset
1137 1381 1257 1448 sichem,
1280 1389 1308 1436 et
1322 1381 1437 1438 addidit.
1462 1382 1606 1439 adamavit
1630 1382 1710 1451 (Gen.

59 1463 125 1535 lem)
145 1466 172 1520 in
187 1466 325 1522 Bethleem
348 1468 424 1522 nesci
439 1468 577 1524 Christum
601 1469 703 1525 Jesnm.
729 1470 783 1526 Sed
799 1470 861 1526 licet
910 1483 1013 1535 xxxiv,
1023 1468 1060 1539 2).
1083 1468 1218 1523 Nimirum
1240 1468 1306 1523 illud
1323 1469 1427 1536 videre,
1437 1469 1562 1525 ademare
1573 1468 1632 1538 luit,
1648 1469 1712 1541 quie
1772 1498 1775 1505 ,

56 1553 134 1622 iuxta
148 1554 264 1609 nominis
280 1555 321 1609 sni
337 1554 596 1626 interpretationem,
621 1557 649 1611 iu
673 1557 811 1612 Bethleem
828 1557 862 1613 sit
910 1556 1713 1629 profectoubivisiotemerarinpraecessit,ibicouseqnenter

58 1641 139 1712 penis
153 1643 256 1712 (utpote
275 1658 335 1714 quae
350 1643 448 1698 domus
474 1644 572 1701 dicitnr
596 1645 695 1716 penis),
713 1654 754 1700 εει
768 1653 861 1701 ιειιιετι
875 1643 1712 1739 Bctillicitnsemorsuccessit.Nequelavantemsemnlierem

60 1743 254 1800 nonnunquam
273 1730 300 1783 in
324 1747 354 1785 ea
376 1732 520 1801 praesentia
536 1732 625 1788 famis.
649 1733 720 1788 Nam
744 1733 822 1788 adest
836 1732 861 1790 ei
911 1731 996 1787 David
1011 1732 1102 1788 illicite
1119 1733 1300 1802 concupisset,
1316 1733 1368 1787 nisi
1383 1748 1444 1787 enm
1465 1733 1591 1804 primitus
1604 1732 1724 1789 incante

57 1816 188 1872 nimirum
204 1818 348 1888 presentie
362 1817 451 1886 famis,
468 1835 530 1875 cum
542 1820 620 1876 adest
635 1821 660 1876 ei
675 1821 798 1876 absentia
812 1837 861 1892 ps·
911 1819 1033 1876 vidisset.
1050 1822 1085 1876 nt
1109 1822 1242 1876 dominil
1265 1838 1331 1877 cum
1344 1838 1397 1887 co,·
1412 1822 1483 1876 bend
1507 1820 1629 1888 dubium,
1647 1821 1711 1892 quin

59 1904 113 1960 nis.
130 1904 220 1961 Liceat
232 1906 366 1962 audenter
388 1907 479 1963 dicere
503 1908 538 1963 ad
562 1924 620 1975 vos,
637 1908 699 1980 quia
723 1925 785 1965 cum
810 1917 860 1965 tae-
911 1908 1020 1964 Siehem
1034 1923 1097 1964 curn
1117 1909 1196 1964 Dina.
1213 1908 1293 1978 Quod
1307 1925 1361 1964 non
1376 1917 1419 1965 εει
1432 1909 1515 1976 eliud,
1531 1909 1585 1965 nisi
1600 1909 1711 1964 mollem

57 1992 133 2047 dium
156 1992 248 2049 cordis
263 1993 303 2066 (ut
317 2010 512 2066 nonuunquam
535 1996 695 2068 contingere
711 1997 791 2068 solet)
807 2012 858 2067 pro
910 1996 982 2052 hunc
1003 2004 1029 2051 et
1052 1997 1224 2064 dissolutum,
1241 2005 1322 2069 atque
1346 1997 1489 2069 dissipanti
1514 1998 1641 2068 similem,
1665 1997 1712 2070 qui

57 2095 92 2136 eo
107 2082 180 2153 quod
195 2081 286 2136 multis
302 2082 419 2153 repletus
434 2083 551 2138 miseriis
572 2084 655 2140 homo
678 2100 817 2156 nunquam
832 2085 861 2139 in
910 2084 1082 2139 temerariam
1097 2085 1132 2140 de
1147 2085 1281 2141 cellanou
1295 2085 1389 2141 vitavit
1403 2086 1591 2158 egressionem
1604 2105 1611 2152 ;
1623 2085 1709 2151 carni,

57 2169 154 2224 eodem
170 2178 252 2240 stetu,
278 2179 422 2241 permanet
445 2178 471 2226 ει
494 2178 587 2243 ιοτροτ
612 2172 723 2243 spiritns
746 2173 774 2227 ιιι
798 2189 860 2228 eum
910 2172 1012 2227 mundo
1028 2188 1060 2228 ac
1075 2172 1185 2229 diebolo
1201 2173 1392 2228 damnabiliter
1406 2174 1611 2239 consentiendo,
1627 2171 1710 2228 illici·

57 2257 104 2330 qui
118 2257 225 2314 habitor
242 2265 283 2313 est
305 2258 382 2314 cellae
406 2259 502 2325 irruit;
519 2268 583 2316 tunc
605 2260 733 2315 nimirum
755 2260 783 2315 in
805 2263 859 2316 Be·
910 2267 965 2315 tam
980 2261 1015 2315 ad
1030 2276 1060 2316 se
1075 2269 1100 2316 et
1115 2260 1185 2316 inse
1204 2261 1345 2316 admittere
1368 2261 1546 2327 suavitatem
1563 2277 1614 2332 per
1634 2261 1710 2329 cujus

57 2345 160 2402 thleem
175 2344 262 2401 fames
277 2344 314 2401 fit.
346 2347 537 2403 Verumtamen
553 2364 608 2403 non
623 2349 781 2419 egrediatur
795 2364 860 2420 pro·
909 2348 1120 2418 experientiam,
1149 2348 1184 2403 sd
1213 2356 1343 2404 eternam
1371 2348 1508 2420 pertinget
1530 2348 1710 2420 perditionem

55 2443 118 2505 pter
146 2434 216 2491 hene
241 2433 340 2490 famem
364 2435 499 2507 (consulo)
520 2437 555 2492 de
578 2437 716 2492 Bethleem
741 2437 857 2505 Noemi;
909 2434 986 2507 [Por.
1002 2433 1224 2508 damnationeml.
1240 2439 1275 2494 Ut
1289 2437 1451 2510 opprimens
1466 2437 1708 2508 virginambree,

55 2522 106 2579 sed
131 2523 198 2578 sciat
222 2524 286 2594 qnia
309 2530 372 2595 post
394 2531 502 2594 tempus
522 2524 630 2596 inopiae,
647 2525 737 2580 veniat
753 2533 858 2597 tempus
908 2524 971 2595 quia
986 2531 1048 2579 ante
1063 2540 1206 2595 egressum
1221 2524 1298 2596 virgo
1313 2524 1372 2591 fuit,
1389 2532 1450 2595 post
1473 2539 1539 2579 vero
1562 2531 1704 2594 corrupta.

56 2610 239 2666 abnndantiae.
256 2610 334 2681 Quod
349 2611 372 2666 si
386 2627 500 2683 egressa
514 2611 604 2679 fuerit,
621 2612 688 2668 sciat
703 2629 732 2669 se
748 2630 859 2686 regres·
909 2610 980 2680 Quid
996 2611 1067 2667 enim
1083 2621 1123 2667 est
1138 2627 1197 2667 eam
1212 2612 1340 2683 opprimi,
1357 2612 1410 2667 nisi
1433 2611 1592 2682 corrumpi?
1607 2613 1708 2667 Verum

56 2713 149 2754 suram
172 2699 283 2755 omnino
307 2715 446 2767 amaram;
472 2708 498 2756 et
513 2700 594 2773 (sicut
617 2701 697 2756 dese
719 2702 784 2757 dicit
798 2702 858 2772 ipss
909 2717 969 2771 quae
985 2709 1026 2755 est
1040 2716 1171 2772 oppresse
1185 2699 1221 2767 vi,
1239 2707 1312 2771 patet
1331 2699 1458 2754 nimirum
1482 2700 1543 2771 qnia
1568 2715 1621 2756 non
1646 2699 1709 2755 ideo

56 2785 166 2858 Noemi)
195 2794 347 2843 revertetur
381 2803 478 2855 vacus,
504 2805 563 2859 qnae
579 2788 751 2861 egressufnit
765 2789 856 2860 plena.
909 2788 1019 2859 quidem
1033 2789 1273 2859 utopprimeretur
1295 2804 1407 2860 egressa
1429 2795 1622 2855 est;attsmen
1646 2787 1709 2860 quie

56 2875 91 2930 Et
114 2890 148 2931 eo
169 2875 280 2931 accedet
302 2876 364 2943 hoc,
389 2885 419 2931 ut
433 2877 549 2947 ipsemet
572 2893 602 2932 se
613 2877 726 2946 judicet,
752 2893 807 2933 non
822 2878 857 2933 de
908 2876 1082 2931 temerarium
1104 2876 1215 2932 admisit
1234 2877 1430 2947 egressionem,
1457 2876 1520 2948 qnia
1536 2877 1571 2931 ud
1585 2875 1709 2932 illicitam

56 2971 156 3020 cetero
168 2964 267 3019 Nocmi
290 2963 451 3032 vocandam,
478 2965 525 3020 sed
540 2965 631 3035 potius
655 2967 758 3021 blarah.
783 2965 857 3022 Ecce
907 2963 1036 3035 aspiravit
1049 2964 1192 3030 visionem,
1209 2980 1242 3018 ex
1257 2964 1308 3019 hac
1331 2964 1439 3036 gemine
1456 2963 1536 3035 eulpa
1550 2979 1611 3035 quas
1632 2979 1708 3034 prae·

56 3051 120 3122 qnia
134 3051 181 3106 ubi
204 3051 350 3123 aliquando
370 3053 552 3124 pulchritudo,
567 3054 625 3122 jam
640 3053 677 3107 ibi
691 3054 854 3108 amaritudo.
868 3027 892 3089 0
907 3051 1000 3118 cessit,
1016 3051 1100 3122 digna
1114 3050 1163 3106 fnit
1175 3059 1202 3107 et
1216 3052 1322 3119 memit,
1338 3058 1367 3106 ut
1382 3060 1407 3107 et
1422 3051 1495 3106 illam
1510 3066 1572 3123 quse
1585 3066 1640 3106 non
1653 3058 1709 3105 tam

56 3139 184 3196 Similiter
207 3155 274 3195 vero
288 3140 335 3194 nbi
358 3140 460 3195 dudum
474 3140 623 3212 plenitudo,
640 3141 678 3195 ibi
688 3142 746 3211 jum
760 3140 857 3197 vecui-
908 3140 1040 3194 successit
1054 3153 1137 3210 quam
1156 3138 1282 3207 occessit,
1299 3139 1362 3195 licet
1384 3139 1540 3206 violentem,
1557 3138 1710 3194 incurreret

55 3235 97 3283 tas
112 3235 163 3283 εει.
180 3228 216 3282 Et
230 3235 286 3282 tam
300 3228 404 3301 magni,
419 3235 529 3300 tamque
543 3228 680 3283 horribilis
695 3229 760 3284 mali
774 3243 857 3285 causa
907 3227 1126 3297 oppressionem.
1136 3226 1191 3282 Sed
1203 3227 1262 3296 jam
1276 3227 1310 3282 de
1325 3227 1377 3282 iste
1392 3227 1433 3283 sic
1447 3241 1572 3298 egresse,
1582 3227 1622 3282 sic
1637 3225 1707 3291 vise,

55 3323 105 3386 est,
122 3316 182 3371 sole
196 3315 243 3371 ille
258 3332 318 3388 quae
330 3316 406 3385 iuxta
420 3317 493 3373 huuc
513 3331 624 3372 sensum
638 3317 762 3388 egressio
785 3316 857 3373 facta
907 3311 947 3366 sic
974 3310 1110 3376 adamata,
1134 3310 1174 3366 sic
1197 3318 1334 3382 corrupte,
1350 3312 1389 3367 sic
1404 3319 1431 3366 et
1445 3327 1579 3382 oppressu
1601 3310 1668 3382 quid
1681 3310 1710 3364 in

55 3410 108 3460 εει.
906 3397 960 3454 fine
969 3399 1034 3455 dicit
1042 3399 1176 3454 historia‘l
1185 3399 1258 3455 Ecce
1273 3398 1426 3454 advertite:
1441 3401 1613 3472 Tristcmqoc
1628 3399 1709 3456 bion·

272 3540 280 3549 .
331 3474 529 3533 carrrnnnn
543 3475 579 3532 X·
906 3487 985 3544 atres
1002 3487 1141 3543 αιιειιυε.
1157 3488 1192 3543 ιιι
1205 3502 1269 3543 eece
1285 3487 1347 3558 quia
1366 3486 1436 3543 nne
1449 3487 1558 3559 penem
1575 3486 1706 3553 sesnin,

32 3590 92 3655 ‘pe
106 3615 138 3656 30
156 3600 229 3673 quod
251 3601 325 3657 cop„
339 3599 373 3655 ap
387 3616 418 3656 ,30
428 3600 568 3673 wippam
580 3598 726 3657 inhabitat
746 3601 856 3673 suyppe,
906 3575 956 3631 sed
971 3575 1110 3630 blanditiis
1124 3591 1184 3630 eam
1199 3582 1342 3646 corruptor
1357 3574 1414 3643 ejus
1422 3582 1456 3673 Ιει
1468 3589 1616 3645 ορρτεεεοτ
1630 3574 1709 3673 'deli-

89 3670 212 3727 tenendn
226 3675 268 3727 est
280 3691 289 3727 .·
299 3676 328 3727 et
341 3672 413 3743 qnod
426 3673 453 3727 er·
467 3671 626 3742 perieulum
642 3673 754 3728 eveniat
770 3672 795 3726 es·
811 3674 855 3726 te.
907 3663 965 3719 nire
980 3672 1101 3719 conatur.
1117 3664 1151 3718 Et
1165 3665 1223 3719 haec
1237 3671 1278 3718 est
1293 3662 1447 3719 seductoris
1463 3677 1524 3727 vox,
1537 3677 1589 3733 qua
1602 3669 1708 3718 ιτιειειιι

93 3743 216 3798 miralie
230 3741 265 3797 ab
282 3758 315 3798 θα
328 3743 419 3812 suffit
433 3757 571 3812 firm·
906 3750 1022 3807 delinire
1036 3752 1134 3807 studet.
1153 3750 1243 3821 Quare
1265 3751 1350 3806 tristis
1365 3758 1406 3806 εει
1430 3750 1521 3806 ειιιιιιε
1534 3757 1582 3804 tua
1595 3765 1612 3806 o
1627 3751 1707 3818 Dina,

91 3847 223 3917 Quaedam
237 3848 272 3903 de
285 3847 353 3903 cella
368 3846 495 3914 diximus,
512 3856 539 3903 et
553 3847 626 3919 quod
641 3846 666 3903 ei
681 3847 726 3919 qui
741 3862 800 3902 eam
815 3846 857 3901 in·
906 3848 933 3895 et
946 3855 1032 3912 quere
1041 3840 1156 3910 teipsam
1167 3840 1339 3896 conturbas?
1353 3840 1425 3894 Nnm
1436 3838 1512 3894 doles
1521 3837 1586 3909 quie
1596 3853 1709 3909 egressa

55 3936 168 4002 habitat,
184 3936 295 3992 omnino
317 3951 370 3991 non
393 3936 503 4007 expedit
518 3942 546 3990 ut
562 3935 642 3990 nimis
665 3935 807 4006 pueriliter
821 3936 856 3991 de
906 3929 960 3984 esi
975 3928 1040 4000 quid
1054 3928 1190 3999 deliquisti
1206 3928 1233 3982 in
1254 3929 1331 3984 hocl
1347 3927 1420 3999 qnod
1444 3934 1643 3983 sacramentum
1668 3933 1710 3982 est

55 4040 88 4081 ea
102 4023 258 4095 egredietur
269 4042 276 4089 ;
289 4031 315 4079 et
331 4039 459 4096 egressus
470 4024 555 4095 (qnod
570 4032 661 4079 temen
677 4039 751 4090 roro,
761 4032 787 4078 et
801 4038 856 4078 non
905 4025 934 4072 ιιι
949 4017 1046 4072 sedeas
1061 4017 1118 4072 sola
1132 4016 1160 4070 in
1175 4016 1257 4072 domo
1271 4015 1401 4072 inclusa?
1415 4015 1482 4085 Quae
1496 4015 1548 4069 isla
1562 4014 1668 4086 religio,
1685 4012 1710 4069 si

54 4111 108 4167 nisi
132 4112 306 4168 rationalibus
331 4127 363 4166 ex
379 4111 470 4167 censis
493 4111 651 4185 contingere
667 4111 759 4183 debet)
775 4111 856 4166 nimis
907 4112 998 4160 lumen
1011 4105 1158 4178 religioni
1173 4113 1251 4160 nocte
1266 4118 1299 4160 ac
1313 4104 1357 4160 die
1370 4103 1549 4158 salamenses
1563 4101 1591 4156 iu
1605 4101 1710 4157 domo?

55 4200 201 4256 temeraria
224 4199 369 4276 vagatione
393 4207 471 4254 extra
486 4214 547 4254 eam
560 4200 725 4255 demoratur.
743 4200 812 4253 Nam
828 4205 856 4252 nt
907 4209 968 4265 quae
983 4192 1130 4249 auctoritas
1144 4191 1206 4246 telis
1222 4191 1387 4264 religionis?
1401 4191 1472 4246 Num
1487 4205 1547 4245 eam
1558 4190 1654 4244 beetns
1667 4189 1710 4243 in·

54 4289 232 4344 ostendamus
246 4304 317 4343 nnnc
336 4287 453 4360 plenius,
470 4286 539 4343 sicut
550 4287 608 4357 jam
622 4303 655 4342 ex
670 4295 749 4357 perte
760 4293 854 4342 osten·
906 4281 990 4336 stituit
1013 4279 1200 4336 Benedictus?
1213 4279 1284 4334 Num
1308 4295 1423 4349 magnus
1448 4277 1493 4333 ille
1518 4276 1710 4349 Augustinus?

54 4377 155 4445 dimus,
172 4392 253 4448 qnam
268 4376 421 4444 periculosa
437 4375 497 4429 talis
512 4375 634 4448 egressio
649 4375 684 4429 sit
695 4393 702 4441 ;
714 4389 779 4430 ecce
794 4374 893 4445 quial)
907 4371 1018 4440 Ergone
1039 4367 1161 4438 religiosi
1180 4374 1207 4421 ει
1231 4367 1316 4422 sancti
1339 4382 1395 4422 uon
1418 4375 1481 4421 sunt
1504 4364 1706 4431 Cluniacenses,

54 4479 138 4521 verer
152 4465 266 4521 historia
277 4464 432 4537 dicitquod
443 4464 512 4518 Dina
520 4479 633 4536 egressa
648 4471 699 4533 εει,
707 4470 733 4518 ει
743 4478 857 4536 egressa
907 4456 1113 4521 Cistercienses,
1130 4454 1214 4511 etalii
1238 4453 1411 4526 quamplures
1426 4453 1538 4509 ordines
1554 4453 1600 4524 qui
1624 4453 1707 4509 telem
1806 4498 1812 4505 .

54 4560 97 4609 εει
113 4562 140 4608 ut
153 4553 268 4621 videret,
280 4569 335 4609 non
350 4552 460 4625 quidem
474 4551 558 4621 viros,
570 4552 619 4607 sed
633 4551 761 4607 mulieres
775 4550 855 4623 (Gen.
906 4546 990 4603 vitem
1004 4560 1059 4600 non
1073 4544 1198 4600 ducunt?
1211 4544 1245 4598 Et
1260 4541 1283 4597 si
1297 4543 1350 4599 hoc
1363 4540 1487 4597 fortassis
1503 4542 1530 4596 in
1546 4541 1708 4614 quibusdam

53 4655 157 4707 xxxiv,
173 4646 211 4712 2),
228 4651 255 4698 et
269 4642 330 4714 ipsa
344 4641 454 4712 quidem
469 4640 577 4697 mulier.
591 4640 648 4695 Nec
663 4640 778 4706 mirum;
795 4655 858 4694 nam
906 4634 966 4690 aliis
981 4633 1121 4690 tolerabile
1136 4640 1187 4699 est,
1199 4631 1248 4688 sed
1263 4631 1291 4686 in
1306 4639 1333 4686 te
1347 4646 1521 4703 nequaquam
1533 4646 1592 4701 quae
1602 4629 1663 4684 talis
1676 4645 1709 4686 ac

53 4729 139 4803 vulgo
153 4730 251 4785 dicitnr
268 4746 274 4785 :
291 4730 392 4787 Similis
411 4729 527 4784 similem
540 4728 655 4800 qnmrit3
672 4727 856 4784 testimoninm
906 4732 980 4779 tenta
1004 4739 1044 4779 es.
1066 4721 1194 4780 Abundat
1216 4736 1332 4791 namque
1355 4719 1382 4774 in
1404 4728 1430 4774 ιε
1454 4736 1512 4790 prae
1536 4717 1626 4772 multis
1647 4717 1708 4772 aliis

55 4818 108 4874 hoc
124 4834 218 4874 verum
235 4826 284 4874 εει.
301 4821 335 4874 Bt
349 4818 414 4891 qnid
425 4817 574 4888 accipimus
589 4832 639 4887 per
649 4816 790 4872 mulierem
806 4816 857 4870 nisi
907 4810 1021 4867 scientia
1041 4809 1184 4881 profunda,
1209 4808 1365 4881 eloquentia
1386 4807 1482 4872 nitida,
1506 4821 1620 4861 acumen
1641 4820 1708 4860 seu·

54 4906 222 4962 mollitiem?
236 4907 298 4962 Nou
323 4907 395 4962 enim
420 4921 492 4961 nunc
515 4906 542 4960 iu
557 4922 653 4961 sexum
675 4905 792 4976 agimus,
808 4904 857 4959 sed
906 4898 990 4954 tiendi
1004 4898 1032 4952 in
1047 4899 1138 4963 eorde,
1156 4898 1268 4954 verbnm
1283 4896 1441 4952 eruditionis
1462 4895 1488 4948 iu
1504 4909 1562 4948 ore.
1578 4891 1646 4961 Ques
1661 4899 1707 4947 te·

55 5010 118 5068 quse
141 4994 186 5051 ills
201 4995 244 5061 sit,
262 5011 322 5066 qnae
346 5010 395 5066 per
409 4993 560 5049 naturalem
584 4995 643 5063 ejus
665 4993 753 5065 accipi
768 4999 857 5063 potest
907 5003 969 5042 uren
993 4986 1092 5041 utilitas
1114 4987 1141 5040 in
1164 4986 1291 5042 omnibns
1314 4983 1380 5039 his?
1400 4984 1471 5037 Nam
1501 4981 1626 5036 universa
1648 4981 1708 5038 haec

54 5081 250 5151 infirmitatem,
263 5084 403 5154 utriusque
418 5098 501 5137 sexus
513 5082 639 5137 debilitas
654 5080 856 5154 reprehensibi-
907 5074 1064 5131 abscondita
1080 5082 1151 5128 sunt.
1169 5074 1310 5129 llanifests
1324 5087 1392 5145 ergo
1407 5080 1433 5126 ιε
1448 5069 1559 5136 ιιιιιιιιιο,
1571 5075 1598 5124 et
1606 5076 1665 5125 esto
1680 5068 1708 5124 in

55 5170 90 5225 lis
104 5179 222 5227 notetur.
240 5171 336 5228 Omnis
350 5171 433 5243 igitur
447 5170 492 5241 qui
502 5171 753 5240 reprehensibiliter
767 5167 857 5223 mollis
907 5163 1018 5229 mundo,
1035 5162 1062 5216 in
1078 5177 1142 5233 quo,
1158 5165 1181 5217 ει
1196 5162 1246 5231 vis,
1262 5163 1299 5215 ito
1314 5176 1376 5216 esse
1390 5166 1479 5230 potes,
1495 5166 1523 5212 ut
1539 5173 1595 5213 nou
1618 5157 1657 5213 sis
1670 5157 1707 5213 de

55 5260 198 5330 est,j1nta
214 5260 360 5331 quemdam
375 5274 482 5330 quoque
497 5258 607 5313 modum
623 5258 719 5313 mulier
734 5255 857 5313 estzetsi
906 5251 1017 5305 mundo.
1032 5249 1096 5305 Noli
1112 5250 1200 5321 itaque
1214 5248 1314 5303 (liutius
1329 5247 1431 5303 includi
1445 5246 1473 5299 in
1498 5246 1600 5312 domo;
1616 5245 1706 5300 sciens
1775 5256 1778 5261 ⁴

55 5362 110 5402 nou
136 5349 292 5404 naturaliter
312 5356 443 5420 quantum
458 5346 492 5401 sd
515 5361 619 5411 sexum,
645 5355 735 5402 tamen
759 5361 856 5416 repre·
907 5338 990 5394 multo
1005 5338 1052 5392 tibi
1065 5353 1127 5394 esse
1141 5336 1232 5392 utilius
1242 5343 1269 5392 et
1283 5334 1457 5400 fructuosius,
1469 5342 1498 5389 ut
1512 5342 1602 5390 tecum
1617 5331 1707 5386 salves

55 5435 226 5494 hensibiliter
247 5444 376 5509 quantum
399 5434 435 5490 ad
456 5441 557 5491 actum.
584 5433 654 5492 Bicit
674 5449 741 5492 sene
755 5433 795 5490 vir
809 5449 856 5490 sa·
907 5427 1015 5495 multos,
1031 5442 1113 5499 quem
1123 5434 1149 5482 te
1157 5425 1252 5481 solnm.
1270 5425 1318 5481 liis
1332 5423 1442 5499 quidem
1451 5419 1643 5478 blandimentis
1656 5419 1706 5474 des
