3750 5984
60 212 112 265 333
316 207 497 266 aerenum
515 208 778 268 PROBATIONUM.
798 240 833 251 -
852 209 899 266 bn
917 209 1042 268 TRIBUS
1060 208 1260 269 abahanbts
1279 209 1449 271 CARTHUS.
1656 215 1710 271 334

55 333 261 407 promissiones
285 333 377 404 (debr.
394 351 420 400 x,
437 336 492 405 36).
517 335 568 390 Per
589 335 762 408 potientium
776 333 895 408 igiturA
908 334 943 388 Et
954 334 1051 391 itemm
1063 352 1070 390 τ
1080 336 1109 393 Si
1119 337 1239 409 spiritus
1245 340 1418 409 potestatem
1432 336 1561 394 bedentis
1571 337 1709 395 oscende-

56 439 210 479 cnrramus
221 422 257 477 od
265 424 443 495 propositum
455 424 533 479 nobis
543 428 690 480 certamen
699 423 791 496 (lfeir.
803 439 855 490 ιιι,
908 427 950 481 rit
963 440 1048 496 super
1062 429 1098 490 te,
1117 426 1209 481 locum
1220 429 1302 481 tuum
1312 442 1348 482 ne
1361 425 1502 482 dimiseris
1518 426 1616 496 (Eroti.
1626 442 1656 493 x,
1669 428 1708 497 4).

58 511 85 581 l)
99 526 105 564 ε
118 511 303 582 recogitantes
314 502 440 582 quantam
452 527 502 582 pro
513 512 602 580 nobis,
614 520 641 568 et
649 511 815 583 patientiam,
832 519 859 568 et
909 513 1043 583 Quoniam
1069 521 1160 568 autem
1198 513 1354 569 abundante
1384 514 1527 586 iniquitate
1556 513 1710 588 refrigescit

58 599 241 654 obedientiam
256 616 342 671 usque
357 601 390 655 ad
406 600 583 656 contumelias
598 608 624 656 et
635 608 747 657 mortem
757 601 856 667 crucis,
908 601 1027 659 charitas
1051 601 1208 669 multorum,
1233 611 1259 657 et
1283 603 1395 676 quidam
1410 619 1424 658 a
1440 611 1570 674 serpente
1594 604 1708 671 seducti,

60 687 211 743 exhibuerit
226 688 367 754 Christus3
384 696 412 744 ut
426 704 480 744 non
495 687 639 762 fatigemur
652 689 858 745 animisnostris
908 699 934 746 et
955 707 971 746 a
996 698 1089 748 vestro
1111 699 1164 747 eta
1186 699 1280 747 nostro
1300 691 1442 763 proposito
1464 693 1626 759 resilientes,
1648 693 1709 765 plus

60 774 229 832 deficientes.
250 776 314 832 Non
328 777 514 833 enimdictum
529 786 580 845 est,
597 777 643 851 qui
658 778 780 849 coeperit,
798 778 857 844 sed,
909 787 1008 836 nocent
1030 779 1159 835 scandalo
1183 795 1265 851 quam
1316 781 1457 837 noluerant
1481 781 1606 853 exemplo
1643 783 1709 853 (non

57 867 107 937 qui
129 865 349 937 perseveraverit
373 882 460 939 usque
474 866 505 921 in
519 866 616 936 finem,
634 866 679 922 bic
694 868 788 923 saluus
802 869 859 923 erit
909 867 1086 924 formidantes
1106 867 1222 923 illamd
1270 867 1278 880 ⁰
1361 868 1574 925 denuntiationis
1588 877 1705 926 tremen-

61 953 173 1023 (lfattfv.
190 968 220 1019 x,
240 954 297 1025 32).
313 953 381 1008 Cum
402 962 492 1010 autem
506 954 565 1026 ipsa
580 953 745 1010 infirmitatis
759 962 859 1011 nostrae
908 956 981 1021 darn,
1016 955 1222 1029 terribilemque
1252 955 1415 1014 metandam
1442 974 1495 1030 qua
1527 957 1625 1015 dicitur
1641 975 1649 1013 ε
1667 960 1710 1015 tn

62 1040 227 1113 experientia
255 1042 403 1098 doceamur
426 1059 507 1115 quam
533 1059 600 1099 vera
623 1042 658 1098 sit
680 1043 727 1098 illa
750 1043 859 1099 Domini
910 1044 1171 1117 dominiperquem
1186 1043 1707 1117 scandatumosnittffottft.xvur,'t);

61 1130 206 1200 sententia,
223 1146 278 1202 qua
292 1130 376 1187 dicit:
392 1131 459 1188 Sine
472 1148 518 1188 me
532 1132 607 1189 nibil
629 1134 750 1205 potestis
764 1135 860 1204 faeere
910 1147 1009 1189 cavere
1023 1131 1103 1188 valde
1117 1133 1299 1189 debemusne
1313 1132 1375 1204 plus
1388 1134 1529 1205 perturbet
1542 1149 1593 1190 nos
1607 1149 1711 1206 pauco·

64 1218 156 1288 (toan.
182 1234 231 1286 xv,
248 1219 296 1291 s),
319 1235 379 1275 cum
403 1220 593 1294 misericordia
615 1223 674 1292 ejus
695 1220 860 1292 praevenerit
910 1237 971 1275 rum
990 1228 1064 1276 retro
1086 1221 1244 1277 abeuntium
1257 1220 1363 1289 levitas,
1380 1230 1407 1278 et
1421 1222 1613 1287 inconstantia,
1628 1239 1711 1294 quam

60 1323 122 1377 nos,
147 1315 251 1363 certum
275 1315 317 1362 est
331 1308 404 1379 quod
417 1308 476 1379 ipse
491 1324 547 1365 non
562 1308 703 1364 subtrahet
715 1309 793 1364 nobis
806 1324 857 1387 au·
910 1307 1054 1365 confirmet
1085 1309 1232 1365 multorum
1269 1310 1502 1381 perseverantium
1530 1311 1650 1383 gravitas
1682 1319 1709 1367 et

62 1395 157 1451 xilium
178 1396 274 1469 gratiae
288 1412 354 1466 suae,
366 1396 479 1468 uisiipsi
488 1396 564 1469 prius
573 1397 788 1453 subtraxerimus
797 1413 858 1454 nos.
911 1396 1072 1454 constantia.
1103 1397 1162 1454 lmo
1194 1413 1260 1454 vero
1295 1398 1365 1454 sicut
1392 1397 1473 1454 dehet
1499 1414 1550 1454 nos
1578 1398 1710 1456 roborare

60 1484 139 1540 Unde
153 1485 180 1539 in
194 1499 312 1556 persona
323 1485 409 1556 ipsius
424 1485 532 1541 Domini
548 1485 613 1541 dicit
623 1485 770 1558 Apostolus
786 1504 793 1540 ε
807 1488 860 1543 tu·
911 1484 1046 1541 bonorum
1076 1486 1300 1559 perseverantia,
1328 1493 1357 1541 ut
1392 1494 1600 1558 perseveranter
1628 1495 1710 1561 atque

59 1577 227 1629 stusoutem
245 1589 372 1629 meuses
385 1573 519 1642 fidevioit
531 1574 659 1645 (liebus,
672 1574 727 1646 38).
744 1575 820 1642 Quod
836 1576 860 1630 si
911 1574 1025 1630 viriliter
1048 1581 1171 1643 stemus;
1188 1575 1226 1629 ita
1249 1574 1331 1631 debet
1352 1590 1404 1630 nos
1427 1582 1522 1631 cautos
1536 1582 1564 1630 et
1578 1575 1710 1632 sollicitos

58 1662 236 1719 subtraxerit
244 1677 283 1730 se,
295 1678 353 1718 non
358 1663 676 1734 ptooetitonimoemeoe.
684 1663 816 1719 lfoxvero
827 1678 897 1748 exB
911 1662 1026 1718 reddere
1048 1678 1242 1734 perversorum
1273 1663 1419 1734 apostasia,
1453 1679 1488 1718 ne
1515 1663 1655 1720 cadamus.
1674 1663 1711 1718 llt

59 1766 108 1805 sua
119 1758 144 1806 et
155 1750 305 1806 electorum
316 1765 384 1806 voce
391 1751 560 1824 subjnngens
570 1752 715 1823 Apostolus
727 1769 735 1806 ε
747 1753 810 1818 Nos,
822 1751 861 1807 in·
909 1751 986 1820 juxta
1010 1750 1118 1807 Domini
1140 1767 1234 1808 vocem
1249 1750 1277 1806 in
1291 1750 1452 1825 Evangelio,
1468 1751 1542 1821 fient
1555 1752 1711 1809 novissimo

59 1838 126 1910 quit,
138 1841 253 1910 fratres,
266 1855 324 1894 non
332 1855 429 1896 sumus
439 1839 642 1896 subtractionis
650 1841 718 1910 filii,
730 1842 761 1896 in
771 1839 863 1912 perdi·
911 1839 1160 1895 nostrodeterioro
1166 1839 1309 1911 priorttas
1317 1840 1486 1909 (bortum,
1495 1840 1550 1912 45).
1561 1840 1602 1895 De
1610 1846 1709 1896 caetero

60 1928 177 1996 tionern,
189 1927 308 1998 sedfidei
318 1927 350 1983 in
359 1928 575 2000 acquisitionem
585 1930 690 1985 animm
701 1928 792 1999 (ibid,
803 1929 859 1997 33).
911 1925 1057 1997 Scripturis
1071 1927 1172 1982 sanctis
1192 1926 1328 1999 legendis,
1352 1928 1505 1996 audiendis,
1531 1928 1706 1994 meditandis,

60 2013 164 2083 Quibus
174 2014 265 2071 verbis
275 2015 339 2070 satis
349 2015 505 2072 terribiliter
514 2016 669 2086 insinuavit,
682 2017 728 2088 qui
746 2016 801 2072 sint
813 2015 863 2072 filii
911 2029 978 2070 aure
992 2014 1151 2070 fidelissima
1175 2015 1307 2071 dehemus
1324 2016 1477 2084 intendere,
1493 2024 1519 2072 et
1534 2016 1666 2089 quidquid
1681 2016 1708 2071 in

60 2102 261 2169 subtractionis,
282 2119 331 2159 eos
351 2119 414 2158 esse
432 2104 514 2159 etiam
533 2103 604 2161 filios
619 2104 789 2177 perditionis.
800 2105 861 2161 Nisi
910 2102 950 2158 eis
982 2102 1177 2172 invenerimus,
1207 2104 1241 2160 de
1260 2104 1427 2160 destruenda
1450 2121 1502 2176 per
1530 2104 1708 2160 humilitatem

58 2199 148 2247 autem
157 2207 218 2247 cum
226 2191 526 2262 debitaperseverantia
536 2193 619 2264 digne
628 2193 860 2249 ambulaverimus
910 2190 1709 2264 superbia,desuperandaperinausuetudinisetpatientiae

59 2280 201 2336 vocatione
211 2296 264 2353 qua
278 2281 367 2336 vocati
386 2296 489 2348 sumus,
508 2281 616 2338 dicente
625 2282 747 2353 apostolo
758 2282 857 2337 Petro:
908 2278 1048 2335 lenitatem
1071 2279 1211 2336 iracundia
1224 2280 1269 2337 vel
1280 2280 1456 2352 impatientia,
1477 2280 1512 2336 de
1524 2279 1646 2354 frigenda
1658 2297 1710 2352 per

57 2369 859 2443 ldetinserotncbisnoncoquoscereviomJustitioeqaom
909 2366 1048 2424 fervorem
1062 2367 1174 2439 spiritus
1189 2367 1308 2440 torporis
1323 2377 1350 2425 et
1363 2369 1465 2441 teporis
1480 2368 1657 2445 negligentia,
1672 2368 1708 2425 de

55 2460 120 2529 post
130 2458 319 2527 cognitionem
329 2463 484 2514 retrorsum
495 2459 621 2515 converti
631 2459 857 2529 inpetrarunt).
908 2455 1065 2526 repellendo
1080 2472 1130 2528 per
1152 2456 1328 2529 benignitatis
1343 2457 1457 2530 gratiam
1475 2456 1559 2513 bvora
1581 2456 1707 2523 inridiae3

59 2545 232 2601 Undeetiam
251 2545 381 2603 Salomon
393 2560 400 2601 τ
411 2547 581 2605 Sicutcanis
595 2547 643 2619 qui
656 2548 811 2604 revertitur
823 2547 859 2603 od
908 2542 943 2599 de
966 2544 1098 2601 calcando
1117 2561 1168 2616 per
1186 2544 1370 2602 testimouium
1389 2545 1563 2602 conscientie
1588 2544 1707 2616 appetitu

58 2636 257 2697 vomitum,sic
267 2635 443 2707 imprudens,
453 2637 767 2708 quiiterotstultiticm
777 2651 858 2692 suam
908 2631 997 2688 inanis
1016 2632 1121 2705 gloriae,
1148 2633 1182 2689 de
1197 2632 1328 2689 orationis
1342 2633 1480 2702 instantia,
1496 2634 1530 2689 de
1542 2634 1601 2706 jugi
1615 2634 1706 2691 cordis

59 2723 240 2793 (Prouxxvr,
253 2723 525 2796 lllhtqueiterum:
537 2726 858 2799 Virquierroveritcviu
908 2729 935 2779 et
956 2722 1013 2778 oris
1034 2721 1158 2778 custodia
1174 2723 1208 2778 de
1226 2723 1463 2795 apprehendendis
1485 2731 1600 2796 quattmr
1618 2722 1707 2780 virtu-

59 2810 205 2878 dootrinoe,
224 2812 257 2867 in
275 2815 350 2868 centu
364 2814 513 2883 picentum
527 2813 748 2871 commorabitur
764 2813 856 2885 (Prov.
907 2810 990 2882 tibus,
1013 2809 1167 2882 prudentia,
1183 2811 1373 2883 temperantia,
1395 2810 1562 2879 fortitudine,
1586 2819 1613 2868 et
1624 2811 1707 2881 justi-

59 2915 112 2969 xx,
122 2900 176 2970 46).
189 2899 239 2956 llic
257 2915 321 2956 vero
331 2900 441 2957 nomine
451 2901 603 2976 gigantum,
616 2901 735 2974 superbi,
746 2909 828 2973 atque
842 2919 858 2957 a
907 2899 957 2967 tia;
973 2899 1008 2955 de
1029 2898 1201 2956 observanda
1215 2899 1243 2954 in
1256 2899 1375 2967 incessu,
1402 2898 1430 2955 in
1445 2900 1564 2963 silentio,
1580 2900 1607 2956 in
1622 2900 1708 2957 collo-

59 2989 119 3044 Deo
129 2989 274 3057 alieni,vel
284 2990 434 3056 demones,
445 2990 489 3046 vel
512 2990 637 3046 homines
658 2989 855 3063 significantur.
908 2988 981 3061 quio,
996 2987 1025 3042 in
1048 2987 1123 3043 omui
1146 2995 1215 3044 statu
1240 2997 1266 3044 et
1280 2996 1352 3058 actu,
1369 2988 1501 3060 gravitate
1516 2997 1542 3045 et
1556 2990 1705 3059 modestia;

59 3074 132 3146 Quia
142 3095 206 3135 vero
221 3080 331 3151 quidam
346 3078 452 3136 eumad
463 3085 588 3135 nostrum
599 3077 643 3135 vel
656 3087 775 3135 vestrum
790 3094 857 3150 pro·
907 3076 942 3131 de
956 3075 1067 3132 vitando
1087 3091 1137 3146 per
1149 3076 1265 3133 sincerae
1279 3076 1442 3132 obedientie
1457 3076 1662 3146 subjectionem,
1679 3077 1707 3133 in

59 3166 178 3238 positum
192 3168 327 3234 venerint,
350 3167 440 3223 solent
461 3166 554 3224 uelde
568 3173 663 3223 nostro
677 3166 713 3222 ad
725 3174 857 3234 vestrum,
907 3163 1069 3219 obedientiae
1083 3164 1167 3233 malo,
1182 3163 1218 3220 de
1233 3164 1465 3237 apprehendendo
1480 3164 1571 3221 debite
1585 3181 1646 3221 cum
1660 3165 1706 3236 pio

59 3255 104 3311 vel
112 3256 146 3312 de
160 3264 250 3314 vestro
261 3256 296 3312 ad
306 3264 427 3313 nostrum
437 3255 591 3328 suspirare;
608 3272 642 3312 ne
656 3272 723 3312 vero
737 3264 764 3311 et
777 3255 858 3310 nobis
906 3251 1029 3324 profectu
1043 3252 1257 3324 perseverantie
1271 3253 1363 3332 bonq3
1381 3262 1521 3324 postremo
1531 3252 1567 3311 de
1583 3263 1625 3321 ea‘,
1646 3270 1707 3326 quae

56 3344 213 3414 hujusmodi
228 3345 451 3418 suggestionibus
463 3352 580 3402 tentator
593 3343 698 3412 illudat,
715 3344 858 3400 audiamus
907 3349 950 3397 est
966 3340 1054 3397 omnis
1074 3341 1315 3398 consummationis
1330 3340 1392 3396 finis
1420 3351 1448 3399 et
1457 3342 1528 3415 legis
1553 3342 1704 3414 plenitudo,

58 3423 220 3504 Apostolum
235 3434 369 3490 dicentem
387 3435 596 3507 :Unusquisque
606 3435 638 3491 in
647 3450 702 3506 quo
713 3435 857 3491 secutione
907 3428 1057 3515 charitate;
1072 3430 1153 3486 dehet
1173 3430 1337 3504 quotidianis
1356 3445 1448 3487 coram
1464 3432 1521 3487 Deo
1540 3430 1706 3503 profectibus

57 3525 174 3579 uocatus
185 3526 237 3589 est,
254 3525 285 3579 in
301 3539 334 3579 eo
343 3526 512 3595 permanent
527 3522 552 3593 (l
565 3520 627 3577 Cor.
642 3537 691 3589 vn,
705 3522 762 3592 30).
778 3521 857 3578 Unde
908 3527 933 3574 et
945 3517 1133 3585 incrementis,
1150 3519 1178 3574 in
1205 3519 1414 3576 conversatione
1428 3527 1455 3576 et
1468 3519 1592 3576 moribus
1605 3519 1708 3575 nostris

58 3608 188 3666 Salomon
205 3628 212 3665 ε
228 3611 308 3668 Sicut
321 3614 382 3668 cuis
396 3611 607 3684 transmiqrons
622 3609 655 3665 de
665 3610 732 3667 nido
741 3625 801 3676 suo,
813 3610 857 3665 ita
906 3605 1387 3679 apparerellalete.Vestrisettotius
1396 3607 1483 3665 sancti
1493 3615 1708 3665 conventusora·

58 3700 88 3753 et
104 3697 147 3754 vir
161 3701 208 3772 qui
228 3701 366 3773 relinquit
382 3700 474 3756 locum
489 3715 574 3756 suum
588 3699 681 3768 (Pron.
698 3712 794 3764 xxvii,
811 3699 851 3769 8).
907 3695 1035 3763 tionibus,
1047 3712 1098 3768 per
1107 3695 1333 3753 interventionem
1344 3704 1464 3754 vestram
1479 3711 1524 3752 me
1533 3695 1705 3753 commendo.

358 3951 670 4057 EPISTOLA
706 3949 1078 4054 ALEXANDRI
1114 3949 1296 4053 PAPAE
1336 3952 1402 4054 lll

225 4125 291 4210 'Ad
320 4143 535 4211 Arthaudum
562 4143 714 4226 priorem
741 4140 909 4221 Alveriae,
941 4140 983 4208 de
1011 4141 1193 4206 schismate
1218 4140 1313 4207 illius
1341 4143 1518 4224 temporis.

479 4275 532 4350 (Ex
545 4277 664 4334 Archivo
680 4275 778 4334 domus
791 4275 924 4346 alterio,
941 4275 1045 4333 ordinis
1058 4274 1281 4347 Carthasiensis.)

93 4462 268 4516 Aceraunnn
283 4459 440 4531 episcopus,
460 4470 556 4513 servus
571 4469 710 4511 servorum
730 4454 796 4522 Dei,
812 4454 913 4512 dilecto
931 4451 987 4509 filio
1007 4455 1042 4510 Α.
1067 4451 1168 4525 prioris
1197 4452 1313 4510 Alveria
1339 4453 1454 4510 salutem
1481 4463 1508 4512 et
1526 4458 1704 4529 apostolicam

56 4556 287 4615 benedictionem.
305 4557 376 4612 Dum
390 4555 464 4627 piam
479 4553 691 4626 simplicitatem,
707 4560 760 4609 etc.
775 4553 865 4623 (Hanc
878 4553 962 4625 epist.
978 4551 1039 4609 vide
1052 4552 1132 4607 inter
1145 4566 1209 4624 opp.
1226 4550 1386 4608 Alexandri
1401 4553 1451 4608 PP.
1468 4553 1528 4628 lli.)

703 4732 1050 4838 APPENDlX.

52 4904 279 4971 Probaliones
295 4920 416 4970 eorum
432 4901 614 4968 continens
624 4913 697 4980 quae
709 4896 751 4964 de
761 4897 871 4963 tribus
879 4896 1063 4962 Bernardis
1073 4897 1254 4962 Portarum
1263 4896 1447 4978 prioribus,
1459 4900 1495 4965 et
1506 4897 1562 4964 his
1571 4898 1702 4982 illigato

383 4982 577 5058 Nantelmo,
594 4980 631 5043 in
644 4978 843 5061 prelatione
857 4975 901 5041 ad
915 4976 1080 5043 lectorem
1095 4976 1267 5058 disputata
1280 4979 1371 5042 sunt.

53 5115 123 5172 f.—
138 5116 293 5174 strincidus
315 5116 442 5173 reclusus
463 5114 562 5171 Sancti
585 5113 757 5186 llvqnilrerti,
777 5113 854 5169 circa
902 5109 981 5183 liquit
997 5125 1003 5164 :
1017 5109 1172 5183 Juravitque
1186 5109 1215 5165 in
1236 5125 1319 5166 manu
1342 5108 1466 5166 Rainnldi
1487 5108 1586 5167 reclusi
1608 5110 1701 5169 Sancti

295 5221 406 5262 annum
422 5203 530 5259 Cbmsti
544 5202 624 5258 4434.
902 5198 1074 5272 Ragniberti,
1090 5196 1199 5255 fidelem
1222 5198 1262 5255 eis
1284 5197 1437 5268 adjutorem
1452 5205 1478 5254 et
1493 5198 1612 5255 amicum
1630 5199 1700 5258 fore.

902 5287 936 5343 Et
949 5287 1013 5343 inde
1028 5288 1121 5343 habuit
1139 5295 1195 5343 tres
1216 5286 1329 5358 solidos,
1355 5286 1501 5343 duodecim
1524 5304 1660 5358 nummos,
1674 5296 1702 5345 et

901 5385 1007 5448 septem
1021 5376 1160 5433 denarios.
1176 5377 1271 5431 Testes
1286 5375 1440 5431 Bernardus
1455 5376 1599 5432 Portarum
1613 5377 1699 5448 prior,

85 5471 182 5554 dumo
197 5471 232 5527 de
252 5471 364 5527 Aranda
387 5485 497 5526 omnem
520 5467 683 5524 calumniam
697 5481 776 5538 quam
792 5465 849 5521 fra-
903 5465 984 5537 flugo
1004 5472 1166 5537 procurator
1176 5463 1314 5535 Maiorem,
1331 5471 1357 5521 et
1370 5463 1537 5520 Donatianus
1551 5465 1701 5522 monachus
1771 5506 1773 5510 .

51 5559 138 5618 tnhus
153 5559 284 5631 Majorevi
307 5558 424 5617 iaciebat
438 5572 519 5631 super
532 5555 643 5630 pascuis
658 5570 752 5613 eorum
766 5554 850 5612 dere·
905 5552 998 5611 Sancti
1010 5550 1179 5626 liagniherti.

192 5328 244 5399 (Ex
258 5327 392 5385 tabulario
407 5325 556 5384 carthusiae
570 5324 709 5392 Maiorevi.
