3742 5986
113 119 149 176 t't
379 118 409 175 8.
429 115 607 175 BRUNONIS
629 112 953 174 clamosimoltmt
973 114 1217 174 msrtrnroats
1235 115 1313 174 OPP.
1342 119 1430 179 rans
1458 125 1492 180 11.
1726 130 1761 185 ts

112 244 177 302 bam
191 258 302 301 ornnem
322 240 542 314 justificationem
556 259 620 300 esse
633 258 668 300 ex
682 242 736 300 fide
752 258 759 299 :
773 250 804 298 ut
817 250 909 298 autem
923 242 1041 308 Ascrat,
1057 258 1119 314 que
1131 242 1167 298 de
1190 258 1224 299 eo
1245 243 1312 300 dixit
1335 245 1446 318 adaptat
1469 266 1527 306 ειη
1546 249 1701 319 intentioni,
1717 252 1763 308 (fi.

112 332 140 390 ia
154 332 321 405 plenitudiue
334 330 398 388 lidei
412 331 534 404 perfecte
548 332 685 389 imitemur
698 333 846 400 Abraham,
863 332 911 388 dc·

112 421 238 479 terminat
253 421 406 494 qualitatem
421 420 484 477 fidei
497 420 614 477 abrahae
630 439 637 478 z
653 429 681 476 ut
696 421 764 477 sicut
783 436 912 493 quaecun-

115 526 169 583 quc
183 510 334 567 secundum
348 510 436 566 visum
450 510 589 566 bominum
603 509 781 582 impossibilia
795 509 912 566 credidit

112 598 164 655 sibi
186 615 237 671 per
256 600 343 655 Deum
364 598 483 672 impleri,
500 598 541 655 sic
555 606 582 655 et
596 614 647 655 nos
669 599 705 655 de
718 598 840 670 potentia
861 599 912 654 Dei

112 703 168 745 non
183 688 348 754 haesitemus,
361 696 531 760 opponentes
552 688 577 743 ei
591 688 680 762 legem
703 695 815 744 nature.
832 686 910 744 Unde

113 776 153 834 sic
163 777 201 832 ait
214 777 346 833 :Abrahae
357 776 437 834 28
448 776 550 833 dictum
565 783 606 832 est
624 791 630 830 :
647 778 745 832 Posuit
761 781 787 833 te
797 780 910 848 patrem

112 866 273 923 mattarum
288 868 417 938 gentium
433 884 442 921 :
457 867 507 938 qai
516 864 794 931 Abrabnmcredidit,
810 868 911 921 contra

113 971 191 1028 spem
219 957 252 1012 in
279 971 365 1028 spem,
389 962 483 1026 posset
509 953 602 1010 dicere
627 962 721 1009 contra
741 953 908 1026 opinionem.

112 1043 183 1118 Spes
197 1043 305 1100 Domini
319 1050 393 1099 certa
417 1043 583 1114 exspectatio
605 1042 645 1098 rei
669 1042 767 1099 iuturae
788 1042 908 1110 dicitur;

98 1134 161 1191 ¹sed
176 1149 296 1207 congrue
311 1132 376 1188 dixit
393 1135 494 1189 contro
518 1148 606 1204 spem,
623 1130 686 1203 quia
702 1131 851 1187 secundum
866 1131 908 1186 le·

110 1239 175 1297 gem
198 1230 299 1277 naturae
325 1220 384 1276 visa
407 1219 559 1278 annositate
584 1236 632 1275 sua
646 1227 673 1275 et
687 1219 825 1275 sterilitate
838 1235 909 1275 uxo-

109 1312 158 1382 ris,
175 1310 327 1367 certissime
350 1310 478 1381 sperabat
501 1324 556 1363 non
568 1309 624 1378 jam
639 1325 668 1364 se
691 1308 842 1363 habitururn
861 1325 909 1363 se-

108 1415 191 1456 men:
208 1399 257 1456 sed
271 1406 367 1456 eontra
381 1413 469 1468 spem,
482 1413 564 1469 quam
578 1395 632 1451 sibi
645 1397 688 1452 lex
702 1405 806 1452 naturae
819 1396 910 1468 porri-

109 1489 201 1562 gebat,
217 1487 332 1545 credidit
346 1485 373 1541 in
396 1501 482 1557 spem,
499 1502 588 1557 quam,
605 1484 691 1540 tracto
711 1485 772 1555 iure
795 1494 906 1551 naturae,

960 345 1027 385 cens
1043 345 1049 383 :
1066 329 1138 399 Quia
1152 331 1191 387 sic
1214 332 1331 389 credidit
1354 336 1502 398 Abrabam.
1518 338 1581 394 ideo
1596 340 1761 408 justificatus

960 426 1011 475 est.
1028 421 1085 475 lloe
1099 427 1190 476 tamen
1205 421 1239 476 de
1253 422 1391 478 Abraham
1406 442 1464 481 reon
1483 427 1526 483 bic
1540 431 1680 501 scriptam
1697 435 1762 486 ton·

961 509 1104 565 tammodo
1116 513 1233 581 propter
1246 512 1340 582 ipsam
1356 514 1502 579 Abrabam,
1514 514 1549 571 de
1560 525 1632 571 unta
1643 516 1697 573 lide
1706 518 1762 574 lau·

960 595 1089 651 dandum
1104 597 1173 663 lioc,
1189 598 1302 668 scilicet,
1317 602 1383 672 qaia
1408 609 1572 676 reputatam
1586 610 1630 661 est
1653 607 1700 662 illi
1724 608 1761 662 ad

958 685 1104 757 justitiam
1118 707 1127 742 :
1143 686 1192 743 red
1206 689 1296 744 etiam
1310 689 1442 761 scripturn
1455 698 1570 766 propior
1583 712 1645 763 nor,
1660 695 1690 748 in
1706 695 1761 751 lide

959 773 1076 829 Abrahae
1089 775 1307 844 conformandos,
1330 781 1430 851 quitus
1450 782 1625 838 credentibus
1648 784 1761 840 credere

958 873 1080 918 nostrum
1096 864 1176 934 (sicut
1191 865 1218 918 in
1238 865 1285 921 illo
1301 867 1435 939 videmus)
1459 870 1538 925 nobis
1558 872 1595 926 ad
1611 873 1761 942 justitiam

958 953 1147 1023 reputabitur.
1162 955 1342 1011 credentibus
1358 956 1461 1012 dicoirr
1476 975 1541 1014 eam
1551 963 1760 1032 qaisascttanit

960 1039 1104 1097 Christum
1113 1043 1208 1098 tesam
1216 1043 1368 1100 Dominam
1377 1051 1507 1102 nostram
1517 1051 1672 1116 amortuis,
1682 1049 1760 1106 idest

957 1127 1026 1184 sicut
1040 1129 1186 1199 Abrabam,
1204 1131 1278 1202 quod
1292 1141 1387 1189 contra
1401 1143 1526 1190 naturam
1542 1146 1637 1206 erat,a
1653 1137 1712 1193 Deo
1727 1154 1759 1193 se

958 1226 1131 1289 accepturum
1146 1220 1260 1275 credidit
1272 1240 1279 1288 ;
1295 1221 1335 1277 sic
1347 1239 1436 1295 neque
1450 1239 1500 1279 nos
1523 1225 1680 1281 haesitemus
1693 1242 1758 1282 cre-

957 1306 1024 1362 dere
1038 1315 1064 1362 et
1085 1306 1216 1377 confiteri,
1234 1309 1296 1364 licet
1317 1320 1410 1366 contra
1428 1312 1474 1381 jus
1497 1322 1600 1370 naturae
1624 1315 1658 1368 sit
1680 1315 1759 1371 Cbri·

957 1401 1029 1449 stum
1052 1397 1204 1452 surrexisse
1218 1413 1235 1452 a
1248 1400 1371 1455 mortuis.
1387 1399 1440 1469 Qui
1452 1402 1524 1456 enim
1539 1411 1690 1458 auctorest
1706 1419 1759 1457 na-

957 1490 1033 1552 ture,
1051 1484 1119 1540 sicut
1141 1485 1240 1556 placuit
1263 1487 1350 1557 potuit
1372 1504 1433 1544 eam
1458 1489 1604 1546 invertere.
1623 1492 1688 1547 llaec
1702 1492 1758 1548 duo

108 1576 302 1648 omnipotentia
325 1574 374 1630 Dei
398 1574 573 1645 suggerebat.
599 1573 720 1629 Credidit
739 1573 832 1645 utique
855 1574 944 1659 bocB
959 1588 1020 1643 quae
1033 1581 1185 1644 sequuntur
1201 1589 1207 1627 :
1224 1576 1348 1632 traditos
1363 1581 1406 1633 est
1420 1578 1457 1632 ad
1470 1583 1601 1645 mortem,
1616 1584 1643 1635 et
1657 1597 1757 1636 resar-

109 1671 143 1724 ttt
156 1667 238 1736 tieret
250 1668 333 1737 pater
346 1664 507 1719 multorom
520 1664 649 1734 gentiam
664 1681 674 1718 :
689 1661 724 1718 de
739 1678 792 1734 quo
807 1678 907 1718 secun·
958 1662 1036 1716 rosit
1046 1666 1163 1733 propter
1170 1664 1418 1733 justificationem,
1435 1666 1675 1737 adprobationem
1690 1685 1758 1739 prae·

107 1755 172 1811 dum
187 1753 326 1809 bominem
350 1750 416 1807 satis
439 1751 580 1823 ambigere
601 1759 704 1822 posset,
720 1765 782 1807 cum
804 1751 907 1806 videret
956 1749 1103 1805 missorum
1117 1752 1274 1807 necessaria
1294 1768 1349 1808 non
1364 1763 1449 1821 erant,
1466 1755 1515 1810 sed
1539 1756 1573 1810 ad
1598 1756 1757 1813 instructio-

105 1859 136 1900 se
160 1841 240 1898 uanius
263 1848 365 1896 tantum
389 1838 437 1894 lilii
459 1847 673 1910 procreatorem.
700 1839 840 1907 Credidit,
862 1839 906 1893 in-
955 1853 1019 1893 nem
1044 1838 1227 1895 Romanorum
1249 1840 1316 1896 vidit
1330 1858 1362 1896 ea
1384 1851 1546 1914 opportuna,
1562 1852 1588 1899 et
1603 1845 1664 1900 ideo
1687 1846 1756 1900 sub-

107 1948 198 2007 quam,
214 1930 280 1986 illud
295 1938 380 1986 totum
395 1929 466 2002 qaod
480 1929 590 1984 dictam
605 1932 648 1984 est
662 1929 698 1994 ei,
715 1928 742 1983 id
757 1935 799 1983 est
813 1928 905 1984 credi·
952 1925 1041 1995 junxit
1057 1945 1063 1980 :
1082 1928 1134 1996 Qui
1149 1929 1274 1984 traditus
1289 1933 1331 1986 est
1348 1947 1426 1986 :non
1440 1931 1603 1987 determinat
1627 1934 1660 1988 ad
1675 1934 1751 2006 quid,

107 2021 191 2079 ditae
215 2026 321 2091 patrem
346 2016 465 2072 futurum
489 2016 645 2082 multorum,
671 2032 726 2072 uon
747 2016 835 2071 solum
858 2032 905 2072 se·
955 2014 1005 2069 sed
1020 2014 1085 2069 satis
1100 2023 1173 2085 patet
1187 2017 1252 2088 quia
1266 2018 1301 2073 ad
1316 2025 1442 2074 mortem.
1460 2021 1493 2074 Et
1510 2020 1561 2076 hoc
1574 2027 1692 2094 propter·
1704 2023 1756 2079 de·

106 2109 224 2167 cundum
239 2106 420 2180 propaginem
434 2104 535 2170 carnis,
547 2104 596 2159 sed
609 2104 758 2159 seeundum
773 2103 904 2159 imitatam
956 2102 1025 2157 licto
1039 2107 1148 2168 nostra,
1164 2103 1191 2159 id
1206 2113 1256 2173 est,
1274 2113 1303 2160 ut
1316 2123 1368 2162 nos
1390 2108 1535 2164 mundaret
1549 2126 1564 2163 a
1579 2110 1686 2166 delictis
1701 2127 1755 2166 no·

106 2197 222 2255 termam
238 2195 311 2253 lldci.
328 2195 394 2262 lloc,
410 2192 532 2265 inquam,
548 2192 650 2248 dictum
669 2200 710 2248 est
724 2193 749 2249 ei
766 2208 772 2246 :
788 2193 833 2249 Sic
849 2196 904 2249 crit
955 2190 1027 2256 stris,
1044 2191 1089 2262 qui
1104 2191 1186 2247 etiarn
1201 2197 1363 2250 resurrexit
1379 2201 1498 2269 propter
1516 2200 1755 2270 justificationem

106 2301 202 2344 temen
218 2288 308 2354 taam,
326 2283 471 2348 abranam,
491 2303 502 2332 s
519 2281 589 2336 sicut
603 2280 688 2336 stellae
706 2280 777 2348 caeli,
795 2288 822 2336 et
836 2281 905 2337 sicut
953 2282 1091 2344 nostram,
1108 2279 1135 2335 id
1149 2289 1200 2348 est,
1217 2290 1245 2335 ut
1259 2299 1310 2338 nos
1325 2285 1468 2340 mundatos
1482 2302 1497 2339 a
1511 2285 1618 2342 delictis
1642 2288 1753 2357 nostris,

105 2373 283 2432 arenamaris
294 2372 373 2442 (Gen.
390 2386 437 2437 xv,
450 2372 488 2441 a).
504 2394 515 2419 n
528 2369 580 2425 Per
590 2368 683 2424 stellas
694 2369 765 2435 coeli,
778 2369 904 2441 spiritua·
953 2383 1002 2438 per
1017 2368 1177 2439 positionem
1200 2370 1329 2427 virtutum
1340 2372 1428 2441 justos
1450 2373 1580 2430 efficeret.
1598 2375 1677 2432 29
1691 2377 1753 2432 Non

106 2462 148 2520 les
163 2462 234 2518 tilios
249 2460 375 2526 abraha,
392 2459 452 2516 luce
467 2458 596 2514 virtutum
610 2457 781 2528 conspicuos,
799 2457 904 2531 signifi-
952 2452 1024 2526 ideo,
1041 2457 1087 2523 ait,
1105 2465 1228 2513 mortuus
1243 2467 1284 2515 est
1297 2468 1409 2531 propter
1423 2462 1522 2518 delicta
1535 2472 1639 2531 nostra,
1657 2481 1754 2519 resur-

105 2561 157 2610 cat.
176 2552 342 2607 Perarcnam
358 2546 450 2613 maris,
475 2545 655 2603 infructuosos
678 2545 802 2602 carnales
822 2544 901 2603 filios.
953 2545 1020 2599 rexit
1037 2553 1150 2616 propter
1160 2545 1390 2615 justificationem,
1407 2550 1472 2622 quin
1494 2568 1570 2607 mors
1584 2553 1642 2621 ejus
1667 2568 1752 2609 causa

105 2640 150 2698 Sic
163 2639 328 2712 promissum
343 2645 384 2692 ast
399 2636 524 2702 Abrahae,
542 2642 568 2690 et
583 2635 761 2706 acceptabas
784 2635 902 2705 promis·
953 2631 987 2686 sit
1001 2640 1100 2689 nostrae
1111 2634 1231 2703 justitiae,
1247 2643 1275 2692 et
1289 2639 1452 2694 resurrectio
1475 2655 1559 2695 causa
1581 2641 1751 2698 remissionis

105 2730 182 2787 sione
197 2726 317 2800 quandiu
332 2723 515 2790 differebatur,
532 2731 675 2795 propterca
690 2739 748 2779 non
762 2726 805 2779 ert
818 2724 902 2792 infir·
952 2729 1137 2792 peccatorum.
1155 2723 1209 2778 Sed
1224 2723 1286 2780 ideo
1301 2725 1338 2780 ait
1352 2727 1509 2794 resurrexit,
1525 2738 1637 2799 propter
1654 2730 1753 2799 justiti·

104 2821 201 2876 motas
216 2818 248 2873 trs
261 2816 315 2886 tide
327 2834 336 2871 .·
347 2821 375 2869 ut
389 2813 479 2868 minus
493 2811 616 2868 crederet
629 2810 713 2866 firmae
726 2811 902 2882 promissioni
952 2808 1096 2875 cntionem,
1111 2818 1140 2866 ut
1152 2812 1309 2869 ostenderet
1324 2815 1552 2871 resurrectionem
1561 2817 1621 2886 ejus
1636 2818 1676 2874 sic
1691 2834 1753 2874 esse

104 2904 264 2971 sibilantes
279 2911 362 2975 utque
377 2901 470 2956 firmus
485 2899 512 2955 in
528 2898 581 2955 tide
594 2900 738 2970 promissae
750 2899 790 2955 rei
804 2900 901 2971 perdu·
913 2949 936 3011 ο
952 2911 1064 2954 causam
1087 2907 1186 2955 nostrae
1205 2900 1418 2970 justificationis,
1433 2911 1462 2958 ut
1486 2913 1559 2960 essct
1581 2905 1690 2977 signum
1712 2908 1753 2963 rei

104 3002 189 3065 rarat,
205 3010 262 3049 non
278 2990 578 3062 consideroottcorpas
593 3004 674 3044 raam
687 2991 856 3058 emortuam,
873 2988 901 3042 id
951 2989 1049 3044 luturae
1076 2987 1105 3042 iu
1125 2988 1204 3043 nobis
1230 3003 1235 3043 :
1261 2988 1377 3060 duplicis
1405 2991 1508 3049 scilicet
1534 2995 1751 3050 resurrectionis.

104 3075 648 3154 astnonpensavitnaturalemdetectum
659 3075 809 3147 generandi
819 3091 900 3147 posse
950 3073 1040 3129 Prima
1055 3083 1106 3142 est,
1123 3091 1176 3148 qua
1190 3076 1217 3131 in
1235 3077 1369 3148 baptismo
1385 3089 1503 3136 amorte
1526 3081 1629 3152 peccati
1653 3100 1753 3139 resur-

103 3171 248 3230 immutare
263 3169 429 3225 voluntatem
443 3165 504 3231 Dei,
520 3181 585 3221 cam
610 3169 681 3222 esset
701 3167 762 3236 sere
784 3169 901 3221 centem
950 3161 1049 3236 gimus,
1065 3163 1099 3218 ad
1123 3164 1268 3220 vivendum
1283 3166 1309 3220 in
1328 3167 1442 3236 justitia.
1457 3169 1520 3225 llaec
1542 3178 1630 3225 autern
1655 3187 1752 3227 resur-

103 3276 256 3325 annorom,
273 3266 299 3314 et
314 3266 419 3327 tempus
432 3252 583 3328 generandi
595 3254 649 3323 jam
665 3252 692 3307 in
708 3268 741 3308 eo
755 3253 901 3324 prateriis·
950 3251 1036 3308 rectio
1059 3252 1167 3321 animae,
1183 3270 1243 3327 quae
1265 3254 1341 3327 prius
1363 3265 1468 3312 mortua
1490 3257 1661 3329 inpeccatis,
1677 3277 1750 3316 nunc

104 3357 156 3406 set.
172 3349 207 3404 dt
217 3363 272 3403 non
282 3342 464 3403 consideravit
475 3344 586 3398 valeam
599 3343 676 3399 Soroe
689 3346 856 3409 emortuom,
873 3342 901 3397 id
950 3348 1042 3396 autem
1057 3341 1206 3399 confortato
1229 3342 1316 3400 libero
1340 3345 1451 3400 arbitrio
1472 3353 1562 3417 potest
1576 3347 1661 3403 obniti
1677 3350 1751 3404 omni

103 3445 146 3497 cst
174 3434 303 3511 genitalia
326 3431 418 3490 uxoris
441 3429 584 3497 deiecisse,
608 3437 634 3486 et
662 3429 726 3487 vitio
754 3429 901 3487 sterilitatis
949 3428 1030 3486 malae
1044 3430 1223 3504 suggestioni,
1239 3432 1382 3504 Deumque
1397 3434 1549 3506 cognoscit.
1567 3435 1690 3490 Secunda
1705 3452 1748 3492 rc·

104 3534 130 3584 et
145 3540 279 3583 annorum
301 3520 468 3595 antiquitate.
493 3519 554 3575 Non
569 3526 609 3575 est
624 3517 772 3574 infirmatus
797 3519 826 3574 in
847 3518 901 3575 fide
950 3519 1082 3575 surrectio
1097 3527 1138 3574 est
1152 3521 1244 3574 tutura
1258 3521 1407 3576 secundum
1423 3536 1520 3592 corpus
1538 3537 1544 3574 :
1562 3521 1679 3593 quando,
1696 3523 1747 3577 im-

101 3615 195 3690 primas
218 3610 408 3686 promissionis
424 3624 430 3663 :
446 3608 474 3663 in
494 3606 705 3680 repromissione
729 3607 809 3663 etiam
839 3607 898 3674 Dei,
949 3606 1126 3676 passibilitate
1140 3614 1167 3662 et
1180 3606 1382 3663 immortalitate
1399 3616 1546 3679 resumpta,
1564 3611 1748 3681 conregnabi-

103 3704 167 3778 quia
180 3704 255 3759 Deus
269 3698 406 3756 multoties
420 3697 492 3753 idern
507 3696 559 3768 ipsi
574 3695 741 3765 repromisit.
758 3695 790 3750 ln
804 3710 900 3767 repro·
949 3708 1011 3748 mus
1025 3692 1143 3757 Christo,
1159 3693 1182 3749 si
1196 3693 1282 3764 prima
1296 3696 1460 3752 resurrectio
1482 3696 1586 3770 integre
1601 3697 1683 3753 fuerit
1697 3715 1747 3756 cu-

103 3791 238 3849 mtesiorte
258 3786 351 3858 utique
366 3785 422 3852 illa,
437 3800 489 3856 qua
506 3784 589 3848 Deus,
604 3781 762 3853 priusquam
778 3779 900 3836 finiretur
949 3779 1057 3847 stodita‚
1072 3797 1133 3853 quae
1147 3783 1309 3838 resurrectio
1328 3782 1429 3839 Christi
1444 3791 1470 3840 et
1486 3786 1670 3853 Pentecostes,
1687 3805 1748 3861 quae

102 3893 200 3944 tanus,
216 3891 246 3932 se
259 3875 385 3931 daturum
400 3871 484 3927 lilium
503 3869 683 3942 promittebat,
700 3868 728 3923 in
742 3868 899 3940 baculique
949 3868 983 3924 de
998 3869 1095 3924 eadem
1109 3870 1309 3927 resurrectione
1323 3873 1433 3944 pendet,
1444 3873 1506 3930 ideo
1522 3875 1603 3931 variis
1619 3879 1748 3948 tempori-

102 3983 161 4027 non
175 3964 316 4023 hesitavit
332 3960 501 4034 diffidentia.
518 3957 656 4015 Hoesitarit
680 3956 789 4030 quidem
809 3956 900 4013 admi·
949 3956 1000 4012 bus
1029 3957 1210 4026 celebrantur,
1235 3959 1298 4031 qnia
1321 3961 1411 4017 adbuc
1435 3969 1547 4017 ventura
1571 3964 1746 4037 presignans,

103 4054 191 4115 rande
205 4061 232 4110 et
246 4050 412 4109 revolvendo
426 4063 518 4104 secum
541 4045 701 4118 mysterium
716 4045 764 4113 rei,
781 4046 900 4101 sednon
948 4060 1000 4102 nee
1024 4044 1110 4101 solum
1134 4047 1169 4103 de
1191 4048 1335 4119 preteritis
1359 4057 1453 4122 agunt,
1470 4059 1499 4106 ut
1518 4051 1616 4108 festum
1640 4054 1748 4110 Nativi.

101 4140 234 4203 haesitavit
248 4156 299 4214 por
312 4136 498 4205 diffidentiam,
515 4142 544 4191 ut
558 4132 692 4191 diffideret
712 4148 766 4189 non
781 4133 899 4206 implan-
948 4134 1021 4191 tatis.

102 4233 168 4290 dum
181 4230 233 4287 sibi
246 4237 332 4287 totum
347 4226 420 4300 quod
434 4226 508 4280 Deus
521 4222 691 4296 promiserat,
712 4223 760 4280 sed
783 4225 898 4295 consor·
1267 4207 1379 4265 CAPUT
1394 4210 1426 4265 V.

105 4325 183 4380 tatas
198 4324 240 4377 est
253 4317 317 4389 fide.
333 4316 401 4373 Cum
415 4313 487 4371 enirn
501 4318 595 4384 posset
616 4311 733 4380 objicere
747 4327 804 4367 rem
820 4301 936 4368 totiesD
988 4310 1157 4368 «iustificati
1179 4310 1263 4385 igitur
1285 4329 1318 4370 ex
1342 4313 1405 4385 fide,
1428 4331 1523 4387 pacem
1545 4317 1693 4374 habeamus
1712 4321 1747 4376 ad

103 4407 276 4484 promissam,
292 4405 338 4462 dia
352 4402 511 4460 sustinendo
528 4416 534 4455 :
549 4399 667 4456 Dubium
687 4416 731 4456 me
755 4414 833 4456 mora
857 4399 899 4456 ia·
951 4400 1067 4455 «Deum
1081 4416 1132 4472 per
1153 4401 1299 4457 Dominum
1322 4411 1447 4459 nostrum
1468 4406 1560 4461 lesum
1584 4407 1721 4463 Christum
1738 4428 1745 4464 :

103 4497 149 4566 ait,
177 4494 271 4554 tortior
296 4493 324 4549 in
348 4491 507 4550 credulitate
535 4489 575 4545 rei
597 4488 737 4561 promissae
758 4489 898 4545 surrexit:
952 4505 1029 4560 sper
1052 4505 1132 4562 quem
1154 4489 1288 4546 habemus
1311 4506 1452 4549 accessum
1475 4509 1524 4564 per
1546 4491 1627 4550 fidem
1642 4495 1670 4549 in
1685 4512 1746 4569 gra.

104 4586 176 4645 dano
192 4583 255 4640 inde
269 4583 390 4657 gloriam
405 4582 459 4637 Deo
475 4598 484 4635 :
499 4576 566 4633 nibil
581 4576 684 4633 meritis
707 4576 764 4632 suis
778 4577 813 4632 de
827 4577 899 4634 bono
951 4598 962 4628 ι
980 4576 1044 4632 tiam
1069 4577 1148 4633 istam
1169 4578 1196 4633 in
1220 4594 1274 4651 qua
1298 4588 1410 4647 stamus,
1426 4589 1454 4637 et
1474 4582 1624 4654 gloriamur
1646 4583 1673 4638 in
1696 4601 1746 4656 spe

102 4674 183 4746 bajus
198 4670 386 4746 promissionis
400 4666 542 4725 ascribens
559 4681 565 4720 :
582 4665 672 4722 sedin
687 4665 813 4722 omnibus
836 4666 899 4740 glo·
951 4686 963 4716 ι
978 4665 1075 4738 gloriae
1091 4665 1207 4721 liliorum
1221 4667 1281 4722 Dei.
1297 4669 1359 4724 Non
1383 4668 1471 4724 solum
1485 4679 1584 4739 autem,
1602 4671 1650 4727 sed
1666 4672 1746 4727 etiam

102 4761 210 4821 rideam
225 4762 322 4827 Deum,
333 4759 425 4816 sciens
440 4757 492 4813 boc
505 4755 678 4827 plenissime,
690 4753 749 4810 sine
759 4753 834 4810 omni
844 4755 899 4811 baa·
950 4775 961 4801 s
978 4753 1129 4825 gloriamur
1142 4754 1171 4810 in
1184 4754 1402 4812 tribulationibus
1418 4773 1425 4812 :
1440 4758 1558 4816 scientes
1573 4759 1646 4832 quod
1661 4760 1745 4815 tribu-

101 4850 226 4909 allatione
239 4850 501 4922 :qaiaqnoeeanqae
509 4845 642 4916 promisit
657 4843 899 4916 Deae,potensest
951 4863 962 4893 ι
980 4841 1044 4898 latio
1058 4842 1216 4914 patientiam
1233 4853 1370 4916 operatur,
1386 4846 1518 4917 patientia
1537 4855 1626 4904 autem
1640 4849 1745 4920 proba·

101 4940 190 4999 ettam
203 4941 308 5011 atcere,
321 4937 399 5007 juxta
412 4949 521 4990 omnem
542 4932 652 4988 modum
667 4947 747 5003 quem
763 4930 897 5003 promisit.
950 4929 1091 4996 «tionem,
1116 4931 1240 5003 probatio
1261 4948 1328 4989 vero
1358 4950 1445 5005 spem.
1469 4935 1538 5008 Spes
1570 4945 1660 4992 autem
1690 4953 1745 4992 non

101 5028 136 5085 st
149 5026 212 5085 ideo
227 5025 290 5099 quia
304 5025 394 5082 sciens
416 5021 560 5095 promissis
575 5020 626 5076 Dei
639 5019 797 5092 plenissime
816 5017 898 5075 fidem
950 5041 962 5068 ι
978 5018 1118 5075 contundit
1134 5034 1140 5074 :
1156 5019 1219 5093 quia
1241 5021 1356 5077 charitas
1380 5023 1430 5078 Dei
1443 5022 1543 5080 diffusa
1557 5033 1598 5080 cst
1612 5024 1638 5079 in
1653 5025 1745 5081 eordi-

101 5114 234 5186 adbibuit,
250 5130 305 5170 non
328 5112 415 5168 solum
439 5108 604 5181 completum
619 5116 660 5164 est
675 5107 701 5164 ei
723 5107 896 5179 promissum,
950 5107 1029 5163 «bus
1044 5107 1156 5176 nostris,
1171 5123 1221 5179 per
1243 5108 1373 5180 Spiritum
1396 5120 1520 5168 sanctum
1536 5112 1581 5184 qui
1602 5112 1680 5168 datus
1704 5121 1746 5170 est

102 5204 167 5281 qula
183 5203 222 5260 sic
234 5200 360 5265 credidit,
376 5199 426 5257 sed
439 5199 520 5256 etiam
542 5200 707 5270 reputatam
733 5200 777 5252 ert
798 5197 844 5252 itti
862 5195 898 5252 od
950 5217 962 5247 ι
979 5194 1067 5252 nobis.
1083 5196 1118 5253 Ut
1141 5196 1206 5269 quid
1221 5197 1294 5253 enim
1317 5198 1450 5267 Christus,
1465 5218 1528 5258 cum
1542 5201 1632 5258 adbuc
1646 5200 1746 5258 infirmi

98 5293 257 5370 tortitiam,
273 5290 301 5346 id
317 5297 359 5347 est
372 5287 467 5345 merito
490 5293 570 5342 tanta
590 5283 654 5341 tidei
677 5284 776 5340 meruit
796 5283 898 5354 justiti·
950 5300 1111 5355 «essemus,
1132 5285 1284 5342 secundum
1307 5293 1414 5360 tempus
1434 5305 1485 5361 pro
1509 5291 1599 5362 impiis
1623 5299 1746 5347 mortuus

101 5382 169 5442 cari.
186 5379 255 5453 Quia
268 5379 351 5436 modo
365 5376 431 5437 sads
445 5375 557 5432 modum
572 5371 636 5432 fidei
654 5373 770 5430 Abrabae
785 5387 898 5444 expres·
950 5394 962 5424 ι
979 5374 1043 5430 esti
1057 5372 1107 5430 Vix
1119 5373 1192 5430 euim
1205 5390 1256 5447 pro
1275 5375 1350 5446 iusto
1372 5377 1433 5450 quis
1455 5378 1579 5436 moritur.
1604 5380 1674 5437 Nam
1694 5396 1746 5452 pro
