3750 5984
89 253 142 308 tte
773 262 867 320 vnn.
889 292 925 306 -
943 262 1006 321 ΗΒ.
1028 264 1050 321 1.

92 411 1739 448 ———--—-—-—----..-...-.................

680 553 865 659 LIBER
901 554 1152 662 PRIMUS.
1252 560 1257 567 ’

321 821 521 880 CAPITULUhl
541 825 684 884 Plllllllhl.
906 825 1012 890 Alluic
1025 827 1156 884 nobilium
1180 829 1259 886 liberi
1286 833 1441 890 certatima
1462 834 1619 906 parentibus
1647 835 1758 892 trader

96 945 893 1020 Qualilefflwooenitricissolanodestitutummqm.
944 914 1051 982 bantur,
1068 917 1247 974 saecularibus
1275 920 1395 978 simulet
1423 923 1617 980 ecclesiasticis
1644 922 1740 980 litteris

129 1018 156 1072 Τ)
170 1018 286 1143 ,opegpo
296 1019 465 1075 ,mmmm
475 1035 535 1075 ,ma
545 1037 610 1077 „m
619 1023 748 1093 ymno„
758 1023 891 1087 mmm,
942 1003 1093 1075 imbuendi,
1107 1020 1159 1062 nec
1173 1022 1228 1061 non
1243 1016 1270 1063 et
1284 1008 1380 1065 ethicis
1398 1009 1563 1067 informandi
1577 1011 1739 1084 disciplinis.

127 1090 226 1158 ispum
261 1089 393 1145 omioicb
403 1090 533 1161 insontia
541 1092 710 1162 portaverit,
722 1095 750 1147 ct
760 1093 893 1147 inseras·
943 1090 993 1148 llic
1007 1092 1073 1147 mihi
1088 1109 1180 1149 sacras
1195 1095 1299 1152 litteras
1313 1097 1383 1154 inter
1409 1100 1470 1171 ipsa
1495 1101 1647 1156 rudimenta
1663 1117 1741 1155 sum-

129 1162 178 1214 tur
192 1161 225 1214 αθ
239 1176 292 1215 ‘ua
304 1160 605 1233 institutioncpoceiti
619 1162 700 1218 verba
714 1162 852 1233 timim·
943 1195 1055 1251 mopere
1083 1181 1222 1255 ingerens,
1249 1185 1442 1243 blandimentis
1470 1188 1567 1259 quibus
1594 1196 1689 1260 posset
1716 1198 1743 1246 et

127 1285 207 1354 pugo
221 1283 261 1357 (1)
285 1283 425 1356 gemmeis
448 1285 552 1351 solatio,
579 1302 642 1342 cum
665 1286 782 1342 necdum
806 1286 893 1344 mli,
942 1268 1053 1323 monitis
1068 1276 1177 1326 teneros
1191 1272 1296 1328 animos
1310 1290 1388 1330 meos
1402 1275 1438 1330 ad
1458 1277 1596 1332 solidioris
1615 1277 1743 1349 spiritua·

91 1381 178 1428 metas
192 1373 365 1441 excessisset,
387 1373 498 1429 orbatus
517 1381 568 1443 est,
594 1375 765 1447 collegioque
780 1376 892 1448 regula·
942 1355 1030 1452 lisquf
1046 1373 1169 1414 ²m0l⁰¹¹¹
1183 1359 1316 1417 d002li11ae
1329 1364 1480 1419 accendere
1494 1364 1648 1434 nitebatur;
1665 1365 1741 1422 ilii·

89 1462 159 1516 nium
173 1460 334 1517 clericorum
351 1477 476 1518 unacum
490 1464 614 1536 genitore
628 1464 704 1519 brevi
718 1465 892 1536 postmodum
942 1439 1025 1496 defflh
1039 1458 1104 1498 vem
1117 1443 1281 1516 i⁰⁰³⁰diq¹¹0
1296 1446 1415 1503 vanitate
1442 1449 1541 1503 'nemis
1567 1465 1636 1505 ¹¹¹⁰ae
1651 1449 1742 1506 imin·

91 1551 219 1607 sociatus.
237 1552 301 1606 Erat
315 1551 401 1607 ferme
412 1552 544 1621 octennis,
557 1568 618 1609 cum
628 1552 731 1607 militiae
745 1552 892 1624 spiritualis
942 1529 1041 1629 ²i⁰f¹em
1057 1531 1134 1587 Varia
1148 1540 1207 1588 ΜΕ
1225 1535 1405 1605 ⁸⁰⁸P0¹¹de¹¹⁸v
1435 1536 1558 1592 h0⁰e⁵²i⁵
1585 1537 1740 1608 implicibfll

92 1639 175 1694 subi„
189 1639 321 1696 tirocinia·
352 1639 419 1695 Bon,
447 1640 548 1712 quipp,
573 1640 714 1712 pmnfis,
746 1641 892 1697 salubffie,
942 1633 1126 1692 cujuscunque
1142 1620 1181 1676 rei
1195 1622 1342 1679 exercitiis.
1359 1624 1465 1680 Coaevis
1492 1632 1582 1681 autem
1597 1625 1740 1682 etsodali-

89 1743 140 1800 pro
156 1743 188 1784 eo
207 1726 382 1801 invigilantis,
407 1728 515 1785 solertia
540 1729 616 1800 wius
639 1729 753 1786 docem,
776 1730 891 1787 militam
942 1704 995 1803 hus
1008 1707 1099 1777 pueris
1114 1707 1271 1780 frequenter
1285 1727 1319 1766 ex
1334 1727 1409 1767 more
1419 1711 1585 1781 ludentibus,
1601 1713 1667 1769 milri
1680 1713 1744 1770 talia

90 1810 158 1883 Deo,
175 1832 255 1888 quam
279 1817 432 1873 addiscem,
461 1817 553 1874 vivere
581 1817 693 1874 mundo.
723 1817 767 1874 εκ
782 1818 891 1874 demum
941 1792 1039 1849 leniter
1053 1795 1200 1852 instillabat
1217 1805 1339 1869 paternas
1366 1798 1520 1856 dilectionis
1548 1801 1741 1858 hortamenta:

90 1903 214 1960 infantile
230 1905 423 1977 corpusculum
445 1906 556 1980 flagella
577 1906 721 1979 paedagogi
735 1914 888 1978 attrectant,
944 1882 1034 1938 ‘N‘m
1054 1891 1091 1952 ιθ)
1116 1885 1212 1956 iniunt
1243 1886 1417 1944 ‘mmmm
1444 1886 1492 1957 hh,
1523 1889 1621 1946 smmi
1649 1890 1743 1947 illim

89 1992 129 2049 sic
142 1992 293 2065 discipliuae
306 1995 454 2066 compedes
467 2002 557 2050 motus
570 1995 598 2050 in
618 2010 651 2052 eo
674 1994 794 2067 pueriles
808 2010 890 2052 coer·
941 1986 1066 2043 vagaque
1080 1972 1178 2029 leiim
1193 1973 1331 2030 ⁸⁰⁰i⁰f⁰¹¹¹
1343 1993 1350 2044 ἱ
1360 1976 1419 2032 ⁵5⁰⁸
1432 1975 1506 2033 ³¹¹⁰&
1522 1977 1593 2033 S⁰sfi
1608 1985 1660 2034 ¹¹¹oe
1674 1978 1741 2035 5⁵⁶⁰·

89 2089 162 2152 cent,
177 2089 206 2138 ut
221 2090 247 2138 et
274 2082 416 2139 uirtutibus
443 2082 509 2139 vitia
536 2083 696 2153 praeteriret,
727 2092 753 2140 et
766 2091 820 2140 tota
834 2085 891 2141 vita
941 2075 1003 2114 rum
1018 2060 1108 2116 ⁸¹¹¹di⁸
1123 2061 1213 2118 mim
1223 2063 1395 2120 menium·
1416 2088 1427 2113 '’
1437 2064 1616 2139 Addebatque
1631 2081 1638 2120 ²
1656 2067 1740 2122 ‘1¹¹¹'

91 2171 150 2241 ejus
163 2187 285 2243 poesem
300 2188 315 2225 a
330 2171 372 2226 sui
401 2180 461 2227 om,
489 2187 576 2244 usque
588 2172 622 2227 ,d
649 2186 777 2230 occasum
804 2189 924 2250 ,mumB
940 2155 1050 2222 gonete,
1065 2149 1217 2223 nugonete,
1234 2166 1287 2223 ego
1301 2159 1326 2208 te
1341 2152 1449 2209 Christo
1472 2153 1573 2221 nutrio,
1586 2154 1671 2224 jocari
1685 2169 1741 2212 uon

88 2267 162 2316 essct
177 2267 259 2331 atque
270 2260 336 2334 juge
351 2260 522 2332 martyrium.
534 2261 596 2332 lpse
610 2259 720 2333 quidem
735 2261 769 2318 de
784 2262 885 2333 scipso,
938 2243 979 2292 ⁰⁸¹
994 2245 1078 2294 mum·
1097 2259 1108 2289 '

90 2347 259 2404 familiariter
274 2348 373 2420 septus
387 2363 449 2405 cum
464 2347 521 2404 suis
540 2364 635 2422 agens,
652 2348 714 2404 talia
728 2348 886 2406 referebat:
1257 2347 1369 2405 cnrbr
1388 2348 1422 2403 ll.

92 2460 103 2486 t
120 2438 234 2504 Revela,
250 2436 347 2506 aiebih
364 2452 416 2510 080
431 2437 525 2493 mundi
539 2437 619 2507 huius
633 2436 736 2510 gaudia
749 2454 888 2511 nunquam
937 2452 975 2506 lte
989 2451 1112 2522 ejusdcm
1125 2454 1298 2577 propeccatis
1312 2455 1596 2522 scicnticctobtutc,
1614 2461 1642 2514 ct
1651 2475 1736 2531 qoam

88 2525 174 2598 attigi,
189 2527 267 2595 jocos
281 2541 421 2597 nunquam
436 2524 529 2593 didici,
544 2523 639 2581 ludere
651 2541 791 2598 nunquam
808 2526 885 2583 scivi.
974 2520 1164 2607 devotpscesc
1184 2524 1543 2598 classindiciciscfflciisoc
1553 2530 1735 2598 srotramob-

86 2614 176 2680 Pater,
193 2613 289 2686 inquit,
304 2629 390 2680 meus,
407 2628 470 2670 curn
497 2613 617 2687 pueriles
644 2614 786 2686 ingressus
800 2630 888 2671 annos
972 2593 1238 2664 'einamma‘

86 2702 286 2771 elementajam
301 2702 389 2773 prima
402 2702 554 2781 litterarum
581 2703 776 2774 percepissem,
805 2704 888 2776 patri·
973 2697 1032 2753 iim
1047 2713 1114 2754 l0l0
1128 2698 1279 2770 pubertatis
1292 2707 1425 2773 ¹0¹⁰P⁰i⁰s
1448 2702 1660 2759 ³⁶⁰¹⁰⁵⁰0ssiiam
1676 2720 1736 2761 ¹1¹³·

87 2792 209 2847 monium
224 2791 317 2847 liberis
341 2791 397 2846 suis
426 2791 466 2864 (2)
489 2791 517 2846 in
545 2791 664 2848 funiculo
692 2791 888 2849 distributionis
938 2784 991 2841 diis
1005 2785 1032 2841 in
1048 2800 1081 2842 00
1095 2787 1173 2841 iniis
1187 2787 1342 2856 dirimente.
1367 2797 1497 2862 quantum
1521 2791 1695 2849 discretionis
1710 2800 1737 2850 el

89 2881 201 2953 partitus
216 2888 277 2947 ειη
293 2879 446 2950 portionem
473 2896 551 2948 vero,
568 2897 628 2952 quae
640 2879 711 2936 inter
729 2880 829 2937 tratres
843 2897 887 2937 me
938 2873 1068 2942 scientiae,
1085 2883 1216 2948 quantum
1231 2877 1338 2934 virtutis
1352 2884 1380 2933 et
1393 2879 1488 2952 gratie
1497 2879 1559 2935 fons
1582 2880 1608 2936 ei
1630 2880 1736 2939 infude-

89 2969 266 3042 eontingebat
284 2967 445 3036 minimum,
461 2968 628 3041 regularium
655 2969 695 3041 (3)
724 2969 889 3026 clericorum
938 2963 980 3033 rii,
998 2979 1079 3035 quem
1094 2963 1211 3035 sitiebat,
1230 2965 1302 3035 vitae,
1318 2966 1409 3022 nullus
1423 2966 1458 3022 de
1482 2967 1554 3025 facili
1568 2977 1661 3040 posset
1674 2976 1734 3042 biy-

87 3058 205 3131 collegio
220 3057 346 3114 eontulit,
369 3078 381 3110 s
397 3058 456 3114 Nee
484 3057 530 3113 diu
559 3065 692 3125 moratus,
722 3058 813 3113 omnia
827 3073 888 3131 quae
937 3049 980 3106 lus
994 3052 1131 3108 evolvere.
1149 3052 1264 3125 vigebat
1277 3068 1326 3125 pro
1340 3061 1406 3111 tnnc
1418 3055 1521 3128 ingenii
1536 3057 1661 3115 acumine
1676 3074 1735 3115 ma·

86 3140 181 3198 mundi
195 3149 257 3198 suut
270 3141 391 3197 funditus
406 3141 548 3212 abjiciens,
564 3141 666 3197 Christi
684 3140 808 3197 militiam
822 3142 887 3198 sub·
937 3154 1004 3213 gno,
1020 3140 1151 3211 velocius,
1167 3157 1283 3214 queque
1296 3142 1387 3209 vellet,
1412 3143 1578 3202 addisceret.
1598 3147 1734 3204 llemoriae

85 3232 183 3297 iturus,
201 3231 252 3286 tiro
267 3231 294 3285 in
309 3229 405 3286 eastris
419 3229 588 3298 scelestibus,
617 3228 645 3284 in
674 3228 819 3285 mundanis
829 3230 887 3300 jam
938 3227 1099 3285 vastissimis
1113 3229 1249 3303 gaudebat
1263 3231 1413 3302 apothecis,
1427 3232 1482 3302 ubi,
1498 3249 1559 3307 quae
1573 3234 1647 3291 nulla
1661 3235 1734 3292 obli-

87 3320 223 3389 emeritus,
240 3325 352 3390 repente
366 3317 489 3386 edicitur,
510 3318 572 3375 vitae
593 3317 730 3390 regularis
742 3319 818 3389 cujus
830 3320 888 3389 jam
938 3315 1018 3373 vione
1032 3316 1173 3374 didicisset
1198 3318 1346 3390 perdenda,
1372 3320 1546 3378 reconderet.
1565 3324 1629 3380 llaec
1643 3331 1735 3382 tamen

86 3409 150 3466 olim
165 3404 289 3483 gesserat
302 3415 423 3463 mentem
448 3406 600 3478 suscipiens
629 3414 744 3475 vestem,
760 3413 797 3474 et,
814 3407 888 3480 quod
937 3405 1070 3462 naturalia
1084 3405 1185 3462 nulhus
1198 3405 1313 3464 fuissent
1334 3409 1476 3477 momenti,
1501 3410 1554 3466 nisi
1571 3413 1668 3484 gratiae
1681 3429 1733 3485 ap·

86 3497 140 3555 sibi
154 3513 315 3554 concessum
330 3513 385 3553 nou
409 3495 493 3552 fuisse
516 3494 673 3552 medullitus
696 3496 833 3568 gemebat,
859 3496 887 3552 in
937 3494 1038 3566 positio
1053 3501 1079 3550 et
1092 3495 1235 3566 praeclara,
1252 3512 1313 3567 quae
1326 3495 1506 3564 discerentur,
1520 3509 1692 3571 suggereret,
1707 3509 1734 3558 et

84 3587 146 3658 ipso
165 3585 258 3642 mundi
273 3585 400 3659 ingressu
414 3584 563 3642 demando
592 3584 776 3658 egredique
790 3584 884 3640 mundi
935 3582 1099 3639 cumulatius
1113 3598 1174 3655 quse
1188 3584 1373 3658 suggessisset
1399 3587 1580 3660 propagando
1607 3597 1732 3662 augeret.

86 3681 158 3745 sunt,
172 3674 338 3731 nescientem
352 3674 432 3731 facilc
459 3672 637 3744 persuadens,
655 3689 699 3728 me
727 3673 767 3743 (l)
781 3673 884 3745 pariter
934 3670 1088 3727 Fervebant
1102 3671 1131 3726 in
1144 3679 1256 3743 pectore
1270 3673 1475 3729 meditationum
1498 3675 1623 3731 examina
1639 3676 1733 3733 beata-

86 3779 180 3821 secum
195 3763 343 3834 spiritualis
359 3762 420 3820 vitae
433 3770 590 3819 consortem
602 3760 707 3818 aseivit.
934 3774 1006 3829 rum,
1020 3758 1171 3831 flagrabant
1185 3759 1336 3817 coelestium
1359 3762 1536 3819 odoramenta
1557 3765 1732 3836 gaudiorum.

122 3854 171 3909 Est
193 3852 309 3908 ecclesia
338 3852 377 3922 (5)
403 3850 431 3907 in
458 3849 593 3907 territorio
621 3849 882 3921 Gratianopoiitano,
970 3847 1057 3920 Coepit
1071 3848 1173 3906 interea
1187 3849 1286 3905 divinis
1299 3850 1368 3906 adeo
1383 3851 1495 3907 sedulus
1516 3852 1614 3909 adesse
1628 3853 1732 3923 officiis,

87 3940 226 3999 canonicae
252 3939 433 4012 professionis
473 3939 588 3996 clericos
616 3937 722 4006 fovens,
752 3953 883 3994 numero·
933 3937 971 3992 ita
984 3951 1092 4010 quoque
1108 3936 1238 3994 sollicitus
1254 3936 1367 3994 fratrum
1390 3939 1521 3996 inservire
1541 3940 1689 4013 obsequiis,
1706 3950 1736 3999 ut

86 4047 138 4102 que
148 4032 187 4102 (6)
202 4030 237 4085 ad
253 4029 343 4084 minus
358 4038 472 4101 septem.
497 4030 607 4100 Spectat
622 4043 730 4100 quoquc
749 4027 883 4084 cuiusuis
933 4025 1078 4098 utrobique
1092 4025 1160 4081 nibil
1178 4026 1269 4083 minus
1292 4041 1373 4099 quam
1394 4043 1425 4085 se
1447 4036 1532 4084 totum
1552 4029 1731 4100 impenderet.

83 4119 180 4174 incolis
194 4118 271 4175 locus
285 4119 344 4195 ipse
367 4119 402 4174 ad
425 4117 567 4174 matricem
590 4123 619 4172 et
640 4116 823 4173 cathedralem
838 4131 884 4173 ec-
933 4113 1007 4169 Nibil
1021 4129 1140 4186 unquam
1150 4114 1264 4180 oblivio,
1276 4115 1343 4170 nihil
1356 4116 1459 4187 quaevis
1474 4124 1577 4187 poterat
1591 4119 1735 4189 occupatio

84 4208 195 4264 alesiam
225 4207 511 4278 Gratianopolitanam.
541 4206 619 4261 Hauc
647 4221 755 4277 semper
783 4203 882 4260 aflectu
933 4201 1068 4258 sedulitati
1081 4202 1168 4273 ipsius
1182 4201 1277 4268 furari,
1296 4203 1361 4276 quin
1375 4205 1434 4260 lieo
1447 4220 1507 4276 quae
1523 4205 1573 4260 Dei
1587 4213 1679 4275 eraut,
1697 4215 1734 4275 et,

85 4296 169 4353 coluit
177 4296 290 4368 speciah
317 4296 426 4369 genitor
452 4310 538 4360 meus,
566 4310 627 4366 quae
641 4301 668 4350 et
694 4293 751 4349 suis
780 4292 882 4348 castel·
932 4289 1733 4364 quaeproximorumproximisinpraetermisseetinoffense,

50 4422 53 4427 -
84 4386 118 4440 lis
132 4386 171 4456 (Ἰ)
188 4400 220 4441 ac
235 4385 315 4440 terris
335 4384 388 4440 situ
403 4391 461 4440 erat
478 4381 594 4440 confinis
607 4400 614 4450 ;
630 4391 656 4438 et
671 4381 740 4452 ipse,
756 4389 786 4436 ut
811 4380 883 4436 hhus
931 4385 1012 4449 prout
1028 4378 1080 4433 sibi
1094 4378 1276 4449 competebat,
1292 4393 1343 4450 pro
1357 4387 1478 4451 tempore
1493 4387 1520 4436 et
1538 4381 1599 4438 loco
1614 4383 1732 4443 reddere

84 4475 207 4541 devotus,
230 4473 340 4542 maioris
360 4472 483 4529 ecclesiae
511 4471 625 4542 gratiam
654 4470 682 4524 in
709 4468 771 4526 tiliae
798 4469 883 4539 ipsius
932 4465 1111 4523 meminisset.
1126 4466 1184 4522 Nec
1199 4473 1303 4522 tantum
1317 4466 1446 4539 deputata
1464 4468 1517 4524 sibi
1531 4470 1640 4542 explere
1655 4480 1728 4529 sata·

84 4562 233 4618 reverentia
248 4578 277 4617 se
288 4561 431 4632 complecti
459 4558 606 4632 gaudebat.
636 4559 706 4613 luter
737 4556 883 4615 canonicos
932 4554 1015 4628 gebat
1027 4553 1124 4622 officia,
1141 4554 1190 4610 sed
1217 4555 1307 4611 omnia
1336 4563 1465 4629 tanquam
1493 4559 1657 4630 specialiter,
1673 4576 1690 4616 a
1704 4577 1735 4619 se

83 4650 155 4704 illius
176 4650 229 4707 loci
256 4650 348 4705 senior
375 4649 496 4721 quidam,
526 4647 660 4720 religione
675 4644 881 4713 celeberrimus,
932 4642 1061 4700 credebat
1075 4643 1157 4717 exigi,
1175 4660 1250 4715 quae,
1266 4651 1335 4700 teste
1349 4645 1527 4714 conscicntia,
1552 4664 1602 4720 pro
1618 4649 1731 4717 cujusli-

83 4737 196 4794 scientia
233 4753 341 4810 quoque
383 4734 558 4808 spectabilior
587 4735 692 4792 caeteris
721 4733 880 4789 habebatur.
932 4731 978 4788 het
991 4731 1105 4788 utilitate
1120 4739 1166 4787 aut
1182 4730 1327 4805 refrigerio
1342 4748 1359 4789 a
1372 4749 1403 4791 se
1417 4744 1530 4806 possent
1543 4736 1675 4792 exhiberi.

118 4915 158 4982 (tl
170 4918 206 4970 Ex
216 4919 348 4968 stemmate
360 4916 392 4968 de
404 4915 510 4967 hrahm.
523 4914 591 4966 Unde
607 4913 650 4964 lib.
673 4927 701 4975 u,
714 4925 768 4977 cap.
784 4915 795 4963 t
809 4931 815 4961 z
830 4912 921 4974 tta-1)
967 4909 1005 4973 (t)
1029 4912 1103 4963 Pater
1125 4911 1197 4974 icitur
1216 4924 1264 4963 una
1282 4925 1337 4963 cum
1354 4912 1404 4965 tillo
1429 4925 1456 4964 se
1477 4912 1578 4965 tradidit
1599 4919 1734 4969 memorato

84 4984 174 5036 talibus
186 4984 282 5047 qnuem
295 4985 375 5034 clarus
383 4982 484 5046 dicitur,
496 4981 539 5032 sed
551 4993 645 5032 morum
656 4979 880 5041 strenuitatclcnga
934 4977 1051 5041 cottegim
1063 4990 1111 5028 non
1120 4986 1174 5040 post
1186 4978 1263 5039 illum,
1274 4979 1309 5030 uti
1320 4979 1419 5041 quidam
1433 4983 1555 5031 amarum.

84 5051 236 5115 praetorios,
249 5050 426 5111 nominebus
437 5049 467 5099 de
480 5047 587 5126 sverin.
600 5049 632 5099 Et
643 5047 719 5124 assas
730 5047 881 5124 ueratrum
970 5059 1347 5126 (atvr1uneneaeanomrns,
1361 5063 1434 5127 vuago
1450 5061 1519 5112 viar
1537 5063 1675 5118 rectam
1687 5080 1734 5130 qua

83 5120 191 5168 theatro
203 5119 317 5168 carthus·
334 5135 340 5166 ι
360 5118 451 5178 «nugo
480 5116 568 5165 nobis
581 5114 803 5177 persuaseram
815 5124 881 5173 aem·
934 5127 1113 5191 rogauero.
1131 5141 1157 5192 v,
1170 5141 1193 5179 c.
1213 5129 1255 5190 es,
1275 5130 1391 5189 retertur,
1408 5141 1486 5180 sacre
1507 5129 1733 5194 religiosissima

83 5189 122 5235 i⁰i
135 5183 297 5261 oppidisutgo
310 5184 413 5260 Atticm,
432 5181 598 5245 itlii0l⁶lid⁰
620 5194 634 5230 i
654 5180 880 5242 Graii²fl⁰l⁰li¹⁴¹ss³
934 5193 1077 5258 primordia,
1090 5194 1129 5246 cui
1140 5198 1166 5246 et
1178 5195 1351 5247 bibhotbecant
1364 5196 1473 5259 donarit,
1490 5196 1554 5247 sient
1565 5197 1655 5251 ibidem
1676 5214 1732 5251 mc·
1784 5239 1786 5243 -

83 5249 487 5313 urbcdrscrctr,dcmruuserat.·
935 5264 1054 5311 moratur.

115 5342 297 5406 (2)Wilhelmo
313 5343 439 5392 salicmei
461 5343 543 5404 Petro,
563 5339 605 5402 qui
626 5338 757 5390 laudantur
776 5336 819 5388 lib.
845 5350 881 5400 nt,
967 5343 1002 5407 (6)
1017 5344 1234 5396 Videturemtum
1256 5345 1281 5396 in
1301 5357 1413 5409 numero,
1427 5351 1452 5398 et
1468 5347 1607 5411 legendum,
1625 5347 1731 5399 «decem

83 5422 139 5473 cap.
154 5411 194 5472 15,
209 5411 234 5458 et
245 5409 288 5459 lib.
305 5422 340 5469 ιι,
352 5420 408 5471 cap.
420 5409 448 5458 l.
932 5425 961 5464 ae
972 5415 1068 5476 septem
1078 5426 1103 5461 s.

115 5503 154 5567 (5)
166 5502 294 5553 canonice
304 5500 463 5565 professionis
475 5500 580 5552 clericis.
590 5499 658 5551 Unde
669 5500 747 5563 liquet
759 5500 883 5560 strigorem
967 5499 1003 5562 (7)
1016 5498 1082 5548 later
1094 5498 1147 5548 bac
1158 5499 1266 5547 castrum
1278 5496 1309 5547 de
1325 5498 1433 5560 hrabm,
1451 5514 1461 5545 ι
1473 5498 1553 5561 eidus,
1573 5498 1652 5563 iuquit
1664 5500 1734 5564 liugn

83 5570 161 5621 tuisse
172 5569 279 5633 primum
292 5567 436 5619 mnonieum
446 5567 592 5631 regularem.
602 5566 720 5619 subditur
733 5566 798 5618 euim
805 5577 882 5617 mox:
933 5565 978 5617 tib.
992 5578 1029 5625 ur,
1051 5576 1074 5615 c.
1098 5562 1237 5627 1³,trstcr
1253 5567 1339 5619 nostor
1358 5563 1506 5620 wouunus
1524 5576 1606 5619 amam
1626 5564 1734 5620 nmcitur

85 5656 96 5680 ι
112 5637 179 5690 luter
190 5635 320 5690 canonicos
331 5634 397 5687 iilius
408 5633 455 5687 loci
465 5634 581 5686 centor.»
935 5630 1055 5684 obbnere.
1071 5648 1082 5672 ·
