3742 5986
102 194 155 250 379
383 192 411 249 S.
431 190 609 250 BRUNONIS
627 189 952 250 caumustattoatttt
970 188 1212 248 INSTITUTORIS
1231 189 1307 248 OPP.
1328 190 1416 249 PARS
1435 192 1469 249 11.
1698 196 1750 250 380

102 333 191 391 gnum
206 317 281 384 Filii,
298 316 327 372 id
342 323 384 373 est
398 323 428 372 ut
442 316 524 372 Filius
540 333 606 372 suus
621 324 751 388 regnaret
764 316 792 370 in
808 315 897 370 nobis.
909 315 938 375 A
952 311 1352 389 ideoprimatumtenens,quio
1361 316 1535 389 cornpiocuit
1545 314 1599 375 beo
1615 316 1690 372 Patri
1701 316 1752 372 hn-

103 406 171 462 Fitii
181 406 243 462 dico
254 405 417 462 dilectionis
431 421 499 462 sum.
513 404 615 461 Omnes
626 405 698 460 enim
709 413 809 475 preter
819 403 901 458 istum
951 403 1081 459 litoreis
1090 403 1226 475 ipsoPilio
1240 404 1452 477 plenitudinem
1460 407 1590 462 omnium
1600 405 1744 475 bonorum,

10 540 12 544 .
104 491 153 548 tilii
170 493 276 550 luerunt
290 495 348 549 irae.
365 494 469 549 Omnes
489 494 560 549 enim
580 494 608 548 in
632 501 747 565 peccato
761 491 836 559 nati;
853 492 901 547 sed
951 490 1019 546 sicut
1033 492 1152 546 ioannes
1166 492 1203 547 ait
1218 507 1225 546 :
1243 492 1484 563 «Deplenitudine
1496 493 1553 563 ejus
1564 508 1750 549 omnesacce-

6 657 9 662 .
103 581 148 638 hic
162 582 237 638 solus
251 582 335 637 Filius
349 582 513 649 dilectionis,
530 581 594 654 qnia
609 597 626 636 a
641 580 900 652 peccatoimmnnis.
950 578 1167 650 pimusslioort.
1177 596 1196 645 1,
1211 582 1266 650 16).
1282 582 1317 636 at
1326 580 1429 651 placuit
1443 582 1501 637 Deo
1511 597 1560 652 per
1573 597 1635 637 eum
1653 581 1752 636 Filium

107 671 148 726 De
175 686 230 742 quo
253 671 331 726 Peter
353 671 390 725 ait
407 688 414 725 ι
433 691 444 722 ι
462 671 512 725 llic
535 678 577 725 est
601 670 685 725 Filius
708 685 787 724 meus
814 668 902 725 dilec-
951 667 1136 723 reconciliare
1148 669 1315 733 siiiomrtio,
1335 676 1387 724 tam
1402 668 1517 740 gentiles
1532 683 1613 742 qnam
1629 669 1750 725 lndaeos.

107 759 461 829 tus,»etc.(ilatth.111,7.)
471 758 580 813 bladum
591 757 739 828 ereptionis
753 756 902 813 subdittlru
988 753 1087 810 Omnia
1102 756 1270 812 tamendieo
1285 757 1467 812 manentiam
1482 756 1617 829 ipso.Qui
1634 757 1708 812 enirn
1723 757 1751 811 in
1799 797 1801 799 »

103 861 156 918 qno
166 846 234 902 Pilio
245 847 378 903 habemus
387 847 607 918 redemptionem
619 864 626 913 ;
638 846 754 916 pretium
764 844 904 900 enimsan·
949 841 1010 913 ipso
1024 858 1079 897 non
1095 843 1234 912 manserit,
1250 860 1349 914 expers
1364 844 1416 900 erit
1429 844 1669 900 reconciliationis.
1689 844 1751 899 Pla·

103 935 195 1008 guinis
209 935 237 989 in
252 950 334 991 cruce
357 935 449 990 datum
472 942 514 990 est
538 934 665 990 omnibus
688 933 834 989 sufficiens.
851 934 903 988 Par
951 931 1007 986 cuit
1033 931 1210 987 reconciliare
1229 934 1385 1003 pacificans
1403 931 1544 988 mnodum
1565 933 1627 999 sibi,
1643 932 1688 989 rel
1703 934 1753 988 iu-

104 1038 185 1094 quam
200 1023 280 1078 etiam
304 1022 438 1078 habemus
461 1022 659 1078 remissionem
674 1025 856 1094 poeoniorum
873 1021 901 1075 in
950 1017 1026 1074 daeos
1041 1027 1067 1074 et
1081 1020 1197 1091 gentiles
1211 1019 1283 1075 inter
1301 1037 1331 1075 se
1344 1036 1396 1091 per
1417 1021 1577 1092 sangninem
1592 1037 1647 1076 non
1661 1019 1752 1076 susum

103 1110 258 1181 baptismo;
274 1110 322 1182 oui
334 1109 418 1165 Pilius
433 1110 582 1166 secundnm
592 1108 844 1164 divinamnaturam
859 1112 901 1164 est
951 1107 1043 1178 aliquo
1057 1123 1159 1178 genere
1174 1109 1295 1165 honestae
1308 1109 1422 1174 mortis;
1439 1109 1489 1164 sed
1511 1126 1563 1181 per
1580 1111 1753 1180 sauguinem

104 1198 198 1268 imago
214 1199 264 1254 lici
277 1198 439 1264 inomiiilss,
456 1198 483 1252 id
499 1205 540 1253 est
549 1197 631 1268 plena
640 1196 845 1268 repraesentatio
852 1197 902 1251 Pa·
951 1197 1044 1251 crocis
1056 1198 1118 1268 ejus
1130 1216 1139 1263 ,·
1151 1196 1223 1266 quod
1232 1212 1320 1268 genus
1330 1197 1427 1252 mortis
1436 1197 1752 1268 contemptibilissimum

103 1284 163 1352 tris,
176 1285 240 1357 quia
254 1285 384 1357 quidquid
399 1285 427 1340 in
444 1287 538 1354 Patre,
555 1292 639 1341 totum
655 1293 696 1340 est
711 1285 738 1339 in
753 1284 831 1350 Filio,
847 1299 903 1339 non
952 1281 1074 1339 276
1086 1291 1154 1338 erat.
1170 1282 1389 1340 Paeifieansdico
1400 1286 1463 1351 Deo,
1483 1286 1607 1357 sioeqw
1623 1286 1656 1341 in
1674 1287 1753 1341 caeiis

105 1379 195 1428 tamen
211 1375 313 1446 imago,
334 1373 407 1445 quod
432 1372 507 1428 aliud
522 1373 566 1440 sit,
589 1373 641 1428 nisi
661 1381 790 1444 quantum
813 1373 845 1427 ad
861 1372 902 1428 di·
950 1375 1028 1437 sunt,
1041 1371 1068 1425 id
1084 1378 1125 1427 est
1141 1379 1254 1427 sanctos
1268 1388 1385 1444 quorum
1403 1373 1501 1428 animm
1513 1373 1570 1443 jam
1590 1373 1749 1446 regnantia

104 1462 278 1517 stinctionem
308 1476 498 1532 personarum,
533 1461 582 1516 sed
613 1460 694 1532 plena
724 1461 852 1516 identitas
874 1461 903 1515 in
951 1458 1038 1525 coelis,
1055 1460 1114 1516 sive
1133 1476 1194 1533 quoe
1210 1461 1339 1517 interris
1355 1469 1425 1530 sunt,
1441 1461 1468 1516 id
1483 1468 1526 1517 est
1540 1476 1588 1516 eos
1602 1460 1648 1533 qui
1662 1460 1753 1518 adbuc

105 1549 266 1604 substantia.
286 1550 435 1605 Possumus
459 1557 628 1615 construere,
646 1549 796 1605 incuibiiis
810 1550 902 1621 imago
928 1584 932 1590 ·
951 1547 1162 1620 peregrinantur
1180 1548 1208 1603 in
1223 1557 1303 1604 terra.
1320 1550 1370 1605 Vel
1384 1550 1420 1605 ita
1437 1564 1443 1604 :
1459 1550 1521 1606 Siue
1540 1565 1601 1621 quie
1620 1551 1651 1605 in
1672 1551 1751 1606 caelis

104 1639 164 1705 Dei,
181 1637 225 1694 vel
239 1639 330 1710 imopo
346 1639 395 1694 liei
409 1639 571 1695 inuisibilis.
593 1639 625 1693 Et
641 1651 674 1693 ex
690 1637 733 1692 bis
747 1637 839 1692 verbis
853 1638 902 1692 ha·
911 1668 938 1728 B
953 1639 1032 1698 sant,
1047 1635 1075 1691 id
1090 1645 1132 1691 est
1146 1637 1270 1708 angelos,
1286 1638 1414 1711 cloccum
1428 1640 1459 1694 in
1477 1639 1562 1694 terris
1577 1645 1649 1706 sunt,
1667 1637 1696 1693 id
1710 1644 1756 1693 est

104 1724 202 1780 bemus
215 1725 311 1781 Filium
335 1725 595 1783 consubstantialem
617 1725 699 1791 Petri,
717 1725 791 1797 quia,
806 1725 830 1780 si
845 1741 904 1781 om·
952 1723 1087 1778 homines.
1111 1727 1180 1780 ante
1204 1725 1337 1781 Christum
1362 1726 1433 1781 inter
1455 1725 1569 1798 angelos
1583 1733 1611 1780 et
1624 1725 1754 1781 homines

105 1812 149 1867 nia
164 1813 198 1869 de
224 1813 373 1869 substantia
397 1813 457 1869 Filii
474 1829 535 1886 quae
550 1814 584 1869 de
599 1813 749 1868 substantia
764 1813 848 1869 Patris
862 1812 903 1867 di·
952 1811 1096 1866 dissidium
1112 1820 1171 1867 erat
1188 1827 1194 1866 :
1210 1812 1259 1868 sed
1277 1811 1438 1882 justificatus
1459 1812 1552 1881 homo,
1576 1829 1639 1868 mox
1653 1827 1753 1885 pacem

106 1909 214 1968 cuntur,
230 1900 353 1973 prolecto
370 1901 611 1958 consubstantialis
625 1902 714 1957 estei.
951 1898 1118 1956 habuitcum
1134 1900 1243 1972 angelo.
1259 1901 1338 1956 Nunc
1353 1889 1462 1956 tandem
1477 1900 1619 1957 descendit
1633 1901 1669 1956 ad
1683 1901 1754 1957 illud

140 1990 223 2045 Pilius
244 1989 307 2046 dieo
319 1992 526 2062 primogenitas
547 1992 640 2046 omnis
654 1994 803 2058 creaturae,
819 1988 848 2044 id
862 1997 904 2045 est
953 1988 1027 2058 quod
1040 1987 1196 2044 intendebat
1211 1988 1417 2060 expraemissis,
1435 1989 1530 2045 dicens
1546 2006 1553 2044 :
1568 1990 1627 2045 Nos
1641 1990 1753 2047 Jndaeas

105 2085 168 2134 ante
182 2094 291 2133 onmem
306 2085 457 2134 creaturam
473 2078 582 2150 genitus
597 2094 630 2133 ex
645 2078 739 2144 Patre,·
754 2077 813 2148 ipse
828 2076 903 2133 solus
952 2073 1122 2146 pacificavit,
1148 2086 1174 2131 et
1196 2091 1246 2134 vos
1268 2077 1384 2148 gentiles
1408 2077 1532 2133 similiter
1554 2077 1752 2134 reconciliavit.

104 2166 228 2236 genitus,
245 2172 345 2222 caetera
358 2173 449 2222 creata
472 2180 527 2220 non
540 2166 623 2221 modo
636 2164 709 2221 illius
724 2165 836 2238 genita;
852 2181 903 2222 nec
958 2164 1006 2221 Vos
1016 2163 1088 2232 dieo,
1104 2180 1179 2231 curn,
1196 2164 1224 2220 id
1239 2171 1281 2220 est
1296 2165 1430 2236 quamvis,
1442 2167 1712 2239 essetisoiiqsmndo,
1724 2166 1753 2221 id

106 2252 165 2323 ipse
181 2261 297 2320 creatus,
315 2259 341 2308 et
356 2253 382 2307 in
396 2253 440 2308 his
454 2253 546 2309 verbis
564 2253 696 2309 habemns
712 2269 774 2308 eum
788 2260 902 2309 ccaeter-
953 2260 994 2307 est
1007 2260 1132 2323 tempore
1141 2251 1317 2322 infidelitatis,
1329 2255 1475 2310 alienatis
1488 2255 1547 2310 Deo
1556 2254 1754 2326 perignoran-

105 2356 170 2396 num
183 2340 265 2396 Patri.
282 2341 353 2397 Vere
368 2341 477 2414 genitus
492 2349 533 2397 est
546 2349 608 2397 ante
618 2357 726 2398 omnem
736 2348 901 2408 creaturam,
953 2339 1019 2395 tiam
1037 2358 1044 2396 :
1060 2345 1088 2396 et
1103 2340 1201 2396 essetis
1215 2343 1337 2407 inimici,
1361 2342 1389 2397 id
1403 2350 1445 2397 est
1458 2342 1668 2398 inimicaremini
1682 2343 1753 2413 Deo,

106 2431 172 2503 quia
182 2432 393 2487 universossmt
403 2430 519 2487 condite
529 2432 561 2486 irs
571 2432 640 2502 ipso,
653 2429 729 2486 idest
739 2446 788 2501 per
801 2430 900 2501 ipsum,
953 2444 1048 2495 sensu,
1064 2429 1092 2483 id
1107 2437 1149 2484 est
1164 2443 1200 2484 ex
1215 2429 1362 2486 voluntate.
1373 2430 1479 2486 Inimici
1489 2431 1755 2503 etiaminoperibus

103 2518 178 2588 juxta
200 2518 267 2574 illud
293 2535 300 2574 ι
325 2541 337 2567 α
364 2517 461 2574 Omnia
483 2518 511 2572 in
534 2518 669 2589 sapientia
701 2517 789 2574 iecisti
812 2518 901 2591 (Psoi.
952 2517 1047 2572 molis.
1064 2517 1123 2582 Vel,
1140 2518 1264 2589 quamvis
1280 2519 1378 2574 essetis
1391 2518 1492 2575 inimici
1501 2535 1593 2587 sensu,
1604 2526 1696 2575 tamen
1710 2535 1756 2576 re·

105 2621 164 2672 c111,
183 2607 240 2678 aa),
268 2607 349 2663 nhoc
369 2607 461 2662 estin
485 2606 561 2662 Pilio.
585 2606 718 2663 Universa
743 2607 814 2673 dico,
840 2606 903 2678 quia
954 2604 1754 2679 conciliavitvos,runcantemreconciliavitineorpore,

105 2695 229 2752 visibitis
244 2694 478 2750 etinoisiiilioiu
488 2695 573 2760 coeiis,
586 2701 615 2749 ut
626 2692 728 2766 angeli,
742 2694 782 2750 sol
793 2701 819 2750 et
829 2693 901 2763 luna,
953 2693 1074 2747 nondum
1088 2693 1245 2760 immortali,
1273 2694 1322 2749 sed
1337 2709 1453 2765 corpore
1471 2695 1568 2752 corruis
1581 2697 1652 2767 ejus,
1670 2694 1757 2751 idest

105 2790 133 2838 et
147 2781 264 2838 risibilia
279 2790 305 2837 et
327 2781 472 2838 invisibilia
486 2782 514 2836 in
530 2789 610 2848 terra,
627 2789 656 2837 ut
671 2782 783 2852 spiritus
796 2782 903 2837 anima·
954 2780 1043 2836 adhuc
1054 2781 1185 2836 mortalis.
1199 2782 1235 2837 Et
1253 2781 1277 2837 si
1300 2782 1327 2837 in
1347 2797 1464 2854 corpore
1483 2783 1591 2839 mortali
1608 2784 1661 2839 hoc
1680 2781 1754 2851 lecit,

90 2870 181 2938 lium,
198 2878 225 2926 et
239 2871 330 2927 omnia
354 2879 434 2927 terrae
456 2885 579 2942 corpora.
605 2871 638 2926 lo
652 2872 730 2927 caeiis
744 2870 814 2926 bene
830 2870 901 2937 dieo,
954 2868 1020 2940 quid
1042 2868 1123 2925 faciet
1137 2869 1165 2924 in
1186 2870 1351 2926 immortali?
1365 2872 1460 2944 Longe
1479 2871 1605 2943 amplius.
1620 2871 1756 2930 Reconci-

105 2959 169 3031 qnia
175 2960 232 3016 aloe
243 2959 349 3026 throni,
357 2962 414 3016 siue
423 2959 639 3025 dominationes,
647 2961 901 3030 siucprimciputus,
956 2955 1030 3012 liavit
1044 2957 1073 3012 in
1087 2973 1204 3028 corpore
1216 2974 1268 3032 per
1281 2963 1422 3026 mortem‚·
1437 2967 1466 3015 ut
1480 2959 1553 3014 enim
1567 2975 1617 3016 vos
1631 2960 1756 3017 reconci-

106 3050 166 3104 sioe
179 3052 345 3121 potestates,
357 3049 454 3105 omnio
463 3052 561 3104 creato
578 3051 647 3104 aaut
658 3063 710 3120 per
719 3048 820 3117 ipsum,
833 3052 859 3102 et
868 3018 938 3101 itao
954 3044 1043 3115 lieret,
1058 3046 1114 3117 pati
1130 3045 1214 3102 voluit
1228 3055 1354 3118 mortem,
1370 3048 1448 3103 idest
1458 3055 1487 3103 ut
1497 3048 1621 3105 exhibeat
1631 3064 1756 3106 mscer-

106 3151 158 3207 per
172 3135 261 3208 ipsum
275 3136 349 3207 quod
364 3143 451 3192 creata
478 3135 669 3191 contineantur
683 3136 715 3190 in
729 3137 798 3206 ipso,
815 3134 843 3189 id
862 3142 904 3190 est
954 3139 1015 3191 etos
1030 3134 1166 3205 positione
1180 3134 1322 3202 viantum,
1339 3141 1367 3192 et
1379 3137 1589 3205 immaculatos,
1603 3137 1755 3194 remotione

106 3224 178 3279 intra
202 3223 408 3295 amplitudinem
432 3223 508 3293 ejus;
525 3223 584 3294 ipse
598 3223 670 3279 enim
685 3223 713 3277 in
735 3222 863 3279 omnibus
877 3231 904 3279 et
954 3222 1098 3293 malorum,
1113 3226 1141 3279 ei
1149 3225 1412 3297 irreprehensibiles
1419 3241 1515 3282 corum
1525 3225 1586 3298 ipso
1596 3227 1664 3281 lieo.
1675 3223 1755 3295 Quod

103 3311 162 3382 jam
178 3318 264 3370 extra.
281 3312 317 3367 Et
330 3313 390 3385 ipsc
408 3316 451 3369 asi
470 3317 538 3368 ante
550 3328 647 3369 omues
661 3311 794 3383 dignitate
810 3327 905 3367 secun·
954 3326 1007 3367 nec
1027 3311 1163 3367 subtilitas
1178 3312 1236 3382 ejus
1251 3312 1340 3383 (eujus
1360 3312 1446 3369 oculis
1469 3312 1562 3369 omnia
1584 3312 1658 3369 nuda
1680 3312 1754 3385 sunt)

107 3400 173 3456 dum
189 3409 333 3473 utramque
356 3406 492 3470 naturam,
516 3407 542 3457 et
561 3400 653 3456 omnia
676 3408 766 3457 creata
780 3405 905 3457 constant
954 3399 1073 3455 inveniat
1093 3400 1122 3455 in
1145 3400 1186 3456 eis
1210 3400 1276 3473 quid
1299 3401 1493 3472 reprehendat.
1521 3402 1560 3456 lta
1581 3409 1672 3458 tamen
1690 3402 1754 3459 dico

105 3490 226 3562 inipso,
251 3487 279 3543 id
303 3496 345 3544 est
369 3488 484 3544 existere
504 3487 606 3543 habent
627 3503 681 3560 per
701 3488 804 3561 ipsam.
830 3487 905 3543 Sicut
955 3487 1091 3554 exhibeat,
1106 3489 1132 3544 si
1145 3503 1194 3544 ros
1207 3490 1384 3561 permanetis
1393 3490 1510 3561 fundati
1524 3493 1553 3547 ei
1563 3488 1633 3545 firmi
1644 3492 1676 3547 ira
1685 3489 1753 3560 fide.

30 3610 35 3625 ·
106 3576 178 3633 enim
202 3593 264 3634 esse
289 3592 344 3633 non
364 3583 501 3648 poterant,
528 3576 580 3631 nisi
603 3590 653 3647 per
675 3576 775 3647 ipsum,
801 3576 840 3631 sic
854 3591 905 3632 nee
954 3575 988 3630 Et
1001 3575 1025 3630 si
1038 3577 1203 3647 permanetis
1227 3578 1341 3633 stabiles
1364 3584 1495 3648 quantum
1511 3593 1545 3633 es
1559 3577 1638 3635 vobis
1652 3584 1703 3634 est.
1720 3579 1756 3633 ttt

105 3674 197 3723 creata
219 3665 379 3729 consistere,
400 3665 453 3720 nisi
476 3680 527 3735 per
550 3665 648 3735 ipsum,
666 3665 765 3735 etipse
779 3663 905 3720 Christus
955 3664 1112 3720 immobiles
1126 3663 1148 3719 si
1172 3664 1312 3720 immineat
1331 3672 1493 3736 persecutor
1514 3681 1533 3721 n
1556 3681 1614 3739 spe,
1633 3665 1663 3721 id
1680 3672 1756 3721 esta

106 3758 149 3810 cst
163 3757 259 3826 ceput,
285 3753 313 3808 id
337 3760 378 3808 est
392 3752 558 3823 principium
576 3761 602 3807 et
617 3751 741 3823 regimen
756 3753 900 3808 Ecclesiae.
956 3759 1065 3821 sperata
1080 3767 1120 3807 re.
1140 3753 1192 3824 Spe
1211 3751 1273 3808 dico
1286 3753 1442 3825 Evangelii,
1458 3751 1486 3807 id
1501 3760 1543 3808 est
1557 3769 1638 3825 quam
1657 3768 1754 3824 spera·

107 3840 188 3910 Quod
202 3841 238 3896 ita
252 3841 290 3896 ait
306 3858 313 3895 :
329 3840 415 3910 Caput
438 3841 564 3912 corporis
586 3839 727 3906 Ecclesiae,
751 3839 815 3911 quia
835 3840 906 3895 sicut
956 3847 1009 3893 tarn
1019 3839 1211 3895 beatitudinem
1221 3840 1352 3910 promittit
1361 3840 1561 3913 Evangelium;
1578 3841 1755 3914 quodExan-

105 3944 207 3999 corpus
221 3927 340 3984 hominis
355 3943 452 3983 omnes
472 3943 569 3983 sensns
592 3927 674 3983 habet
698 3928 725 3983 in
749 3928 849 3999 capite,
866 3928 906 3985 sie
955 3927 1056 3999 gelium
1071 3928 1368 3999 audistisadiscipulis
1378 3929 1494 3985 nostria-
1502 3929 1561 3986 Nec
1570 3929 1677 3986 debetis
1686 3929 1754 3985 illud

104 4015 232 4073 Ecclesia
245 4030 341 4072 omnes
363 4015 434 4072 vires
449 4031 514 4071 suas
529 4015 611 4072 habet
628 4017 655 4070 in
671 4015 788 4084 Christo,
805 4015 904 4087 capite,
955 4015 1092 4082 refellere,
1111 4017 1173 4088 quia
1188 4015 1228 4073 sic
1241 4016 1378 4087 accipiunt
1401 4033 1498 4073 omnes
1507 4017 1584 4087 justi.
1600 4017 1636 4072 Et
1649 4018 1703 4073 boc
1717 4017 1755 4074 ita

106 4105 243 4177 principio
253 4119 303 4161 suo
317 4111 343 4160 et
352 4112 469 4161 rectore.
483 4103 695 4175 Opponeretille
711 4121 717 4160 :
735 4104 827 4174 Quare
837 4103 905 4160 dicis
955 4103 1010 4158 ait:
1024 4105 1100 4172 Quod
1106 4105 1286 4176 Evangelium
1290 4107 1528 4178 praediootnmest
1534 4108 1754 4163 ooioersoecreo

107 4193 243 4250 Christum
257 4200 339 4265 capnt
363 4192 505 4253 Ecclesiae.
531 4208 594 4249 cum
609 4192 677 4249 abel
695 4200 722 4249 et
741 4192 818 4248 multi
839 4191 906 4261 justi
957 4196 1040 4262 turm,
1056 4200 1083 4247 et
1096 4201 1239 4262 permanet
1253 4193 1293 4248 sic
1306 4193 1334 4248 in
1348 4193 1476 4250 universa
1488 4201 1627 4250 creatura.
1647 4194 1756 4250 Creatn·

106 4281 206 4339 luerint
218 4282 293 4353 prius
308 4281 365 4348 illo,
383 4281 531 4352 tempore?
545 4282 603 4337 Hoc
618 4281 656 4337 ita
669 4289 793 4337 removet
810 4296 816 4335 :
835 4281 905 4337 Vere
955 4297 1014 4335 ram
1028 4289 1106 4337 vacat
1118 4282 1206 4351 justos
1220 4297 1270 4353 per
1289 4281 1486 4348 excellentiam,
1504 4282 1568 4354 quia
1581 4282 1645 4338 licet
1658 4298 1755 4338 omnes

105 4378 186 4442 capnt
200 4370 341 4436 Ecclesia,
360 4370 434 4443 quia,
449 4370 498 4443 pai
514 4374 557 4426 est
569 4371 744 4442 principium
759 4369 901 4426 Ecclesiae.
914 4370 940 4431 D
955 4369 1009 4424 sint
1023 4378 1158 4425 creaturas
1181 4369 1241 4435 Dei,
1263 4370 1330 4438 justi
1353 4377 1444 4425 tamen
1467 4369 1612 4444 privilegio
1636 4370 1755 4443 quodam

106 4458 179 4515 Licet
195 4458 267 4514 enim
288 4458 366 4513 multi
390 4458 476 4514 sancti
499 4473 611 4515 carnem
634 4459 733 4513 Christi
748 4458 905 4529 praecessis·
954 4466 1088 4514 creature
1103 4457 1230 4513 dicuntur
1250 4456 1278 4512 in
1303 4458 1401 4529 quibus
1429 4457 1504 4528 prior
1527 4459 1670 4530 generatio
1694 4474 1757 4531 quaa

105 4557 166 4603 sent
180 4553 313 4618 tempore,
331 4562 468 4618 nunquam
483 4554 576 4602 tamen
591 4545 771 4613 salvarentur,
788 4546 841 4600 nisi
855 4562 906 4617 per
954 4546 1005 4602 tuit
1020 4546 1048 4601 in
1063 4545 1165 4602 delicto
1179 4545 1270 4602 carnis
1291 4561 1342 4617 per
1365 4545 1528 4617 baptismum
1547 4545 1640 4602 deleta
1661 4554 1714 4612 est,
1730 4553 1757 4603 et

105 4634 187 4693 fidem
204 4635 328 4692 membra
353 4643 445 4691 essent
468 4634 564 4707 eapitis
588 4634 696 4690 Christi.
713 4634 803 4689 Potuit
816 4635 906 4706 itaque
954 4634 1061 4690 novitas
1077 4633 1141 4690 fidei
1165 4633 1305 4706 generavit
1320 4649 1368 4691 eos
1391 4650 1477 4691 novos
1497 4634 1567 4690 filios
1586 4635 1614 4691 in
1629 4634 1752 4692 Christo.

105 4733 187 4797 caput
197 4741 259 4781 esse
273 4723 415 4790 Ecclesiae,
432 4723 495 4796 quia
511 4723 718 4796 primogenitus
733 4729 774 4778 est
785 4738 822 4778 ea
831 4739 905 4779 mor·
955 4723 1033 4780 Unde
1049 4723 1089 4779 sic
1102 4722 1138 4777 ait
1155 4739 1162 4778 :
1182 4724 1216 4778 lo
1228 4723 1360 4780 uniuerso
1371 4729 1515 4790 creatura,
1526 4723 1554 4779 id
1564 4730 1606 4780 est
1621 4723 1649 4779 in
1663 4725 1757 4780 onini-

106 4815 174 4869 iuis.
192 4813 299 4868 Primus
315 4812 387 4868 enim
414 4811 534 4867 omnium
551 4810 671 4866 surrexit
685 4826 719 4865 ex
733 4810 855 4866 mortuis.
871 4810 906 4866 Et
955 4811 1007 4866 bus
1018 4810 1099 4879 justis
1113 4810 1141 4866 in
1156 4809 1208 4867 tice
1231 4810 1331 4867 Christi
1352 4826 1424 4867 nova
1438 4818 1564 4868 creatura
1579 4810 1666 4868 lactis.
1684 4812 1755 4870 Uni-

103 4901 319 4973 primogenitus,
335 4900 400 4972 quia
423 4900 482 4971 ipse
498 4899 581 4955 habet
595 4913 704 4955 omnem
718 4899 905 4956 haereditatem
955 4915 1035 4956 versa
1049 4899 1119 4966 dieo,
1136 4915 1191 4955 non
1205 4899 1286 4955 unius
1302 4900 1434 4971 regionis,
1451 4900 1500 4956 sed
1515 4915 1689 4974 ouoecauquc
1704 4902 1758 4959 aab

105 4989 203 5046 Patris.
219 4991 254 5044 Et
267 4989 420 5060 quicunque
444 4986 509 5043 inde
527 4986 628 5059 aliquid
644 4987 740 5055 habat,
757 4995 865 5059 oportet
878 4996 906 5044 ut
955 4989 1024 5044 eoeio
1039 4993 1090 5044 est.
1109 4987 1157 5043 Vel
1172 4987 1209 5043 ita
1225 5002 1232 5042 :
1249 4987 1381 5044 Creatura
1395 4987 1592 5059 qusesubcoelc
1603 4996 1654 5055 est,
1672 4988 1758 5046 idest

105 5075 201 5132 abillo
215 5075 322 5131 babeat.
339 5076 414 5132 Sicut
432 5075 633 5148 primogenitus
657 5075 729 5131 filius
752 5077 833 5132 habet
848 5093 906 5133 orn·
956 5093 1017 5148 qum
1031 5077 1121 5132 adbuc
1135 5077 1327 5148 peregrinatur
1346 5077 1501 5146 inmundo,
1521 5084 1584 5149 post
1605 5078 1753 5148 modicum,

105 5180 169 5220 nem
182 5163 370 5219 hereditatem
384 5164 479 5234 patris,
497 5173 616 5220 etnemo
638 5165 788 5235 quidquam
802 5165 856 5219 nisi
871 5166 907 5220 ab
955 5164 1052 5220 meritc
1076 5164 1140 5220 fidei
1163 5164 1350 5221 transferenda
1372 5181 1455 5237 super
1473 5165 1569 5222 coelos.
1594 5165 1629 5221 Et
1651 5166 1680 5221 in
1704 5168 1757 5225 boc

60 5246 64 5256 ’
106 5269 149 5310 eo.
164 5253 223 5310 Nec
232 5251 428 5325 primogenitus
442 5252 639 5322 repudiandus,
655 5260 683 5307 nt
697 5253 791 5319 Esau;
808 5252 857 5309 sed
871 5254 906 5309 ita
955 5254 1041 5309 verbo
1057 5253 1124 5309 satis
1139 5255 1313 5310 commendat
1328 5252 1410 5309 fidem
1424 5253 1491 5309 illis.

105 5341 907 5414 primogenitusutipsesittenensprimotuminomnibus
992 5342 1072 5398 blodo
1096 5343 1174 5414 ponit
1193 5342 1381 5399 anctoritatem
1403 5358 1490 5410 snam,
1514 5358 1576 5413 qum
1597 5343 1758 5399 necessaria

107 5430 250 5494 creaturis.
276 5430 405 5502 Princeps
428 5428 500 5486 enim
515 5429 676 5490 constitutus
701 5436 743 5489 est
765 5430 905 5502 omnium;
957 5429 1367 5490 eratillisadconhrmationem
1377 5429 1473 5491 dicem
1489 5445 1496 5486 ε
1515 5431 1601 5502 Cujus
1612 5431 1758 5505 Evangelii
