3750 5984
68 194 120 248 89⁸1
479 209 481 215 ’
741 189 919 249 EPISTOLAE
937 190 1037 249 TRES.
1658 194 1711 252 898

67 332 123 374 nou
144 325 243 383 cessat,
264 332 318 372 nou
346 316 425 374 facile
444 317 471 372 in
495 316 618 374 oratione
645 316 689 373 vel
711 315 901 387 psalmodieA
915 315 1014 371 virtute
1028 315 1158 373 orationis
1173 332 1292 384 armare,
1309 326 1337 374 et
1349 318 1476 390 clypeum
1488 320 1564 376 illum
1578 320 1668 391 arripe
1676 322 1712 378 ds

67 406 182 460 devotus
197 404 341 460 invenitur.
914 418 969 474 quo
996 403 1034 458 ait
1056 405 1202 475 Apostolus
1218 423 1225 460 :
1241 407 1274 461 ln
1288 407 1417 463 omnibus
1436 410 1581 464 sumentes
1598 413 1711 464 scutum

103 494 140 548 lle
155 494 288 550 lectione.
308 523 343 533 -·
359 494 400 548 lld
415 492 561 549 lectionem
576 509 684 565 quoque
694 493 821 558 devotus,
837 499 865 548 et
913 491 990 558 videi,
1003 493 1034 547 in
1049 508 1102 564 quo
1112 495 1226 564 possitis
1244 495 1341 550 ornain
1359 495 1417 550 telo
1437 496 1603 567 nequissimi
1616 497 1711 568 iquito

66 595 128 636 cum
157 579 273 650 spiritali
296 580 434 636 desiderio
462 581 574 648 accede,
599 589 628 636 ut
653 580 696 637 vel
711 580 813 652 aliquid
827 578 864 635 ibi
914 580 1099 651 exstinquere
1113 581 1248 653 (prvr,
1262 584 1316 652 16).
1332 589 1384 638 etc.
1395 583 1522 639 Sincerus
1537 584 1609 639 enim
1623 601 1707 652 amor,

66 667 163 723 audias
179 669 252 739 quod
266 668 293 722 iu
322 668 478 740 exemplum
493 676 546 724 tuae
573 668 790 725 conversationis
806 676 864 723 tra·
914 673 941 721 et
950 665 1060 723 fervens
1068 667 1232 725 lidescrucis
1240 669 1347 737 Christi,
1357 670 1712 729 universamacbinameuta

65 755 135 821 has;
151 755 196 811 vel
208 763 289 827 prout
302 756 435 811 Dominus
445 756 494 812 tibi
507 757 668 828 dispensare
696 756 863 828 dignabitur,
914 753 1018 810 inimici
1032 755 1109 810 irrita
1129 755 1191 812 iacit
1209 774 1216 811 :
1233 765 1260 812 et
1274 756 1359 813 effusa
1386 773 1449 815 cum
1463 758 1592 831 lacrymis
1615 762 1709 829 oratio,

66 842 213 898 dulcedine
239 842 393 899 divinorum
422 843 604 916 eloquiorum,
631 853 658 900 et
672 844 865 916 mysteriorum
914 857 996 897 omne
1010 844 1392 917 genustentationissuperat,
1409 854 1436 901 et
1450 847 1565 918 repellit.

70 930 214 987 reficiaris.
230 931 289 987 lloc
303 931 404 998 studio,
427 931 478 988 bac
492 931 640 988 intentione
666 932 728 1005 leqe
743 932 865 988 vicissim
950 930 1170 988 Debumititate.
1185 962 1220 974 -
1233 934 1367 989 llaecsunt
1376 933 1710 1004 spiritualiainstmmenta

71 1033 167 1075 omues
182 1034 250 1091 quus
264 1020 365 1091 poteris
386 1020 489 1076 bebere
512 1020 618 1076 divinas
633 1021 794 1092 Scripturas,
810 1035 866 1076 non
915 1024 941 1072 et
964 1019 1115 1074 certamine
1132 1019 1233 1075 militiae
1248 1027 1300 1076 tuae
1324 1036 1416 1078 coram
1433 1022 1519 1095 lieqe,
1548 1024 1592 1080 cui
1607 1026 1711 1097 coepisti

70 1114 204 1162 autemut
229 1106 342 1163 scientia
364 1107 478 1174 infleris,
493 1108 542 1164 sed
553 1116 582 1163 ut
597 1109 729 1165 charitate
743 1107 865 1164 aedilice-
915 1104 1039 1160 militare.
1062 1106 1139 1162 Scire
1161 1123 1279 1180 namque
1306 1109 1392 1165 debes
1405 1109 1440 1165 ob
1466 1110 1519 1167 boc
1533 1119 1559 1167 te
1588 1113 1711 1170 clausum

70 1193 118 1250 ris.
134 1192 210 1262 Quas
225 1209 289 1250 vero
305 1195 456 1266 Scripturas
475 1195 613 1252 intellectu
628 1212 683 1251 non
696 1196 864 1267 penetrabis,
915 1208 977 1249 esse
992 1209 1119 1265 corpore,
1136 1203 1163 1250 et
1177 1195 1212 1250 ab
1227 1195 1407 1252 exterioribus
1422 1198 1495 1254 curis
1504 1209 1670 1272 separatum,
1682 1212 1711 1260 ut

69 1281 206 1337 humiliter
221 1290 350 1354 tanquam
364 1283 455 1339 diviua
472 1292 580 1340 secrete
601 1300 732 1340 venerare
749 1299 756 1338 :
773 1292 800 1339 et
821 1284 866 1354 pie
915 1281 998 1337 corde
1023 1283 1114 1352 possis
1146 1283 1181 1339 ad
1198 1282 1251 1338 ista
1274 1299 1379 1340 vacare.
1423 1285 1521 1341 Corum
1558 1289 1712 1346 bominibus

70 1368 150 1425 differ
173 1370 388 1442 intelligentiam,
404 1371 492 1428 donec
519 1371 605 1429 intres
632 1372 660 1427 in
684 1371 866 1428 sanctuarium
915 1384 1032 1440 magnus
1047 1370 1165 1437 baberis,
1181 1371 1245 1443 quia
1259 1372 1384 1428 reclusus
1398 1373 1498 1430 diceris
1514 1393 1522 1430 ι
1537 1377 1586 1432 sed
1599 1378 1651 1433 nisi
1661 1378 1713 1436 ista

70 1457 131 1526 Dei,
160 1457 297 1531 intelligas
324 1458 351 1514 iu
377 1459 535 1515 novissima.
564 1461 617 1516 Pro
633 1460 674 1515 bis
691 1467 780 1516 autem
804 1475 865 1531 quae
916 1457 990 1512 omni
1005 1459 1095 1514 studio
1111 1475 1204 1515 coram
1219 1461 1287 1529 Deo,
1317 1459 1447 1532 omnique
1475 1462 1615 1534 vigilantia
1630 1482 1712 1522 exse-

69 1544 243 1612 intellexeris,
260 1548 365 1604 auctori
389 1548 509 1603 muneris
522 1548 660 1604 humiliter
683 1549 785 1621 gratius
799 1563 862 1621 age.
916 1546 1017 1618 quaris,
1033 1562 1150 1620 magnus
1164 1564 1226 1604 esse
1249 1548 1360 1605 minime
1378 1549 1489 1621 poteris.
1505 1552 1574 1607 Nam
1588 1554 1713 1611 homines

72 1633 161 1688 libris
176 1634 221 1706 qui
231 1634 280 1690 tibi
289 1635 566 1692 accommodabuntur
575 1653 684 1692 omnem
698 1636 865 1710 diligentiam
879 1634 977 1720 Bsola
990 1634 1123 1690 exteriora
1141 1636 1284 1692 advertunt
1302 1652 1308 1691 :
1324 1638 1359 1694 de
1373 1638 1545 1695 interioribus
1560 1648 1651 1696 autem
1670 1642 1713 1711 ju·

72 1721 181 1791 adbibe,
206 1738 242 1778 ne
265 1723 309 1779 vel
332 1722 407 1780 lumo
421 1724 465 1780 vel
483 1724 606 1795 pulvere,
622 1725 665 1781 vel
677 1725 730 1780 alia
747 1725 866 1797 qualibet
916 1721 1017 1778 dicabit
1030 1723 1195 1779 Altissimus.
1212 1725 1265 1782 Ubi
1279 1733 1381 1782 verote
1396 1727 1529 1782 minusad
1544 1729 1603 1785 baec
1624 1745 1715 1786 exem·

72 1810 154 1866 sorde
173 1811 352 1867 maculentur.
916 1810 960 1880 pla
987 1809 1113 1867 sufficere
1127 1811 1242 1878 videbis,
1272 1812 1475 1871 indevotionem
1491 1821 1518 1870 et
1531 1815 1713 1887 imperiectio-

106 1899 145 1955 lte
156 1900 288 1956 molestie
302 1901 436 1973 corporis.
451 1900 529 1956 -Si
544 1901 652 1973 quando
667 1901 790 1973 corporis
804 1917 866 1957 mc·
916 1913 980 1953 nem
994 1906 1069 1954 tuam
1090 1914 1182 1955 coram
1204 1900 1262 1956 Deo
1288 1901 1426 1958 humiliter
1452 1901 1616 1972 confitendo,
1633 1907 1712 1961 auxi-

70 1984 178 2041 lestiam
196 1995 243 2042 aut
269 1988 459 2061 aeqritudiuem
477 1988 647 2056 sustinueris,
659 1998 704 2045 aut
723 1989 757 2044 ab
775 1990 867 2062 aliquo
916 1984 982 2040 lium
996 1986 1092 2060 gratiss
1114 1986 1201 2058 ipsius
1228 1989 1303 2044 omni
1323 1989 1466 2046 devotione
1490 1993 1640 2063 expostula,
1666 1995 1713 2066 qui

72 2071 151 2141 forte,
167 2074 211 2131 vel
235 2075 318 2131 verbo
341 2075 384 2132 vel
408 2075 480 2132 facto
494 2075 576 2132 laesus
598 2075 692 2144 fueris,
708 2077 867 2134 meminisse
917 2072 982 2130 dicit
998 2090 1006 2125 ε
1020 2074 1086 2131 Sine
1101 2091 1145 2132 mc
1161 2075 1235 2131 sitit
1258 2079 1376 2148 potestis
1389 2080 1485 2149 secere
1499 2078 1592 2150 (ioan.
1607 2096 1656 2150 xv,
1672 2082 1711 2153 s).

73 2161 158 2217 debes
178 2163 338 2234 passionum
364 2172 392 2220 et
406 2164 566 2233 iniuriarum
592 2164 702 2220 Christi.
719 2166 875 2238 Augustius·
917 2160 1037 2216 Necesse
1052 2170 1092 2217 est
1107 2162 1179 2218 euim
1197 2171 1226 2217 ut
1253 2180 1325 2235 saepe
1340 2165 1472 2236 tepidum,
1489 2182 1562 2237 saepe
1578 2168 1714 2238 torpidum

73 2265 139 2320 quas
154 2251 270 2307 Domino
284 2252 446 2323 disponente
470 2252 609 2321 tolerabis,
623 2269 679 2309 non
703 2253 792 2309 solum
814 2269 867 2325 pa·
917 2255 944 2304 te
954 2248 1087 2305 invenies.
1103 2249 1147 2305 Ob
1160 2251 1213 2307 boc
1226 2250 1310 2324 igitur
1326 2252 1399 2308 illius
1413 2253 1503 2325 gratia
1517 2254 1551 2310 ud
1562 2263 1669 2328 tempus
1682 2274 1713 2314 se

71 2336 168 2394 tienter
181 2340 294 2403 sustine,
312 2357 406 2396 verum
416 2340 496 2396 etiam
505 2341 608 2414 gratias
622 2357 675 2413 age
689 2341 737 2410 illi,
754 2341 801 2414 qui
815 2342 867 2397 lla-
917 2336 1063 2404 subtrahit,
1080 2345 1108 2392 ut
1122 2338 1158 2394 de
1172 2337 1245 2394 illius
1259 2339 1360 2395 auxilio
1385 2339 1517 2408 confidas,
1542 2358 1597 2398 non
1621 2344 1656 2399 de
1670 2353 1715 2400 tua

71 2424 156 2498 gellat
178 2442 287 2483 omnem
311 2427 396 2483 filium
412 2444 493 2500 quem
507 2428 612 2501 recipit,
628 2429 651 2485 si
674 2429 724 2484 tibi
738 2429 868 2503 dignatur
917 2424 1016 2480 virtute
1038 2440 1198 2496 praesumas.
1215 2427 1260 2482 Sic
1287 2427 1367 2482 Pater
1394 2428 1623 2486 clementissimus
1638 2433 1713 2490 novit

71 2512 180 2586 lleqella
189 2523 311 2585 paternae
325 2517 433 2587 pietatis
443 2517 611 2588 impendere.
624 2518 654 2573 ln
669 2517 711 2572 bis
725 2532 790 2574 vero
806 2534 867 2591 quae
917 2512 1072 2584 superbiam
1086 2514 1235 2569 bumilitate
1250 2530 1356 2570 sanare.
1372 2515 1432 2570 Nisi
1441 2517 1514 2572 enim
1528 2517 1574 2574 ille
1588 2519 1711 2591 aliquan·

71 2616 89 2656 a
102 2602 234 2672 proximis
247 2604 368 2675 patieris,
379 2621 434 2660 non
441 2605 543 2661 reddas
553 2605 653 2660 malum
663 2621 713 2677 pro
723 2606 806 2673 malo,
823 2606 866 2662 vel
917 2601 954 2656 do
967 2602 1082 2674 cratium
1101 2618 1177 2657 suam
1206 2603 1389 2671 subtraheret,
1406 2603 1476 2660 elata
1490 2621 1567 2661 mens
1582 2608 1711 2677 bumana,

70 2689 244 2747 maledictum
267 2708 318 2763 pro
346 2692 502 2759 maledicto,
532 2693 581 2749 sed
609 2709 625 2749 e
648 2694 867 2761 contrariorum
918 2695 945 2745 et
959 2705 989 2744 se
1004 2688 1056 2744 sibi
1069 2690 1104 2745 ad
1115 2689 1246 2759 justitiam
1256 2689 1378 2748 sufficere
1388 2692 1514 2760 credens,
1521 2693 1551 2771 in
1559 2695 1712 2767 superbiam

70 2778 249 2834 verbotenus
276 2787 389 2847 tantum,
400 2780 464 2836 *sed
489 2781 573 2837 corde
588 2781 694 2849 intimo,
712 2789 739 2837 et
767 2781 866 2853 placito
917 2776 1028 2850 gravius
1044 2786 1146 2834 rueret.
1163 2779 1216 2834 Sed
1232 2779 1330 2836 sicilie
1359 2780 1461 2836 deserit
1488 2782 1599 2853 elatum,
1616 2791 1645 2839 ut
1659 2785 1715 2841 cle·

70 2864 230 2935 benedicas,
245 2875 271 2925 et
284 2883 335 2939 pro
355 2868 583 2924 calumniantibus
595 2877 622 2925 et
636 2871 866 2943 persequentibus
917 2865 1045 2921 mentiori
1066 2867 1155 2939 gretia
1179 2867 1273 2923 redeat
1298 2867 1333 2922 ad
1356 2868 1523 2925 humiliatum
1536 2889 1543 2926 :
1555 2872 1595 2928 sic
1613 2873 1714 2929 dormit

71 2967 143 3021 ores,
159 2962 188 3009 ut
202 2955 240 3010 sis
254 2954 326 3012 lilius
341 2956 427 3012 Patris
440 2957 489 3024 tui,
498 2957 546 3030 qui
559 2957 587 3012 ln
602 2957 679 3014 coelis
694 2965 747 3014 est.
767 2959 867 3028 Hujus·
880 3005 903 3066 o
917 2950 945 3007 in
959 2960 1128 3024 tempestate,
1145 2962 1174 3010 ut
1188 2955 1318 3011 excitatus
1342 2957 1479 3026 precibus,
1495 2958 1611 3029 imperet
1626 2961 1714 3017 ventis

71 3041 146 3098 modi
164 3043 199 3097 ab
212 3043 322 3102 bomine
348 3044 460 3114 injurias
482 3045 547 3102 licet
573 3045 663 3101 audias
686 3054 732 3101 eut
746 3062 825 3102 raras
840 3055 867 3102 te
917 3048 944 3097 et
957 3042 1033 3108 mari,
1050 3050 1078 3097 et
1092 3041 1173 3099 iaciat
1187 3043 1406 3114 tranquillitatem
1425 3060 1564 3118 magnam.
1581 3046 1714 3104 Plenissi-

70 3148 214 3204 passurum
241 3133 422 3202 arbitremur3
446 3133 470 3188 si
494 3134 560 3206 quid
576 3142 666 3190 tamen
694 3135 789 3206 (prout
802 3144 865 3190 sunt
917 3145 961 3184 me
976 3136 1002 3185 le
1012 3129 1150 3186 docebunt
1163 3130 1321 3201 Scripturae,
1335 3132 1457 3187 omnium
1473 3133 1603 3188 virtutum
1618 3145 1713 3192 custo-

70 3220 200 3290 bumana)
215 3220 374 3293 contigerit,
397 3222 522 3277 volumus
537 3230 632 3292 pectus
646 3229 722 3278 tuum
735 3222 867 3278 adversus
917 3216 1057 3274 demesso
1072 3217 1262 3289 humilitatem,
1278 3226 1305 3274 et
1319 3234 1428 3274 omnem
1448 3220 1575 3277 virtutem
1589 3222 1648 3279 sine
1662 3225 1716 3280 bac

71 3307 227 3378 hujusmodi
240 3309 360 3366 immune
374 3309 443 3367 iore.
466 3309 520 3366 Sed
535 3326 622 3382 neque
638 3309 685 3364 tibi
700 3309 753 3381 ipsi
767 3310 867 3366 irasca·
917 3304 1027 3360 viduam
1044 3313 1071 3360 et
1086 3304 1222 3361 infirmam
1249 3323 1321 3373 esse,
1350 3306 1406 3363 imo
1424 3323 1476 3365 nec
1490 3309 1615 3366 virtutem
1639 3328 1712 3370 esse.

71 3395 122 3458 ris,
135 3397 208 3469 quod
223 3398 383 3470 quibusdam
411 3397 566 3454 indiscretis
580 3397 650 3454 solet
664 3397 785 3466 evenire,
802 3399 867 3454 dum
917 3392 1051 3460 ieiunanti
1066 3392 1124 3461 tibi,
1140 3394 1240 3465 oranti,
1254 3395 1393 3466 psallenii,
1408 3411 1463 3452 non
1486 3397 1602 3453 deemnt
1615 3399 1712 3456 invisi·

71 3484 190 3557 aliquam
218 3486 403 3544 difficultatem
417 3486 446 3542 in
473 3487 564 3560 aliquo
579 3502 661 3559 opere
675 3485 801 3543 iaciendo
816 3503 867 3558 pa-
917 3479 987 3536 biles
1001 3481 1112 3548 inimici,
1127 3482 1322 3553 applaudentes
1345 3484 1403 3553 tibi,
1419 3484 1582 3541 didicentes
1599 3501 1606 3541 :
1622 3488 1711 3560 Euge,

74 3572 187 3629 tiuutur.
918 3584 999 3641 euge,
1023 3569 1084 3641 quis
1106 3570 1153 3626 tibi
1172 3570 1292 3627 similis?
1306 3572 1368 3643 quis
1387 3571 1425 3627 its
1444 3573 1534 3644 placet
1555 3574 1637 3630 Deo?
1652 3574 1675 3631 0
1689 3575 1713 3631 si

108 3661 312 3733 impedimenta
339 3662 485 3720 orationis.
501 3694 536 3703 -
550 3662 645 3719 Solent
659 3664 739 3719 etiam
755 3663 801 3736 qui
817 3662 868 3719 soli
918 3657 1018 3714 scirent
1033 3657 1157 3714 homines
1171 3659 1340 3716 sanctitatem
1372 3669 1447 3716 tuam
1460 3660 1466 3714 l
1479 3660 1585 3730 Quibus
1599 3670 1626 3717 tu
1643 3679 1712 3720 con-

73 3757 286 3820 summerentur,
301 3751 336 3806 ad
355 3751 517 3823 semetipsos
529 3751 637 3817 turbari,
668 3759 695 3807 et
722 3752 868 3823 quamdam
918 3745 993 3801 tinuo
1005 3746 1034 3800 in
1042 3747 1126 3802 cordo
1134 3755 1179 3803 tuo
1189 3748 1347 3819 prophetica
1355 3765 1423 3805 voce
1431 3750 1567 3821 responde
1583 3765 1590 3804 :
1606 3752 1712 3808 Ferunt

73 3838 201 3893 nebulam
215 3839 329 3895 tristitiae
353 3847 452 3912 agente
477 3839 586 3895 diabolo
600 3840 770 3895 contrahere.
785 3839 869 3897 Novit
917 3829 1710 3910 consestimconsusimremsuomquidicuntmilsissuqe,

72 3925 146 3981 enim
161 3927 246 3982 bostis
260 3926 433 3994 inveteratus,
446 3927 562 3984 diversis
574 3927 724 3997 generibus
738 3927 865 3997 nocendi,
918 3923 1090 3994 Euqeffrot.
1100 3937 1200 3988 ιιιιιιιιι,
1217 3924 1273 3995 to).
1285 3926 1319 3980 Et
1333 3925 1404 3981 adde
1420 3940 1427 3980 τ
1443 3928 1497 3998 Epo
1506 3928 1583 3983 caim
1596 3928 1711 3983 ruendi-

73 4015 213 4070 orationes
227 4031 370 4071 servorum
380 4016 440 4082 Dei,
456 4022 483 4072 et
493 4023 587 4072 sancta
599 4031 694 4071 eorum
708 4015 798 4072 studia
812 4015 867 4070 im·
918 4025 969 4066 cus
981 4027 1046 4066 sum
1059 4015 1088 4068 et
1103 4027 1213 4083 pauper
1234 4013 1326 4084 (itte,
1344 4015 1398 4084 18).
1416 4013 1521 4070 Revera
1535 4015 1608 4070 enim
1624 4030 1712 4086 quan-

73 4102 176 4173 pedire.
191 4103 239 4159 Ille
253 4104 335 4159 modo
350 4103 482 4158 tristitiam
501 4103 545 4159 vel
558 4103 629 4159 irem
644 4102 866 4171 irrationabilem,
918 4104 1082 4171 tumcunque
1096 4099 1131 4155 de
1149 4100 1246 4157 virtute
1260 4101 1289 4156 in
1311 4101 1436 4157 virtutem
1452 4102 1616 4158 ambulando
1630 4101 1715 4173 proli-

72 4190 155 4246 modo
169 4190 313 4247 elationem
337 4191 481 4263 superbiae,
497 4191 579 4247 modo
599 4191 761 4247 memoriam
779 4191 867 4247 alicu·
919 4186 985 4252 cias,
1001 4203 1104 4258 egenus
1119 4187 1173 4242 eris
1188 4204 1297 4259 semper
1311 4196 1338 4244 et
1360 4205 1471 4260 pauper,
1487 4205 1539 4245 nec
1553 4191 1662 4261 plenam
1677 4191 1712 4247 dc

69 4278 116 4348 jus
130 4279 243 4347 injuriae,
258 4279 341 4336 modo
355 4295 453 4336 vanam
474 4294 570 4335 eorum
585 4294 646 4350 quae
660 4278 808 4350 aliquando
826 4278 866 4335 rel
919 4272 1047 4330 invisibili
1062 4276 1140 4331 boste
1154 4275 1259 4346 poteris
1269 4277 1392 4332 obtinere
1404 4275 1544 4333 victoriam
1559 4295 1566 4332 :
1581 4279 1670 4335 donec
1679 4279 1714 4334 ad

72 4365 154 4433 dicta,
184 4367 228 4424 vel
255 4366 335 4435 iacta,
351 4367 394 4424 vel
409 4366 534 4424 iacienda
563 4374 624 4422 sunt
640 4365 867 4432 recordationem,
882 4357 996 4418 billum
1014 4362 1225 4432 pervenissem
1243 4363 1330 4419 dicit:
1348 4364 1519 4437 Adimplebis
1546 4382 1592 4422 me
1608 4367 1714 4423 loetitiu

72 4454 155 4510 modo
174 4454 327 4511 immundas
351 4455 539 4527 cogitationes,
556 4454 638 4510 modo
648 4462 771 4526 teporem
784 4453 868 4510 animi
920 4466 986 4506 cum
999 4451 1082 4506 vultu
1097 4454 1145 4508 tuo
1159 4451 1248 4518 (Psoi.
1264 4466 1314 4518 xv,
1332 4451 1387 4522 li),
1403 4468 1436 4508 ex
1450 4454 1576 4511 satiabor
1589 4470 1655 4511 eum
1669 4472 1717 4527 op·

72 4541 116 4597 vel
139 4550 275 4614 terporem
296 4544 386 4599 somni
412 4543 506 4599 nititur
521 4543 659 4615 ingerere,
684 4550 713 4597 ut
735 4558 752 4597 a
775 4549 871 4598 sancta
910 4530 1150 4610 'potueritqlorio
1160 4539 1375 4608 tuuiPsot.xv1,
1388 4540 1442 4611 rs).
1452 4541 1480 4596 Si
1493 4541 1636 4613 quisquam
1645 4540 1715 4597 torte

73 4628 222 4687 intentione
245 4632 364 4686 animum
391 4631 479 4703 possit
505 4638 639 4698 avertere,
666 4630 711 4687 vel
723 4630 867 4701 impedire.
896 4661 898 4667 π
920 4626 1001 4682 bomo
1015 4634 1042 4682 te
1056 4641 1148 4682 coram
1162 4635 1189 4682 te
1211 4626 1370 4693 laudaverit,
1395 4629 1450 4684 noli
1464 4628 1527 4700 plus
1540 4629 1635 4684 alienis
1650 4645 1715 4685 ver-

74 4715 155 4786 Quod
169 4718 192 4773 si
205 4719 233 4774 in
246 4720 397 4775 minoribus
412 4720 493 4775 sentit
508 4718 559 4774 sibi
573 4734 628 4774 non
650 4717 751 4785 resisti,
766 4718 871 4787 majora
921 4713 963 4768 bis
977 4729 1059 4786 quam
1073 4714 1191 4786 propriae
1208 4715 1382 4772 conscientiae
1395 4717 1520 4783 credere,
1537 4717 1716 4773 reminiscens

73 4806 204 4863 continuo
232 4807 409 4863 tentationum
436 4807 545 4863 vincula
570 4806 663 4863 nectit.
679 4805 781 4862 blavult
796 4805 871 4861 enim
921 4801 1067 4873 Scriptura
1090 4802 1206 4859 dicentis
1223 4820 1230 4857 :
1247 4803 1301 4870 Qui
1317 4805 1466 4862 tetrarum
1486 4805 1598 4872 dicunt,
1615 4805 1671 4876 ipsi
1688 4809 1715 4861 te

73 4895 247 4965 supplantare
257 4912 337 4967 quam
351 4895 494 4968 impedire.
511 4894 587 4964 Quos
602 4910 669 4951 vero
694 4894 870 4966 supplantare
920 4891 1067 4963 decipiunt
1080 4890 1145 4963 (leo.
1167 4905 1207 4957 ιιι,
1224 4893 1278 4962 12).
1293 4892 1327 4948 Ut
1341 4907 1409 4966 erqo
1423 4893 1458 4947 de
1472 4892 1638 4963 prolectibus
1661 4891 1716 4947 tuis

72 4997 128 5037 non
142 4991 240 5053 potest,
256 4984 388 5055 impedire
398 4984 541 5056 (quantum
548 4982 690 5054 prevalet)
699 4997 753 5038 non
769 4972 869 5038 cessat.
921 4978 994 5050 apud
1008 4987 1034 5035 te
1048 4995 1103 5035 non
1113 4978 1262 5048 extollaris,
1279 4979 1306 5034 in
1316 4987 1407 5036 mente
1421 4980 1493 5035 habe
1507 4980 1580 5051 quod
1595 4983 1713 5051 Aposto-
1781 5056 1784 5061 .

75 5071 130 5128 Sed
135 5072 227 5141 ridetis
241 5079 283 5129 est
299 5073 382 5139 Deus,
398 5072 435 5127 ait
449 5071 605 5144 Apostolus,
621 5072 735 5145 quinon
743 5071 873 5144 patietur
920 5065 964 5121 lus
978 5066 1033 5121 ait:
1050 5068 1120 5136 Quid
1135 5067 1218 5124 bobes
1228 5067 1299 5139 quod
1313 5083 1370 5123 corr
1380 5068 1538 5140 accepisti?
1552 5072 1580 5124 et
1594 5068 1620 5123 si
1634 5083 1716 5124 acee-

73 5175 121 5216 uos
136 5163 245 5217 tentari
258 5177 345 5232 supro
358 5160 389 5216 id
410 5160 481 5233 quod
494 5161 624 5233 potestis,
639 5159 688 5215 sed
701 5160 790 5230 societ
806 5175 872 5216 cum
918 5154 1002 5226 pisti,
1016 5172 1068 5213 cur
1081 5157 1213 5228 qlcrioris
1235 5158 1316 5228 quusi
1330 5171 1389 5212 aon
1403 5156 1545 5227 occeperis
1558 5160 1569 5213 t
1583 5157 1659 5228 (Cor.
1676 5172 1715 5223 ιι,

75 5250 235 5305 tentatione
243 5253 423 5321 proventum,
434 5252 467 5304 ut
478 5249 594 5320 possitis
602 5247 744 5304 sustinere
753 5245 831 5318 (Cor.
843 5262 870 5315 x,
922 5243 1002 5312 7.)Ut
1012 5260 1078 5300 vero
1088 5245 1236 5316 appetitum
1248 5243 1359 5298 humani
1367 5242 1470 5301 favoris
1482 5244 1581 5316 lugius,
1594 5244 1656 5300 audi
1667 5245 1720 5298 Do·

73 5335 129 5407 ts).
140 5337 209 5392 Tum
220 5353 286 5394 vero
295 5337 426 5393 adversus
439 5338 507 5405 baec,
524 5345 550 5392 et
563 5334 775 5391 omniaomuiuo
790 5341 873 5389 tenta·
922 5331 1025 5387 minum
1040 5332 1174 5390 dicentem
1193 5332 1359 5389 :Attendite
1375 5349 1412 5388 oe
1436 5334 1581 5404 justitium
1595 5335 1719 5388 uestrum

73 5423 439 5499 tionumqenera,adversus
449 5431 710 5498 quoquenocturuaa
719 5421 872 5490 illusiones,
922 5419 1717 5495 coromlrominibussmiutisutvideamioiuieirtllottb.
