3742 5986
175 106 240 161 1131
791 100 935 158 ottuthts
953 97 1198 156 caninusmrtt.
1762 102 1833 157 1132

175 245 231 288 non
256 228 380 285 amittant
403 224 598 283 associationes
621 224 764 281 domorum
786 223 969 295 propriarum,
980 222 1009 283 Α
1022 221 1128 288 Petrus,
1141 218 1251 287 Paulus,
1270 219 1405 286 Andreas,
1416 219 1550 286 lacobus,
1562 221 1734 287 etloannes,
1747 221 1833 278 Zebe-

108 306 111 311 ’
176 317 228 374 nisi
253 317 280 372 iu
304 316 429 371 domibus
450 313 478 369 in
501 313 600 386 quibus
615 321 677 367 sunt
690 312 793 383 priores
816 312 859 366 vel
878 310 972 366 vicarii
1022 309 1085 374 disi,
1102 308 1257 378 Philippus,
1273 308 1404 375 Thomas,
1422 308 1651 378 Bartholomaeus,
1668 311 1829 375 blattbaeus,

178 405 291 462 fecerim
313 403 520 476 professionem,
1021 397 1139 452 lacobus
1154 395 1267 467 ltphaei,
1286 395 1392 462 Simon,
1409 395 1494 450 Judas
1510 405 1536 451 et
1551 398 1676 453 blathins.

214 497 257 548 ta.
297 491 414 562 Quando
446 492 545 547 festum
572 489 791 547 annuntiationis
818 487 973 544 celebratur
1056 487 1101 540 25.
1117 484 1150 539 Ut
1165 482 1345 550 uniformitas,
1363 483 1432 538 sicut
1446 482 1473 537 in
1489 485 1594 539 statutis
1608 486 1786 552 continetur,
1803 487 1830 542 in

176 581 248 637 inira
268 588 379 637 octavus
396 581 524 646 Paschae,
549 581 578 635 in
600 580 694 650 primis
714 577 837 649 vesperis
851 576 973 631 dieantur
1022 571 1114 628 divino
1129 571 1240 627 servitio
1256 577 1378 625 serretur
1393 571 1421 626 in
1435 572 1546 635 ordine,
1562 582 1715 645 procurent
1732 589 1831 630 omnes

175 669 215 725 illi
229 668 337 740 psalmi,
350 668 395 741 qni
409 669 534 724 dicuntur
548 667 618 722 intra
630 668 716 723 dictas
731 674 852 732 octavas,
869 663 973 719 scilieet
1022 660 1128 733 priores
1154 667 1179 715 et
1202 659 1297 714 vicarii
1319 659 1423 715 babere
1436 659 1581 731 legendam
1596 679 1657 734 quae
1677 663 1785 736 legitur
1803 663 1831 718 in

178 756 259 813 uinta
274 756 422 812 Dominus.
1022 747 1167 804 carthusia
1194 747 1220 801 in
1248 747 1352 803 octavis
1379 756 1405 802 et
1433 764 1482 819 per
1505 757 1616 805 octavas
1637 750 1829 818 eucharistia,

213 845 255 899 11.
272 843 448 900 Declaramus
472 843 545 915 quod
567 842 687 899 secunda
709 841 794 896 missa
819 837 972 894 Natiuitatis
1022 836 1097 905 eujus
1113 835 1239 908 legendae
1253 835 1332 906 copia
1346 835 1374 889 in
1390 835 1531 891 carthusia
1546 839 1644 908 poterit
1659 839 1793 910 reperiri.

176 931 284 988 Domini
312 932 480 1000 celebratum
506 939 532 987 et
553 932 576 987 si
599 947 652 987 non
677 928 833 1002 apparuerit
861 942 970 993 aurora,
1056 927 1102 981 26.
1118 923 1207 978 Priori
1231 931 1256 979 et
1281 924 1425 978 conventui
1449 924 1583 991 liminati,
1606 928 1713 982 etaliis
1729 928 1829 999 quihus

174 1020 288 1076 redeant
309 1020 434 1076 monachi
462 1020 497 1075 ad
523 1020 607 1076 cellas
631 1026 775 1090 antequam
798 1016 882 1073 missa
896 1014 971 1071 cele·
1021 1011 1155 1082 placuerit
1170 1012 1337 1077 conceditur,
1354 1021 1382 1067 ut
1397 1011 1495 1068 festum
1511 1015 1708 1087 Conceptionis
1724 1017 1755 1070 B.
1772 1018 1829 1072 vir-

174 1107 280 1164 bmpm
890 1140 896 1150 .
1021 1099 1094 1171 ginis
1109 1098 1199 1153 blariae
1214 1099 1320 1170 possint
1330 1099 1649 1168 solemnitercelebrare,
1666 1110 1695 1158 et
1711 1102 1758 1158 hat
1771 1103 1830 1159 ohi-

213 1197 257 1250 15.
283 1195 439 1250 inhibemus
461 1195 535 1267 quod
558 1210 618 1250 eum
640 1193 753 1250 cucullis
778 1193 812 1248 de
826 1190 878 1248 tela
893 1190 972 1247 sactis
1021 1187 1093 1242 cium
1109 1186 1178 1243 sieut
1194 1187 1220 1240 in
1235 1187 1434 1253 Nativitate,in
1445 1203 1543 1244 nomen
1562 1188 1830 1263 Conceptionisno·

176 1281 293 1354 amplius
317 1298 372 1340 non
395 1282 531 1339 serviatur
553 1283 580 1338 in
605 1290 758 1348 conventu,
782 1296 834 1337 nec
848 1279 928 1335 etiam
943 1279 971 1333 in
1021 1275 1094 1330 mine
1109 1275 1277 1331 Natiuitatis
1301 1284 1475 1331 commutato.

174 1370 290 1443 privato,
1056 1365 1101 1421 27.
1118 1363 1284 1418 Conceditur
1299 1361 1391 1416 domui
1406 1364 1571 1431 carthusiae,
1586 1373 1614 1420 ut
1628 1367 1721 1438 possit
1735 1367 1828 1424 lacere

212 1462 255 1513 lo.
282 1457 389 1513 Priores
411 1457 455 1513 vel
477 1457 601 1513 monaehi
616 1455 702 1512 nostri
716 1455 829 1521 ordinis,
840 1453 888 1525 ¹vel
903 1468 971 1509 eon·
1021 1449 1121 1506 testum
1145 1451 1252 1522 capituli
1274 1451 1309 1505 de
1324 1450 1425 1506 domno
1440 1453 1535 1525 Ugone
1558 1454 1748 1511 Lincolniensi
1767 1457 1827 1528 epi·

174 1546 247 1602 versi
270 1546 304 1601 de
327 1554 426 1601 caetero
448 1561 502 1601 non
518 1554 580 1601 eant
598 1545 632 1600 ad
657 1545 820 1615 sepulturas,
836 1541 889 1596 nisi
902 1542 1008 1626 lorteB
1024 1553 1126 1608 scopo,
1143 1539 1191 1608 qui
1206 1537 1254 1593 init
1270 1539 1419 1594 monachus
1434 1540 1589 1596 Carthasiae.

175 1633 330 1706 principum
353 1640 380 1689 et
395 1649 558 1706 magnorum
573 1633 763 1704 prelatorum,
788 1631 831 1686 vel
846 1629 930 1701 patris
945 1637 972 1683 et
1058 1629 1103 1684 28.
1120 1627 1253 1697 Tempore
1265 1626 1386 1697 paschali
1397 1627 1686 1702 dieatnrevangelium
1699 1634 1828 1703 deosum

175 1721 269 1776 matris
292 1736 386 1776 eorum
410 1721 444 1776 de
459 1721 573 1789 ordine,
597 1721 621 1776 si
635 1719 816 1792 sepelirentur
829 1717 901 1773 inira
914 1726 971 1773 ter·
1021 1715 1087 1770 vitis
1103 1730 1167 1769 nera
1182 1714 1210 1767 in
1232 1713 1301 1768 festo
1317 1716 1346 1769 B.
1364 1715 1499 1770 Ambrosii
1523 1725 1549 1771 et
1571 1719 1603 1771 B.
1623 1719 1744 1789 Ugonis,
1761 1721 1827 1776 siin

175 1809 264 1864 mino,
278 1809 420 1864 pomum
433 1824 552 1865 suasum,
1022 1801 1093 1857 dieto
1108 1810 1230 1872 tempore
1246 1803 1317 1857 dicta
1332 1802 1399 1857 leste
1415 1804 1560 1877 contigerit
1582 1806 1735 1864 celebrari.

212 1897 258 1951 l'l.
278 1895 411 1951 statutum
426 1895 525 1952 iactum
550 1897 584 1953 de
606 1895 753 1968 praesentia
768 1894 969 1967 episcoporum,
1057 1894 1101 1946 29.
1114 1891 1254 1946 hlonemns
1269 1897 1298 1945 ut
1312 1891 1340 1944 in
1350 1892 1613 1948 omnibnsdomihus
1623 1911 1827 1954 conversorum

176 1983 249 2058 qnod
263 1983 370 2055 priores
385 1984 520 2040 dimittant
543 1984 623 2040 sedes
646 2000 709 2039 suas
732 1983 761 2037 in
775 1981 889 2039 ecclesia
905 1979 971 2052 ipsis
1021 1994 1036 2032 a
1051 1977 1177 2033 domibus
1187 1978 1372 2050 superioribus
1383 1981 1525 2051 separatis,
1539 1982 1690 2054 quibuscst
1703 1987 1825 2056 capella;

175 2071 312 2144 episcopis
325 2073 515 2143 praesentibus,
533 2072 694 2144 intelligitur
708 2070 817 2144 quando
829 2077 891 2125 sunt
901 2084 972 2140 prae-
1022 2074 1147 2122 cessante
1172 2066 1246 2134 justo
1273 2066 1485 2138 impedimento,
1515 2069 1670 2126 celebretur
1697 2074 1784 2129 missa
1811 2090 1828 2130 a

175 2166 268 2215 gentes
281 2160 309 2214 in
329 2160 456 2215 ecelesia,
1021 2153 1114 2224 priore
1128 2153 1170 2209 rel
1195 2163 1390 2225 procuratore,
1415 2155 1458 2210 bis
1478 2157 1521 2213 vel
1541 2166 1581 2213 ter
1589 2158 1624 2213 ad
1640 2160 1780 2216 minus...
1797 2162 1826 2218 Si

212 2248 255 2302 la.
271 2245 437 2302 Ordinamus
460 2255 489 2302 ut
509 2247 611 2316 Jejunia
626 2247 711 2319 quarti
732 2246 861 2318 temporis
875 2245 903 2300 in
918 2244 971 2301 Se·
1022 2257 1087 2297 vero
1110 2241 1186 2313 prior
1200 2242 1226 2295 in
1241 2242 1390 2312 praemissis
1404 2243 1533 2300 deiecerit
1548 2246 1703 2318 explendis,
1726 2248 1825 2307 clamet

173 2333 291 2406 ptembri
303 2333 331 2389 in
350 2334 470 2405 qualibet
493 2335 574 2391 domo
590 2335 675 2390 nostri
702 2335 805 2390 ordinis
820 2333 971 2389 secundnm
1021 2328 1127 2399 culpam
1144 2344 1221 2383 snam
1237 2329 1264 2383 in
1277 2329 1395 2400 capitulo
1415 2331 1549 2401 proximo.

174 2422 396 2478 consuetudinem
411 2438 468 2477 suae
482 2422 610 2478 dioecesis
625 2422 810 2478 celebremur.
1057 2418 1101 2470 30·
1117 2417 1313 2482 minandum,
1325 2418 1397 2490 quod
1409 2434 1569 2476 concessum
1584 2429 1626 2477 est
1636 2423 1752 2481 domino
1762 2427 1826 2480 ttu-

211 2511 255 2564 19.
271 2508 435 2565 Ordinamus
450 2510 522 2581 quod
547 2511 570 2566 si
585 2510 724 2583 contingat
747 2509 857 2565 evenire
872 2508 971 2565 festum
1021 2503 1118 2559 blardo
1133 2503 1211 2559 annis
1227 2504 1343 2578 singulis
1356 2507 1579 2579 persolvendum,
1590 2509 1666 2567 circa
1680 2511 1784 2568 testum
1795 2514 1823 2569 S.

176 2594 259 2652 trium
282 2596 428 2653 lectionum
450 2598 555 2654 habens
575 2597 693 2655 officium
714 2598 805 2654 missia
819 2595 969 2668 proprium,
1020 2591 1106 2647 llarei
1121 2592 1298 2663 evangelistae
1311 2592 1402 2650 debite
1417 2595 1599 2666 persolvatur,
1624 2598 1696 2655 sient
1710 2598 1740 2655 fit
1755 2601 1824 2656 Car-

175 2681 245 2738 teria
259 2698 288 2739 tv
301 2684 410 2755 capituli
424 2685 560 2757 generalis
574 2685 680 2741 dicatur
694 2685 780 2740 missa
790 2683 866 2751 festi,
886 2684 972 2739 missa
1020 2679 1133 2746 thusiae,
1159 2680 1287 2736 videlicet
1307 2689 1337 2736 ut
1351 2698 1400 2754 pro
1415 2683 1475 2755 ipso
1489 2693 1516 2740 et
1530 2686 1586 2741 suis
1601 2689 1766 2758 parentibus
1781 2690 1825 2744 di-

176 2785 243 2826 vero
264 2771 347 2827 Solus
369 2773 467 2843 popuii
488 2772 616 2843 privatim
630 2773 665 2828 ab
679 2772 772 2843 aliqno
787 2770 969 2844 persolvatur.
1021 2774 1097 2822 catur
1111 2767 1201 2839 prima
1215 2769 1302 2824 oratio
1318 2771 1476 2829 lactina...
1492 2774 1671 2844 [amatorum
1682 2782 1710 2833 et
1725 2780 1823 2848 snmu-

210 2859 258 2914 20.
289 2857 444 2914 Secundum
467 2860 694 2915 consuetudinem
708 2860 807 2915 domus
821 2858 970 2915 Carthusiae
1022 2854 1135 2922 iorum,·
1151 2855 1250 2911 deinde
1264 2867 1411 2914 consuetae.

175 2944 329 3016 antiphonae
342 2954 526 3013 resumantur,
544 2947 647 3004 scilicet
662 2947 689 3003 in
699 2962 767 3004 voce
782 2947 811 3001 in
829 2962 881 3018 qua
895 2908 1005 3018 psat-⁰
1056 2946 1100 2996 3l.
1116 2943 1190 2998 licet
1205 2951 1333 3000 statutum
1349 2946 1382 3000 sit
1398 2948 1470 3018 quod
1483 2965 1564 3020 super
1576 2966 1681 3006 annum
1693 2953 1821 3009 dicantur

173 3032 264 3089 modia
279 3040 321 3089 est
334 3032 417 3089 finita.
1019 3029 1070 3085 sub
1097 3037 1171 3087 certo
1194 3048 1308 3088 numero
1330 3042 1439 3090 centnm
1463 3037 1569 3105 breves,
1599 3047 1626 3094 et
1648 3056 1705 3095 non
1720 3041 1821 3097 debent

208 3123 253 3178 21.
270 3119 417 3177 criminosi
430 3121 596 3180 reconciliati
608 3122 698 3178 ordini
718 3123 859 3194 spirituale
881 3123 969 3178 bene·
1019 3117 1114 3185 omitti,
1131 3134 1182 3175 nec
1196 3119 1230 3175 de
1243 3129 1341 3177 caetero
1364 3123 1500 3179 omittatur
1513 3125 1623 3198 antiqua
1647 3130 1820 3185 consuetudo

173 3206 264 3263 licium
280 3208 413 3277 habeant,
428 3209 504 3278 juxta
519 3210 633 3283 gradum
648 3210 683 3266 ad
698 3228 779 3283 quern
794 3210 903 3266 inerunt
923 3225 969 3265 re·
1019 3203 1048 3258 in
1069 3205 1176 3261 statutis
1200 3216 1326 3263 contenta
1346 3209 1381 3265 de
1405 3211 1536 3268 mittendo
1556 3222 1583 3269 et
1597 3216 1752 3271 nuntiando
1773 3233 1820 3288 per

172 3294 266 3350 scituri,
1019 3291 1115 3348 domos
1143 3293 1246 3349 ordinis
1274 3295 1373 3352 breves
1388 3298 1546 3355 obeuntium
1573 3317 1769 3372 personarum,
1794 3312 1822 3359 ut

208 3385 253 3440 22.
265 3380 430 3440 Ordinamus
439 3384 512 3457 quod
523 3386 632 3457 quando
646 3385 723 3457 plura
738 3385 881 3442 tricenaria
890 3392 970 3440 erunt
1018 3395 1069 3451 pro
1085 3380 1125 3436 cis
1139 3381 1247 3436 dicatur
1260 3384 1348 3438 oratio
1363 3387 1500 3456 specialis,
1517 3397 1543 3444 et
1553 3400 1758 3463 consequenter
1773 3408 1820 3464 pro

172 3469 336 3539 inchoanda,
347 3471 465 3543 incoepto
479 3473 569 3545 primo
583 3472 730 3530 tricenario
745 3474 861 3546 aprione
876 3472 920 3529 vel
934 3472 969 3528 ab
1019 3467 1081 3522 aliis
1094 3468 1199 3524 dicatur
1213 3470 1360 3542 generalis,
1378 3473 1504 3533 videlicet
1516 3493 1567 3548 pro
1582 3493 1637 3534 nno
1658 3479 1819 3552 singularis,

172 3556 336 3629 antiquiori,
361 3566 459 3615 eaetera
474 3560 636 3632 incipiantur
650 3560 685 3616 ab
699 3561 754 3632 eis,
774 3561 873 3634 quibus
886 3561 969 3615 missa
1019 3564 1046 3611 et
1066 3572 1115 3627 pro
1138 3557 1262 3628 pluribus
1281 3558 1444 3633 singularis,
1469 3563 1536 3620 sicut
1551 3565 1668 3623 babetur
1682 3567 1711 3623 in
1730 3576 1819 3625 statu·

172 3642 309 3701 tricenarii
331 3646 386 3714 jam
402 3646 512 3718 iueoepti
527 3648 673 3722 contigerit
686 3649 861 3705 celebranda.
1020 3651 1066 3702 tis.
1413 3716 1415 3721 Ι

206 3735 250 3790 2³.
273 3733 429 3806 Pracipitur
451 3743 480 3790 ut
504 3735 653 3793 districtius
676 3745 701 3793 et
723 3736 858 3794 efficacius
880 3742 970 3808 potest
1055 3743 1102 3798 311.
1122 3741 1326 3799 Ordinationem
1342 3742 1407 3799 olim
1421 3741 1521 3798 iactam
1536 3742 1712 3800 admonendo
1727 3753 1822 3817 qnate-

171 3819 239 3885 lieri,
256 3821 383 3876 omnibus
396 3822 522 3893 personis
537 3824 640 3879 ordinis
655 3832 682 3879 nt
693 3825 767 3880 nullo
782 3825 882 3894 modo,
898 3839 968 3896 quo·
1019 3844 1069 3882 nus
1083 3829 1157 3884 omni
1180 3829 1223 3885 die
1245 3830 1349 3886 dicatur
1364 3831 1446 3885 missa
1460 3831 1490 3884 B.
1506 3829 1597 3885 blariae
1619 3838 1683 3901 post
1706 3833 1820 3888 missam

171 3907 213 3962 ris
225 3907 335 3975 colore,
361 3925 411 3981 per
435 3927 464 3966 se
488 3911 531 3966 vel
546 3912 640 3976 alium,
664 3913 768 3969 directe
781 3912 823 3969 vel
836 3913 969 3967 indirecte
1018 3916 1240 3984 conventualem,
1263 3918 1315 3973 alio
1330 3918 1523 3988 impedimento
1538 3927 1679 3986 cessante,
1707 3921 1778 3976 sient
1793 3920 1821 3976 iit

171 3991 259 4060 iactis,
276 3994 376 4058 verbis,
393 3997 436 4051 vel
452 3997 549 4052 litteris
566 3998 685 4070 aliquam
700 4016 860 4070 personam,
876 4005 968 4073 cujus·
1019 4002 1185 4072 Canthusiae,
1204 4006 1404 4076 approbamus,
1421 4014 1448 4062 et
1463 4014 1489 4060 nt
1503 4005 1676 4076 praemissum
1691 4016 1749 4079 est,
1764 4006 1818 4064 fiat.

171 4096 277 4154 cunque
292 4083 456 4138 conditionis
470 4084 582 4152 existat,
601 4085 709 4142 inducat
723 4088 757 4143 ad
771 4089 917 4159 petendum
933 4095 968 4148 ab
1018 4090 1084 4146 hem
1100 4092 1257 4148 ordinamus
1272 4101 1298 4148 et
1314 4094 1438 4149 volumus
1462 4094 1534 4166 qnod
1555 4093 1672 4149 dicatur.

171 4169 267 4226 ordine
280 4170 390 4243 aliquod
405 4171 567 4228 beneficium
582 4173 720 4244 spirituale
737 4184 835 4246 praeter
858 4194 967 4236 recom-
1054 4182 1101 4234 33.
1130 4178 1309 4237 Declaramus
1324 4182 1398 4254 quod
1421 4181 1450 4236 in
1473 4181 1599 4237 domibus
1613 4182 1778 4240 monialium
1795 4191 1822 4240 et

171 4256 373 4314 mandationem
387 4260 555 4331 generalem,
573 4278 632 4334 quae
647 4263 773 4333 precibus
791 4265 893 4321 ordinis
909 4266 967 4324 fieri
979 4251 1006 4311 Ῑ)
1020 4268 1232 4335 monachorum,
1261 4270 1359 4341 quibus
1383 4285 1437 4325 non
1453 4277 1516 4324 sunt
1530 4276 1569 4325 tot
1583 4270 1745 4327 sacerdotes
1761 4281 1824 4344 quot

172 4343 330 4414 consuevit,
353 4362 405 4403 nec
428 4346 525 4403 leviter
547 4349 697 4405 concedant
711 4351 927 4409 anniversarium
941 4357 969 4410 in
1018 4353 1118 4408 missas
1144 4354 1268 4424 debitas,
1291 4356 1395 4412 etiamsi
1419 4356 1488 4412 ultra
1510 4357 1582 4413 illam
1607 4373 1661 4429 qna
1684 4357 1821 4415 debentur

170 4428 325 4486 dominibus
340 4432 407 4499 suis,
423 4450 474 4490 nee
489 4435 545 4491 ullo
559 4436 641 4491 modo
655 4452 704 4507 pro
718 4441 911 4510 temporalibus
933 4445 969 4499 ad
1018 4440 1217 4496 hebdomadam
1228 4442 1393 4512 differantur,
1403 4445 1519 4502 reddere
1533 4460 1587 4500 non
1597 4443 1741 4502 sufficiunt
1753 4465 1761 4515 ς
1772 4463 1820 4519 pro

169 4516 321 4589 spiritualia
336 4535 366 4575 se
382 4521 513 4593 obligent,
538 4523 591 4578 nisi
604 4533 684 4595 prout
699 4525 771 4582 licite
786 4525 844 4583 fieri
858 4531 966 4599 poterit,
1018 4527 1138 4599 qualibet
1146 4529 1229 4585 missa
1240 4531 1329 4586 debita
1339 4572 1346 4601 ,
1358 4549 1418 4603 quae
1428 4532 1497 4587 solvi
1511 4549 1566 4588 non
1579 4532 1710 4603 potuerit,
1723 4535 1820 4605 psalmi

166 4606 244 4676 iuxta
259 4607 400 4662 consilium
415 4611 575 4680 peritorum.
1018 4615 1212 4690 quinquaginta
1226 4617 1358 4684 dicantur,
1372 4618 1448 4688 juxta
1462 4620 1661 4676 ordinationem
1676 4629 1706 4676 ct
1725 4623 1820 4695 dispo-

203 4694 249 4752 21.
274 4694 440 4752 Ordinamus
464 4698 538 4770 quod
561 4699 594 4754 de
609 4708 719 4765 caetero,
736 4710 846 4774 prepter
859 4720 966 4775 praeee·
1016 4703 1142 4759 sitionem
1157 4704 1256 4776 prioris
1271 4707 1314 4761 vel
1330 4706 1432 4763 vicarii.

166 4788 244 4852 ptum
257 4783 404 4850 Ecclesia,
421 4785 494 4857 quod
509 4802 557 4856 per
570 4802 666 4843 omnes
688 4788 785 4845 domos
809 4791 913 4846 ordinis
938 4793 967 4847 in
1052 4793 1096 4845 3l.
1112 4792 1341 4850 consuetudinem
1356 4794 1499 4850 domorum
1513 4796 1637 4865 ordinis,
1665 4799 1697 4856 in
1720 4803 1818 4875 quibus

167 4866 247 4923 iestis
261 4869 405 4927 duodecim
415 4872 600 4942 apostolorum
615 4859 700 4930 semel
715 4877 742 4930 in
756 4893 837 4945 anno,
851 4895 966 4952 evange·
1016 4878 1130 4949 singulis
1153 4879 1250 4936 diebus
1273 4881 1357 4938 missa
1378 4883 1412 4938 de
1437 4884 1467 4938 Β.
1484 4883 1568 4939 hieria
1581 4884 1694 4959 virgine
1710 4890 1818 4958 dicitur,

165 4953 290 5010 listamm
299 4964 447 5030 etquattuor
455 4959 597 5015 doctorum
606 4962 671 5016 olim
680 4978 735 5018 non
745 4963 858 5020 lecimus
866 4965 965 5021 festum
1016 4973 1141 5037 tanquam
1156 4977 1278 5024 sanctam
1293 4978 1318 5025 et
1332 4970 1496 5026 laudabilem
1511 4973 1699 5043 approbamus
1715 4987 1743 5034 et
1758 4995 1820 5037 eon·

170 5042 279 5113 capituli
292 5062 299 5109 ;
315 5042 361 5099 fiat
375 5045 475 5101 testum
489 5047 596 5118 capituli
610 5058 737 5120 quantum
753 5052 788 5106 nd
802 5055 964 5134 monachos,
1015 5051 1164 5121 firmamus,
1181 5063 1206 5111 el
1221 5056 1399 5113 admonentes
1409 5058 1436 5112 in
1452 5060 1568 5115 Domino
1582 5065 1738 5123 nonnullos
1748 5069 1822 5140 prio-

166 5131 327 5186 atconversi
350 5132 378 5186 in
398 5134 537 5204 predictis
551 5135 626 5190 lestis
640 5135 668 5191 in
683 5139 811 5209 operibns
827 5145 962 5213 occupati,
1014 5156 1058 5195 res
1071 5149 1097 5197 et
1111 5144 1259 5199 monachos
1273 5145 1378 5200 ordinis
1391 5146 1510 5217 praefatae
1529 5152 1727 5210 consuetudini
1752 5171 1820 5212 con·

149 5228 221 5271 ·non
231 5221 340 5270 cessent
352 5214 386 5269 ab
399 5216 449 5282 eis,
461 5233 512 5273 nec
522 5226 634 5290 propter
644 5221 792 5291 capitulum
806 5224 840 5278 ad
853 5224 963 5281 domurn
1014 5229 1123 5293 trarios,
1140 5231 1212 5302 quod
1225 5231 1259 5286 ad
1274 5232 1403 5289 honorem
1420 5234 1467 5290 Dei
1481 5243 1508 5290 et
1529 5236 1560 5291 B.
1570 5223 1703 5310 Virginis
1720 5244 1821 5300 dietam

162 5300 334 5373 superiorem
367 5304 526 5360 ascendant.
562 5306 680 5362 Nomina
703 5310 887 5379 apostolorum
902 5321 976 5392 sunt,
1013 5317 1238 5374 consuetudinem
1247 5319 1399 5377 devotionis
1413 5321 1541 5395 specialis
1549 5323 1648 5382 intuitu
1664 5328 1821 5391 imitemur.
