3750 5984
60 245 111 302 aaa
396 239 588 299 uxrosrrro
607 240 645 297 ιιι
663 238 853 297 cussonis
872 239 983 298 riou.
1003 271 1038 282 -
1057 241 1094 298 uu
1112 239 1222 300 artsr.
1242 242 1290 298 xo
1305 242 1384 299 aaa.
1420 224 1426 234 ‘
1660 232 1713 299 aaa

58 383 150 434 mom,
165 367 193 423 id
207 366 337 440 estquod
351 366 378 421 in
394 366 640 422 omniadrersitate
654 365 740 421 fortes
753 381 805 420 nos
821 364 862 421 fa·
875 368 903 428 A
915 389 926 414 ι
944 367 1058 423 εἰιιιιιιιιε
1082 375 1132 423 εει.
1158 368 1255 424 Adhuc
1279 367 1392 423 enimin
1414 365 1514 421 lumbis
1538 363 1623 437 patris
1644 370 1713 432 erat,

61 456 125 522 ciat,
143 455 266 512 volentes
291 456 324 510 ad
340 455 436 511 horam
460 455 516 526 pati
530 463 559 510 nt
574 455 602 510 in
616 462 748 509 atomum
763 470 865 526 regne-
919 477 929 507 ι
947 457 1055 529 quando
1082 456 1199 513 obviavit
1223 457 1249 512 ei
1271 455 1482 512 Melchisedech.
1507 454 1535 509 Si
1557 469 1622 527 ergo
1647 468 1716 510 con·

62 559 136 600 mus.
159 544 351 614 Iusiurandum
373 543 480 609 dicitur,
503 543 581 615 quasi
603 543 676 615 quod
697 544 742 612 jus
767 551 808 597 est
832 542 866 597 ad
919 567 930 591 ιι
948 546 1090 600 ειιιιιιιιειίο
1115 561 1165 616 ρει
1188 545 1371 600 sacerdotium
1395 542 1544 600 Leviticnm
1568 550 1626 598 erat
1652 542 1716 613 (po-

59 632 231 706 jurnndum.
248 631 399 700 Perjunum
422 639 583 686 autemnon
600 631 801 701 jusjurandum,
818 629 866 684 sed
920 655 930 679 tt
948 632 1028 703 putus
1043 633 1115 688 enirn
1137 633 1187 687 suh
1200 633 1260 705 ipso
1281 634 1371 706 legem
1396 631 1513 703 accepit)
1537 630 1603 704 quid
1626 630 1717 687 adhuc

61 723 114 794 jas
128 738 185 777 nort
196 719 472 794 jurandadecitnr.
489 721 519 774 In
533 719 584 774 hoc
591 718 807 789 juramentoDei
820 733 867 772 au-
920 744 931 768 ι
949 721 1132 777 necessarium
1148 721 1196 777 fuit
1212 722 1361 778 secundum
1376 720 1501 777 ordinem
1515 718 1718 775 Melchisedech

65 809 219 865 ctoritatem
244 791 377 863 habemus
398 807 516 876 jurandi,
533 807 569 861 ita
592 815 682 862 tamen
706 814 734 861 ut
753 823 804 862 nec
818 822 867 860 sn·
921 832 932 856 «
950 809 1032 863 olium
1056 826 1170 882 surgere
1193 810 1375 877 sacerdotem,
1392 817 1486 864 elnon
1503 807 1716 864 secundumor-

65 897 173 969 perflue
193 897 328 967 iuremus,
354 895 461 951 etiamsi
485 895 626 950 veritatem
646 895 779 960 dicamus,
805 909 866 959 nec,
921 897 1043 953 «dinem
1071 901 1161 953 Aaron
1186 898 1267 954 dici?
1289 897 1433 952 Translate
1458 895 1530 952 enim
1552 893 1716 962 sacerdotio,

66 985 116 1040 ubi
131 1001 245 1041 neccsse
260 993 311 1051 est,
323 983 464 1040 ueritatem
475 984 631 1052 juramento
642 981 803 1039 confirmare
818 983 868 1037 de·
922 1007 933 1035 ι
952 1002 1064 1041 necesse
1079 995 1120 1041 est
1135 994 1160 1042 et
1174 995 1203 1040 ut
1217 987 1287 1057 Iegis
1303 986 1443 1041 translatio
1458 984 1514 1040 fiat.
1530 986 1560 1039 ln
1576 1000 1630 1057 quo
1645 983 1718 1039 enim

68 1088 203 1129 seramus.
215 1073 370 1127 Habeamus
381 1071 506 1127 solatium
521 1088 572 1127 cos
586 1072 634 1143 qai
648 1072 829 1142 consopieras
842 1071 870 1124 in
922 1076 1009 1131 «haec
1032 1075 1167 1142 (licitatur,
1193 1074 1227 1129 dc
1250 1074 1301 1128 alia
1324 1075 1395 1129 tribu
1418 1082 1468 1140 est,
1494 1073 1529 1128 de
1553 1089 1604 1144 qua
1628 1071 1719 1127 nullus

67 1161 145 1218 omni
159 1160 332 1216 tribulatione
347 1160 383 1216 ad
408 1177 486 1233 spem
509 1159 664 1229 tenendam,
680 1175 735 1214 non
759 1166 870 1231 propter
923 1186 933 1210 a
952 1162 1028 1218 altari
1042 1171 1142 1233 praesto
1158 1161 1215 1217 fuit.
1240 1162 1413 1218 Manifestum
1436 1169 1477 1217 est
1502 1161 1573 1216 enirn
1598 1161 1670 1232 quod
1685 1176 1719 1215 cx

67 1249 183 1305 adversa
193 1248 383 1304 deserendam.
395 1248 478 1319 Spem
487 1247 557 1303 duco
570 1249 743 1319 propositam
748 1248 805 1316 jam
817 1262 869 1301 no·
923 1273 934 1297 ι
950 1251 1020 1306 Iuda
1034 1258 1111 1306 ortus
1132 1250 1166 1304 sit
1180 1250 1311 1306 Dominus
1335 1258 1436 1318 noster,
1453 1249 1480 1304 in
1494 1264 1548 1322 que
1563 1249 1635 1303 tribu
1649 1246 1717 1302 nihil

68 1337 157 1393 bIsIn
184 1337 322 1393 Abrohom
346 1344 372 1392 et
393 1335 541 1407 impletam.
570 1335 619 1391 Vel
642 1335 819 1407 propositam,
843 1334 872 1389 id
924 1339 986 1394 «de
1002 1339 1187 1394 sacerdotibus
1209 1338 1318 1410 Moyses
1340 1338 1445 1394 Iocutus
1469 1346 1519 1394 est.
1544 1338 1579 1392 Et
1600 1336 1717 1407 amplius

69 1426 254 1483 esfomuibtts
268 1425 297 1479 in
320 1423 374 1480 fide
390 1424 563 1495 speranlibtts
586 1424 716 1478 oblatam.
739 1422 787 1479 Ille
803 1439 871 1479 con·
924 1450 935 1475 ιι
952 1427 1041 1483 adhuc
1066 1426 1236 1482 manifestum
1261 1435 1312 1495 est,
1339 1427 1362 1482 si
1391 1427 1539 1482 secundum
1562 1423 1718 1480 similitudi-

70 1513 143 1588 fugit
169 1515 205 1569 ad
234 1529 322 1585 spem,
352 1513 398 1585 qui
423 1511 623 1567 tribulationem
647 1511 750 1582 spernit
771 1511 872 1583 gaudio
924 1537 935 1564 ι
952 1532 1016 1571 nem
1039 1515 1239 1572 Melchisedech
1264 1523 1394 1588 exsurget
1417 1515 1487 1570 alius
1507 1516 1646 1580 sacerdos,
1671 1511 1719 1584 qui

69 1602 268 1669 beatitudinis,
297 1617 379 1673 quam
407 1600 459 1655 sibi
495 1599 611 1655 futuram
643 1608 744 1670 sperat.
784 1600 872 1668 Quam
925 1628 935 1652 ι
954 1620 1008 1660 ιιοιι
1024 1604 1173 1660 secundum
1187 1603 1275 1677 Iegem
1291 1603 1411 1659 mandati
1433 1602 1551 1658 carnalis
1565 1601 1651 1657 factus
1666 1607 1718 1668 est,

74 1707 153 1764 spem
177 1690 309 1747 habemur
323 1690 400 1746 εἰειιι
416 1688 571 1746 anchoram
594 1688 699 1743 aalma
723 1692 816 1744 tatem
839 1705 872 1744 oc
887 1715 937 1784 Bu
955 1692 1004 1747 sed
1018 1692 1168 1748 secundum
1189 1692 1313 1748 vinntem
1330 1691 1392 1747 vitea
1413 1690 1565 1745 insolubilis
1587 1687 1713 1761 [dIssolu-

72 1780 208 1849 fiunem
223 1786 251 1834 ut
266 1778 335 1835 sicut
345 1776 464 1833 anchora
479 1777 567 1832 navim
579 1783 653 1831 tenet
667 1792 701 1831 ne
717 1776 874 1849 submerga·
926 1804 936 1828 ι
955 1779 1036 1854 bihel
1053 1782 1226 1836 contestatur
1250 1779 1333 1848 enirn,
1350 1779 1487 1850 quonlam.
1503 1779 1543 1833 Tu
1569 1793 1599 1833 es
1622 1791 1719 1832 sacer·

36 1863 40 1870 ’
72 1879 139 1934 tur;
156 1867 196 1924 8ὶο
222 1883 286 1938 spes
315 1865 432 1921 animam
465 1871 587 1920 110³lr³m
612 1864 695 1920 saciat
722 1872 814 1932 lutam,
839 1880 874 1918 ne
926 1870 1005 1924 udos
1019 1869 1047 1923 in
1061 1877 1191 1926 aeternam
1207 1867 1358 1924 secundnm
1367 1867 1491 1923 ordinem
1507 1864 1719 1921 Melchisedech.

73 1957 267 2026 submergatur
282 1953 478 2010 consentiendo
489 1951 632 2025 iniquitati,
645 1962 672 2008 et
684 1952 791 2007 firmam
802 1950 874 2024 qnod
927 1977 938 2008 ι
956 1957 1119 2028 Reprobatio
1134 1957 1243 2029 quidem
1259 1956 1288 2010 fit
1300 1955 1480 2027 praecedentis
1494 1952 1623 2019 mandati,
1638 1966 1722 2024 prop·

74 2059 217 2117 nunquam
240 2041 360 2114 refugiat
375 2042 429 2113 pati
452 2040 547 2096 saltem
561 2041 590 2095 in
603 2041 715 2111 minimo
739 2041 870 2096 titubans.
927 2069 938 2093 a
957 2044 1195 2100 terium-mitatem
1218 2046 1275 2114 ejus
1300 2051 1326 2099 et
1349 2043 1527 2098 inutilitatem.
1552 2040 1627 2097 Nihil
1648 2038 1721 2095 enirn

77 2132 248 2204 Spemetiam
254 2131 317 2187 dico
323 2130 494 2187 incedentem
504 2146 591 2202 osque
600 2131 632 2185 in
645 2132 784 2187 Interiora
800 2131 876 2185 vele·
928 2157 939 2182 ι
956 2135 990 2188 ad
1004 2133 1156 2204 perfectum
1170 2133 1280 2188 adduxit
1294 2132 1347 2188 lex.
1363 2131 1529 2207 Introductio
1544 2144 1609 2186 vero
1624 2126 1723 2184 melio·

74 2221 174 2287 minis,
189 2220 216 2274 id
240 2228 282 2275 εει
305 2220 333 2273 iu
355 2218 515 2274 interiorem
537 2226 564 2273 et
588 2218 704 2273 velatam
728 2217 876 2274 beatitudi-
928 2245 939 2270 ι
958 2223 995 2277 ris
1011 2222 1079 2294 spei,
1090 2238 1140 2293 per
1151 2238 1229 2294 quam
1244 2220 1431 2292 proximamus
1446 2220 1480 2274 ad
1489 2221 1587 2284 Deum,
1598 2225 1625 2273 et
1640 2231 1724 2288 quam

74 2325 151 2379 nem,
168 2323 251 2380 quom
265 2323 346 2363 nemo
361 2306 508 2363 viventium
523 2304 599 2361 vidit.
616 2307 749 2362 Interiora
762 2306 876 2361 velami-
929 2333 939 2358 ι
959 2319 1015 2366 tum
1030 2318 1071 2366 est
1089 2326 1143 2366 non
1166 2310 1225 2365 sine
1244 2309 1431 2379 jurejurando.
1456 2307 1508 2363 hlii
1532 2305 1643 2378 quidem
1665 2303 1724 2360 sine

76 2397 121 2453 nis
135 2397 276 2452 dicebatur
288 2396 365 2451 locus
381 2395 479 2450 Sancta
495 2401 651 2449 sanctorum
677 2410 737 2466 quta
751 2401 812 2464 post
827 2410 877 2448 ve·
931 2421 941 2447 ι
956 2398 1134 2468 jurejurando
1150 2398 1308 2455 sacerdotes
1323 2397 1386 2453 lacti
1402 2404 1482 2463 sunt,
1497 2394 1541 2451 hle
1555 2402 1646 2449 autem
1660 2407 1724 2448 cum

76 2487 170 2543 lamen
185 2492 273 2541 erant.
291 2486 360 2539 Ante
383 2482 509 2538 velamen
524 2489 613 2538 autem
638 2482 715 2538 locus
739 2482 878 2538 dicebatur
932 2488 1133 2556 «jurejurando
1153 2502 1204 2558 per
1225 2502 1287 2542 eum
1302 2485 1348 2556 qui
1371 2485 1437 2540 dixit
1450 2484 1484 2539 ad
1505 2483 1581 2538 illum
1597 2500 1603 2536 :
1619 2480 1725 2536 Iuravit

77 2575 191 2640 Sancta,
212 2573 239 2626 in
263 2587 318 2644 quo
340 2571 449 2626 stabant
473 2569 638 2636 sacerdotes,
655 2570 703 2625 sed
727 2570 761 2624 ad
785 2578 879 2626 sancta
930 2596 942 2626 ι
960 2575 1091 2631 DurnInus
1115 2584 1142 2631 at
1161 2591 1215 2630 non
1241 2573 1382 2646 poenitehit
1405 2590 1468 2629 eum
1483 2590 1490 2626 ι
1507 2580 1535 2628 tu
1549 2587 1579 2627 es
1594 2569 1724 2626 sacerdos

78 2669 235 2718 sanctorum
256 2659 341 2716 semel
364 2659 392 2714 in
413 2674 485 2713 anno
512 2658 716 2730 ingrediebatur
738 2657 878 2729 pontilex3
931 2687 942 2711 ι
960 2664 987 2718 in
1002 2672 1140 2720 aetemum,
1158 2665 1188 2718 111
1203 2672 1305 2718 tantum
1329 2662 1449 2718 mettoris
1463 2659 1618 2717 testamenti
1640 2672 1726 2730 spon-

79 2766 143 2824 quae
154 2749 284 2806 Interiora
299 2747 441 2804 velaminis
456 2744 646 2819 significabant
661 2746 800 2802 coelestem
815 2747 881 2802 hea-
932 2773 944 2803 ι
962 2769 1009 2808 εει
1030 2752 1117 2809 factus
1141 2761 1182 2808 est
1195 2752 1284 2807 Iesus.
1309 2752 1345 2806 Et
1358 2750 1403 2805 alii
1418 2750 1528 2822 quidem
1548 2749 1642 2820 plures
1663 2743 1728 2802 facti

79 2838 234 2904 titudinem,
249 2837 329 2893 nobis
350 2837 379 2892 in
393 2837 443 2891 hac
457 2834 513 2890 vita
532 2835 660 2891 velatam.
680 2835 714 2890 Et
730 2835 800 2890 sicut
814 2850 880 2906 spe·
934 2864 948 2888 a
962 2850 1024 2897 sunt
1039 2841 1206 2907 sacerdotes,
1222 2840 1325 2896 idcireo
1349 2838 1422 2912 quod
1436 2846 1524 2894 morte
1546 2836 1728 2909 prohiberet).

80 2942 172 2981 ramus
195 2926 260 2982 illuc
282 2925 374 2997 ntique
396 2922 565 2990 incedemus,
582 2923 645 2996 quia
668 2922 831 2990 attineat
854 2922 882 2976 in
934 2938 1007 2986 «tur
1029 2945 1210 3002 permanere3
1230 2929 1274 2985 hic
1298 2936 1388 2984 autem
1413 2942 1445 2982 eo
1467 2926 1540 2998 quod
1567 2930 1676 2980 moneat
1698 2922 1727 2977 in

81 3030 144 3087 quae
158 3013 287 3069 interiora
300 3013 416 3068 introiit
439 3013 519 3068 ferres
541 3028 709 3084 precursor,
725 3011 753 3066 id
768 3019 809 3067 est
823 3027 882 3082 proe
934 3041 946 3071 ι
963 3027 1103 3084 aeternum,
1119 3018 1315 3089 sempiternum
1337 3017 1418 3072 habet
1442 3013 1631 3071 sacerdotium.
1648 3009 1727 3067 Unda

81 3102 163 3159 ”⁰¹³5ss
181 3117 295 3158 ⁰¹¹fs0¹¹⁸
310 3109 338 3156 ¹¹²
362 3116 423 3155 eum
440 3114 597 3172 sequamurr
620 3116 719 3155 δαΐων
742 3099 805 3155 idel)
820 3099 882 3171 (Iuia
898 3075 944 3156 ⁰«
963 3116 990 3164 et
1005 3108 1112 3164 salvare
1135 3108 1162 3162 in
1182 3114 1340 3178 perpetuum
1362 3112 1461 3176 potest,
1477 3102 1613 3159 accedens
1636 3099 1728 3171 [acce-

81 3191 157 3247 nuIla
172 3190 251 3262 culpa
265 3206 376 3246 cursum
398 3189 457 3258 ejus
473 3188 619 3259 aliquando
636 3188 751 3243 reflexit.
767 3188 880 3256 Introiit,
934 3219 944 3245 ι
963 3195 1069 3268 dentes]
1083 3212 1133 3266 per
1156 3194 1331 3265 semetipsum
1345 3193 1380 3248 ad
1397 3194 1494 3261 Deum,
1511 3204 1620 3260 semper
1634 3187 1730 3251 virens

82 3280 204 3352 iuquam,
221 3296 273 3350 pro
288 3278 367 3334 nobis
382 3276 599 3332 introducendis.
615 3277 669 3332 Pro
689 3277 768 3331 nobis
782 3277 883 3348 optime
935 3309 945 3333 ι
963 3285 998 3339 ad
1012 3284 1240 3355 interpellandum
1263 3298 1312 3353 pro
1326 3280 1414 3337 nobis.
1430 3280 1504 3334 Talis
1527 3279 1599 3334 enlm
1614 3275 1731 3333 docebat

84 3368 157 3438 dico,
174 3367 235 3440 quia
256 3369 407 3438 sactu-tesi
425 3366 558 3437 pdnlifex
582 3364 883 3421 nosterduraturusio
936 3397 947 3421 ιι
964 3381 994 3428 ut
1007 3373 1087 3428 nobis
1102 3380 1175 3428 esset
1187 3370 1318 3442 pontifex,
1335 3377 1454 3434 sanctus,
1470 3368 1613 3432 innocens,
1627 3363 1728 3435 impol-

84 3460 237 3524 arenam,
253 3455 407 3512 fecundum
430 3453 599 3525 dign-itatem
614 3452 722 3509 ordinis
741 3452 884 3509 Melchice-
937 3461 1046 3526 ‹lutus‚
1076 3468 1238 3533 segregatus
1265 3474 1281 3513 a
1307 3457 1507 3529 peccatoribus,
1537 3462 1564 3510 at
1596 3450 1730 3509 excelsior

86 3545 166 3601 Wl-
937 3574 947 3599 ι
965 3550 1042 3606 coelis
1065 3548 1162 3605 lactus.
1186 3546 1238 3616 Qui
1265 3562 1321 3602 non
1335 3546 1418 3601 habet
1431 3542 1624 3600 necessitatem
1639 3538 1731 3611 quoti·

389 3682 501 3739 CAPUT
516 3682 564 3737 vn
937 3638 1020 3705 «die,
1045 3636 1274 3710 quemadmodum
1296 3634 1470 3698 sacerdotes,
1499 3630 1573 3703 prius
1598 3644 1649 3700 pro
1673 3624 1730 3682 suis

566 3724 573 3737 ⁸
939 3725 1072 3782 adeIIctis
1087 3724 1189 3781 hostias
1211 3723 1320 3789 offerre,
1341 3721 1440 3778 deinde
1463 3735 1514 3791 pro
1537 3717 1647 3790 populo.
1672 3715 1733 3770 Hoc

127 3822 207 3880 «Mic
228 3821 301 3878 enirn
332 3821 534 3878 Melchisedech
558 3838 604 3878 rex
634 3821 734 3888 Salem,
759 3823 887 3879 sacerdos
938 3814 1039 3871 «cutm
1062 3813 1126 3870 fecit
1148 3813 1233 3869 semel
1256 3812 1377 3883 selpsum
1403 3807 1553 3866 offerendo.
1581 3806 1636 3861 Lex
1659 3802 1732 3860 enlm

91 3935 102 3960 ι
120 3912 170 3968 Dei
185 3911 293 3977 summi,
310 3909 357 3983 qui
369 3910 489 3965 obviavit
503 3910 628 3976 Abrahae,
641 3926 769 3984 regresso
784 3912 887 3966 acaede
939 3927 949 3951 ι
967 3903 1091 3958 homines
1114 3900 1251 3958 constituit
1281 3899 1447 3965 sacerdotes,
1472 3894 1653 3952 infirmitatem
1680 3892 1733 3948 ha·

89 4023 101 4048 ι
119 4015 227 4072 regum,
239 4007 267 4055 et
281 3997 419 4054 benedixit
435 3998 469 4064 ei,
482 3999 524 4054 cui
539 4007 566 4054 et
580 3999 701 4055 decimas
712 3999 833 4055 omnium
848 3999 889 4054 dt.
940 4012 951 4043 ι
969 3992 1082 4057 bentes;
1097 4005 1185 4046 sermo
1199 3997 1289 4044 autern
1309 3985 1489 4058 jurisjurandi
1511 3983 1557 4056 qui
1577 3987 1668 4054 potest
1690 3980 1734 4037 Ie·

91 4111 102 4136 ι
120 4087 184 4144 visit
198 4087 345 4154 Abraham,
363 4085 480 4157 primum
502 4087 612 4158 quidem
627 4087 673 4160 qui
693 4087 889 4158 interpretatur
940 4102 951 4129 ιι
968 4095 1032 4151 gem
1046 4086 1097 4147 est,
1113 4077 1210 4133 Filium
1223 4077 1252 4133 in
1266 4083 1400 4132 aetemum
1413 4073 1573 4147 perfectum.
1591 4095 1602 4122 ιι
1638 4125 1646 4141 ,

91 4199 103 4225 ι
120 4177 314 4248 rexjoste'tioe,
326 4174 425 4230 deinde
433 4182 523 4229 autem
534 4175 688 4243 censalem,
700 4176 772 4247 quod
784 4183 827 4231 est
836 4191 889 4232 rex

93 4286 105 4312 ι
120 4266 210 4337 poce'r,
221 4263 280 4317 siue
294 4273 380 4334 patre,
393 4263 452 4316 siue
467 4270 564 4330 matre,
577 4263 636 4319 siae
650 4263 825 4337 genealogia,
838 4279 889 4319 ne·
1256 4288 1415 4331 „90st

93 4368 176 4424 uque
202 4351 309 4406 initium
333 4350 451 4418 dierum,
476 4367 565 4423 neque
587 4351 669 4407 linem
690 4352 752 4408 vita>
776 4352 888 4418 habena,

93 4438 285 4494 «assimilatus
309 4445 400 4493 autem
422 4438 490 4494 Filio
514 4439 574 4506 Dei,
595 4448 686 4496 manet
707 4441 839 4497 sacerdos
863 4435 931 4496 inD
976 4438 1119 4509 Quomodo
1129 4438 1283 4511 secondum
1293 4437 1422 4493 ordt'rtem
1431 4424 1737 4498 Melchisedech,multia

93 4548 105 4574 a
122 4535 293 4598 perpetuum.
310 4526 455 4581 Intuemini
469 4535 560 4582 autem
576 4535 691 4599 quantus
703 4529 736 4584 sit
745 4528 799 4599 hic,
811 4528 854 4585 cui
865 4536 892 4584 et
940 4528 1107 4600 interpositis
1131 4527 1240 4583 tandem
1263 4524 1430 4597 exsequitur,
1446 4523 1540 4579 dicens
1556 4536 1562 4576 :
1577 4520 1651 4575 Bene
1675 4516 1737 4573 dico

94 4635 107 4662 ι
123 4614 244 4670 decimas
257 4614 333 4670 dedit
344 4614 379 4669 de
394 4615 538 4686 praecipuis
554 4616 695 4672 Abraham
719 4617 886 4689 patriarcha.
940 4617 1034 4673 Iasum
1056 4615 1213 4688 pontificem
1238 4615 1388 4670 secundum
1411 4611 1569 4685 dignitatem
1592 4603 1738 4663 Melchise-

94 4724 107 4751 ι
124 4703 158 4758 Ει
172 4702 282 4774 quidem
297 4702 332 4758 de
346 4701 408 4757 filiis
422 4703 487 4760 Levi
511 4705 693 4760 sacerdotium
715 4706 890 4777 accipientes,
942 4706 1020 4761 dech.
1038 4707 1086 4762 Mic
1101 4706 1178 4762 euim
1193 4701 1390 4760 Melchisedech
1405 4717 1458 4758 ree
1473 4700 1575 4762 Solem,
1591 4709 1652 4767 quae
1666 4704 1739 4747 nunc

95 4813 107 4838 ι
124 4790 283 4846 mandatum
303 4791 404 4846 habent
426 4791 546 4848 decimas
570 4809 677 4850 sumere
691 4810 708 4849 a
723 4794 824 4865 populo
845 4810 892 4850 se·
942 4793 1122 4859 Illemsalem,
1139 4800 1202 4848 tunc
1216 4791 1357 4848 dicebatur
1371 4789 1482 4854 Salem;
1507 4785 1555 4841 sed
1569 4787 1680 4854 propter
1693 4779 1739 4834 Ie·

96 4900 109 4926 a
125 4878 245 4935 cundram
259 4877 360 4951 Iegem,
376 4879 404 4934 id
418 4888 460 4936 est
474 4897 489 4934 a
505 4880 635 4937 fratribus
655 4882 721 4951 suis,
737 4898 892 4954 quanquam
943 4882 1052 4938 busaeos
1067 4897 1127 4936 eam
1140 4888 1237 4952 postea
1255 4878 1447 4942 inhabitantes,
1463 4874 1585 4930 additum
1598 4876 1639 4927 est
1653 4868 1741 4924 Iliertt

97 4988 110 5014 ι
127 4974 154 5022 ει
167 4966 220 5038 ipsi
242 4967 367 5023 exierunt
390 4968 424 5024 de
449 4968 549 5023 lumbis
563 4970 689 5026 Abrahae.
706 4969 789 5039 Cujus
801 4978 892 5027 autern
945 4970 1097 5036 adsolent,
1113 4978 1140 5025 ει
1153 4968 1250 5024 exinde
1263 4981 1364 5022 nomen
1378 4962 1473 5020 habuit
1483 4953 1740 5021 hnmatemtlic,

97 5055 269 5127 «generatio
304 5070 360 5111 non
393 5055 586 5113 adnumeratur
624 5058 652 5113 in
691 5058 747 5128 eis,
773 5058 894 5115 decimes
944 5058 1064 5130 inquam,
1081 5074 1130 5114 rex
1144 5056 1244 5125 Salem,
1259 5055 1309 5112 fuit
1322 5053 1452 5112 racemo
1466 5051 1516 5107 Dei
1530 5049 1645 5114 summi,
1656 5045 1685 5102 id
1699 5046 1741 5100 est

98 5164 111 5191 ι
128 5142 245 5216 sumpsit
258 5143 294 5198 ab
315 5144 454 5200 Abraham
469 5152 496 5200 et
510 5147 581 5202 hunc
606 5147 651 5218 qui
665 5146 782 5203 habebat
795 5162 894 5219 repro·
945 5163 1000 5203 non
1014 5147 1049 5201 ab
1072 5145 1227 5202 hominihus
1241 5159 1329 5216 neque
1352 5159 1403 5214 per
1418 5139 1566 5206 homiuem,
1583 5136 1632 5193 sed
1646 5135 1682 5190 dc
1696 5130 1741 5187 di-

97 5251 111 5278 r
126 5229 897 5291 missIones381benedixit.Siueullaautemcontra-
945 5236 1047 5308 gnitate
1074 5251 1124 5291 sua
1144 5233 1285 5290 conlidens
1310 5229 1458 5301 assumpsit
1480 5227 1533 5284 sibi
1559 5219 1741 5281 sacerdotium

98 5339 110 5366 ι
127 5318 256 5388 dictione,
269 5319 342 5391 quod
356 5321 445 5376 minus
455 5331 507 5388 est,
519 5336 536 5376 a
546 5322 658 5378 meliore
669 5323 849 5379 benedicitur.
861 5325 896 5379 Et
946 5323 1009 5389 Dci3
1021 5325 1069 5397 qai
1078 5322 1276 5380 Melchisedech
1287 5323 1394 5377 chuta-m
1405 5318 1483 5376 verrit
1493 5315 1741 5381 Abrahoereprerse

97 5428 111 5455 ι
128 5407 174 5462 hic
187 5406 296 5478 quidem
311 5407 460 5464 morientes
475 5410 731 5467 hominesdccimas
745 5411 892 5483 accipiunt,
945 5430 963 5468 a
983 5413 1056 5469 ccede
1084 5429 1191 5485 regom,
1214 5409 1260 5483 qni
1280 5411 1330 5466 Lot
1353 5415 1481 5480 nepotem
1504 5418 1581 5459 suum
1605 5395 1743 5455 ducebant

97 5516 111 5543 ·
128 5494 167 5550 ibi
181 5502 272 5551 autem
286 5503 455 5552 contestatur
468 5498 532 5570 qnia
554 5498 629 5555 vivit.
645 5500 679 5554 Et
702 5507 731 5555 ut
744 5499 780 5555 ita
793 5500 896 5556 dictum
946 5500 1093 5573 captivum,
1110 5507 1136 5555 et
1151 5499 1176 5555 ei
1190 5498 1308 5554 ahrahae
1318 5495 1455 5552 benedeit
1468 5484 1678 5553 Melchisedech,
1694 5497 1741 5540 cot

98 5606 111 5632 ι
128 5583 165 5640 sit
177 5598 229 5656 per
242 5583 379 5641 ahraham
394 5585 509 5655 etheri,
524 5585 571 5659 qni
586 5585 706 5644 decImas
725 5588 831 5661 accepit
843 5588 896 5646 de·
946 5588 1118 5647 bencdtcentl
1132 5587 1185 5644 sIbI
1198 5588 1338 5644 Abrabam
1366 5584 1464 5641 dtotstt
1479 5581 1601 5638 deotmot
1613 5571 1742 5634 omntcm

207 5681 328 5740 Parnoi..
343 5681 434 5741 ctttt.
1602 5672 1637 5728 tt
