3742 5986
64 202 68 206 ·
100 185 169 239 tots
520 186 550 242 S.
574 185 733 243 nodosus
751 183 858 241 EPlSC.
879 181 1040 240 LINCOLN.
1061 181 1143 241 ORD.
1164 183 1289 241 caudit.
1699 190 1759 244 tots

95 315 128 365 ,et
142 324 175 364 ex
190 308 266 366 clero
288 325 400 381 prorsus
426 310 576 375 innumeri,
601 309 765 365 unanimiter
779 316 856 365 erant
871 308 933 369 eiA
983 307 1107 363 Vidimus
1121 309 1266 381 quemdam
1281 308 1310 364 in
1323 309 1543 368 londinensium
1558 313 1685 370 civitate
1694 331 1762 386 pra·

103 396 324 453 conclamantes:
341 398 517 463 Benedictus,
530 398 663 470 qoiucnit
674 398 828 452 innomine
842 398 897 453 Do·
947 402 1095 467 potentem,
1124 396 1275 452 Jordanum
1303 397 1337 453 de
1367 399 1447 454 Turri
1474 400 1654 471 vocitatum,
1686 419 1762 474 quem

103 485 396 554 mini(llcttlt.xrt1u,
411 487 466 555 39).
483 486 619 555 lpscrero
634 491 717 540 totum
732 485 799 551 Deo,
816 483 897 540 etui-
947 484 1107 539 auctoritate
1121 483 1225 539 domini
1240 500 1318 556 papae
1333 485 1482 543 litterarum
1504 489 1600 559 injus
1625 497 1763 546 traxerant
1798 474 1802 563 ¹3

102 571 141 626 hil
154 571 218 638 sibi,
233 573 357 628 tribuens
371 573 550 629 benedicebat
565 572 718 639 Dominum,
728 572 775 645 qui
788 588 897 643 semper
947 587 1083 643 pauperes
1099 578 1125 627 et
1139 572 1231 642 pusilli
1245 573 1299 628 duo
1314 573 1365 629 snb
1380 575 1520 632 tutoribus
1535 578 1636 633 adbuc
1652 587 1764 651 agentes

103 658 131 714 iu
143 659 268 715 omnibus
282 660 436 732 triumphat.
947 659 1062 730 orphani
1077 675 1161 730 super
1170 659 1261 732 iniqua
1281 661 1438 719 detentione
1452 665 1652 736 quarumdam
1669 667 1765 723 domo·

318 818 321 822 ‚
518 804 528 817 .
948 763 1019 815 rum,
1043 747 1218 803 haereditaria
1242 750 1416 806 successione
1440 751 1510 823 ipsis
1527 756 1764 825 competentium.

379 803 491 859 CAPUT
504 804 601 858 mn·
948 837 1065 890 Causam
1075 835 1163 906 ipsam
1191 835 1219 890 in
1246 835 1337 891 lorum
1351 838 1576 897 ecclesiasticum
1595 842 1709 911 titulus,
1724 845 1765 899 cui

103 926 178 998 (sot)
197 927 323 996 Qualiter
334 926 478 982 badensis
493 928 563 984 οοίὶι
575 926 754 983 Cartbcsicm
769 928 895 992 visitare,
947 922 1088 978 dicebatur
1102 923 1188 989 inniti,
1206 923 1355 980 adduxerat
1369 941 1528 983 usurarum.
1545 929 1604 984 Hic
1630 930 1682 985 die
1695 947 1765 1002 prae·

137 997 253 1053 cedendi
266 999 386 1070 pctitnm
397 998 542 1054 licentiam
553 997 754 1063 conciliauit,
770 1003 798 1054 ct
813 1014 897 1071 quam
947 1008 1010 1076 fixa,
1025 1026 1081 1065 non
1092 1011 1171 1082 quasi
1184 1010 1349 1084 litigaturus,
1366 1013 1416 1070 scd
1430 1016 1510 1087 quasi
1539 1016 1603 1072 litis
1635 1034 1765 1091 progres

138 1068 783 1208 {tcta{strurecesseras
799 1073 897 1203 tre
1240 1099 1274 1154 e
1296 1101 1471 1173 caere
1499 1103 1632 1175 sm„
1651 1107 1765 1178 see

138 1211 166 1263 ct
181 1223 265 1279 qaam
284 1224 368 1277 prave
381 1209 471 1279 fcerit
487 1209 540 1263 sibl
555 1224 584 1263 se
594 1208 627 1263 de
645 1209 897 1279 nequitissoecalc·
948 1186 1072 1257 ‘dimine’
1094 1194 1325 1260 P¹⁰P⁰8¹¹³l⁰l¹¹ffl
1338 1189 1428 1260 P⁰li¹¹⁵
1442 1207 1528 1263 quam
1543 1193 1762 1263 ³⁶V00⁸²⁰f¹1ffl2

138 1278 215 1334 dtus
224 1280 415 1349 personaliter
432 1279 635 1342 intromittere,
652 1295 713 1349 quea
726 1279 791 1334 aliis
806 1279 897 1349 impe·
947 1274 1070 1330 accessit.
1081 1274 1131 1330 Cui
1141 1274 1382 1343 dumlitteratoria,
1393 1277 1511 1336 simulet
1521 1279 1591 1336 viva
1608 1297 1685 1338 uoce
1694 1282 1764 1337 inhi-

137 1349 233 1405 utmda
243 1350 367 1414 centuli,
383 1348 511 1416 fidelibus
526 1352 555 1404 ⁶²
568 1349 707 1404 dltssttlt't·
948 1361 1065 1419 bitiones
1079 1377 1232 1434 precesque
1248 1362 1411 1421 obtulissent
1420 1367 1572 1438 stipatores
1589 1369 1650 1435 sui,
1661 1378 1717 1425 tam
1732 1387 1764 1426 ex

137 1453 274 1509 Habuerat
287 1469 352 1508 saue
364 1468 420 1522 Jam
436 1453 482 1508 diu
496 1453 523 1507 in
537 1453 617 1521 votis,
645 1460 708 1509 aute
736 1453 797 1508 ritca
823 1469 897 1524 prae·
947 1457 1023 1520 parte
1033 1450 1136 1505 domiui
1150 1450 1224 1523 regis
1240 1467 1321 1524 quam
1332 1459 1359 1508 et
1372 1452 1484 1509 aliarum
1510 1456 1686 1513 sublimium
1714 1474 1764 1530 po·

103 1541 187 1597 sentis
201 1556 356 1608 excursum,
373 1541 517 1612 episcopus
542 1540 632 1597 locum
657 1541 808 1596 carthusia
821 1557 897 1597 sem·
947 1544 1084 1605 testatum,
1100 1553 1216 1595 necnon
1230 1546 1257 1595 et
1272 1539 1373 1596 ciuium
1388 1543 1575 1600 communiter
1592 1545 1764 1602 Londonen·

102 1645 153 1700 per
165 1637 281 1685 amatum
298 1628 384 1694 adire,
397 1635 550 1700 statumque
566 1628 670 1683 ordinis
693 1628 898 1700 presentialiter
912 1626 1027 1717 Baium,
1044 1643 1079 1681 ue
1094 1626 1121 1681 in
1136 1641 1220 1691 causa
1248 1628 1309 1699 ipsa
1335 1630 1507 1700 procederet,
1533 1632 1604 1705 quia
1620 1633 1647 1689 si
1662 1634 1763 1691 taceret

102 1716 209 1783 intueri,
226 1724 253 1773 et
267 1717 361 1790 gregis
376 1717 457 1784 illius,
474 1733 554 1789 quam
564 1716 664 1788 pusilli,
674 1723 730 1772 tam
746 1725 771 1773 et
782 1717 898 1773 sanctis·
948 1715 1010 1781 hcc,
1027 1722 1055 1769 ut
1070 1715 1240 1783 asserebant,
1255 1716 1283 1770 in
1309 1732 1366 1773 suae
1394 1718 1469 1774 urbis
1496 1722 1703 1792 praejudicium
1717 1741 1762 1780 re·

103 1804 174 1868 simi,
187 1813 297 1876 aspectu
312 1813 339 1860 et
363 1804 446 1860 allatu
461 1804 568 1861 interna
595 1821 642 1859 sua
658 1805 792 1861 desideria
807 1805 899 1861 abex-
948 1801 1092 1858 dundaret.
1126 1803 1193 1858 Cnm
1222 1819 1289 1877 erqo
1308 1819 1466 1862 assessores
1480 1815 1509 1863 et
1540 1809 1699 1868 domestici
1722 1812 1762 1867 sui

8 1922 13 1927 -
103 1892 188 1948 ternis
210 1893 368 1948 tumultibus
396 1892 589 1964 aliquantulum
614 1893 774 1964 respirando
788 1893 898 1948 uberius
948 1891 1153 1947 subsistendum
1162 1907 1224 1948 esse
1239 1892 1267 1947 iu
1282 1908 1368 1950 causa
1381 1893 1428 1950 illa
1436 1897 1612 1954 unanimiter
1623 1899 1761 1956 decerne·

102 1981 236 2037 refovere.
253 1980 626 2053 Optaveratproleotoetiam
641 1981 756 2038 sarcina
770 1988 898 2052 pastora-
948 1987 1018 2044 rent,
1035 1979 1080 2035 ille
1101 1979 1169 2035 intra
1199 1980 1321 2052 seipsum
1348 1982 1487 2052 paululum
1518 1985 1696 2054 deliberans,
1712 1990 1760 2045 bac

103 2069 137 2126 lis
152 2086 225 2126 curre
240 2085 273 2125 ex
288 2070 405 2143 integro,
421 2068 566 2125 sidaretur
581 2069 705 2139 facultas,
731 2070 898 2136 renuntiare,
948 2067 1058 2122 demum
1087 2082 1154 2124 voce
1183 2085 1376 2141 oppressorem
1413 2071 1547 2143 opprimit
1575 2075 1758 2147 pupillorum.

104 2173 165 2214 cum
191 2158 336 2214 mundanis
363 2157 455 2213 litibus
483 2157 642 2214 decidendis
681 2157 730 2213 sub
767 2166 899 2230 praetextu
949 2155 1109 2211 bleminerat
1123 2156 1195 2211 enirn
1223 2157 1269 2213 ille
1296 2159 1481 2230 orphanomm
1508 2168 1592 2232 pater
1608 2163 1760 2235 Scriptura

103 2246 252 2317 spiritualis
274 2245 371 2313 cilicii,
396 2246 512 2314 ordine,
540 2254 569 2302 ut
591 2245 768 2313 memorabat,
791 2262 900 2318 praepo·
949 2244 1088 2300 dicentis:
1107 2266 1118 2295 ι
1136 2244 1241 2317 Pupilla
1256 2254 1283 2300 tu
1306 2247 1361 2302 eris
1375 2248 1483 2317 adjutor
1495 2249 1595 2321 (Psal.
1621 2266 1654 2320 x,
1673 2255 1727 2323 11).
1746 2277 1757 2302 ι

103 2341 187 2400 atero,
200 2334 360 2391 totislerme
375 2333 471 2390 dicbus
486 2334 781 2408 cogereturinseruire.
799 2358 810 2382 α
827 2334 897 2405 lam,
949 2332 994 2388 Ait
1016 2333 1131 2406 itaque:
1150 2355 1161 2384 ι
1187 2333 1309 2402 Revera,
1338 2335 1465 2406 iordane,
1491 2354 1658 2412 quanquam
1679 2342 1758 2397 uobis

104 2421 201 2494 iuquit,
219 2422 324 2479 urbium
349 2429 482 2494 praetores
497 2422 541 2479 vel
566 2422 708 2494 praesides,
729 2431 756 2479 et
778 2423 900 2479 Ecclesi·
951 2420 1085 2478 exstiteris
1099 2422 1210 2490 charus,
1226 2422 1381 2480 nullatenus
1391 2432 1482 2481 ιιιιιιιιι
1491 2435 1592 2482 contra
1609 2429 1702 2485 Deum
1712 2430 1758 2484 tibi

103 2525 181 2567 arum
195 2511 339 2583 presules,
354 2527 387 2568 eo
403 2510 461 2568 lere
475 2510 535 2568 solo
548 2511 651 2568 distare
669 2518 816 2568 cernuntur
826 2513 900 2583 quod
950 2509 1057 2566 deterre
1072 2509 1204 2566 valemus.
1220 2511 1331 2579 Verum,
1349 2513 1413 2584 quia
1439 2521 1538 2570 contra
1553 2523 1597 2571 tot
1625 2525 1654 2572 et
1668 2525 1756 2574 tantos

103 2599 149 2655 isti
163 2599 308 2666 continuis,
324 2599 363 2654 illi
377 2599 474 2655 diebus
488 2599 655 2671 interpolatis
679 2607 778 2656 vacant
805 2599 899 2655 loren·
950 2597 1070 2655 lautores
1085 2607 1145 2654 tuos
1164 2599 1222 2668 niti,
1244 2615 1300 2656 non
1322 2601 1405 2657 modo
1419 2601 1542 2672 parvulis
1567 2603 1646 2673 istis,
1663 2606 1719 2662 imo
1732 2615 1757 2663 et

104 2687 180 2742 sibus
194 2686 298 2758 litigiis.
314 2687 370 2743 lllis
394 2686 532 2743 interdum
558 2687 621 2743 licet
632 2686 672 2743 rei
687 2686 827 2743 familiaris
843 2703 899 2742 suae
950 2687 1107 2758 nobisipsis,
1123 2688 1277 2760 nostrisque
1296 2689 1485 2759 conjudicibus
1499 2699 1615 2748 constat
1629 2710 1695 2751 esse
1717 2696 1756 2750 in·

103 2773 261 2830 utilitatibus
275 2773 437 2842 consulere,
452 2773 511 2829 istis
526 2774 586 2844 ipsa
597 2774 677 2830 etiam
689 2774 842 2830 animarum
854 2791 900 2830 su·
950 2775 1026 2843 utile,
1044 2775 1107 2846 quid
1124 2776 1209 2831 simus
1224 2778 1321 2844 acturi,
1336 2779 1463 2834 nolumus
1478 2786 1504 2835 te
1518 2779 1619 2836 latere.
1637 2782 1693 2839 Pro
1700 2800 1756 2841 me·

105 2877 182 2919 arum
211 2862 323 2934 negotia
345 2862 390 2917 vix
415 2862 580 2936 quaudoque
600 2863 763 2934 permittitur
773 2870 898 2919 tractare.
949 2863 1010 2934 ipso
1025 2871 1115 2918 tamen
1124 2864 1222 2935 loquor
1238 2883 1245 2919 :
1261 2865 1394 2922 liberabo
1409 2867 1530 2922 animam
1555 2885 1666 2926 meam.
1684 2873 1755 2928 Scn'·

141 2949 340 3008 sollicitaverat
367 2951 448 3006 etiam
475 2951 595 3007 secundo
621 2950 664 3006 vel
702 2952 781 3007 tertio
818 2966 900 3007 aures
950 2952 1011 3007 barn
1026 2967 1092 3024 ergo
1106 2951 1216 3008 domiuo
1230 2968 1307 3024 papae
1323 2954 1388 3026 quia
1402 2963 1431 3009 tu
1457 2955 1533 3011 solus
1547 2956 1577 3011 in
1600 2959 1686 3014 terris
1700 2960 1756 3015 istis

105 3040 204 3096 summi
217 3039 354 3112 pontilicis
364 3056 413 3110 per
422 3039 601 3095 internuntios
616 3055 699 3111 super
713 3039 901 3109 hujuscemodi
952 3041 1010 3109 eius
1030 3039 1211 3109 jurisdictioni
1232 3043 1404 3110 contradicis,
1430 3043 1544 3116 ejusque
1559 3049 1753 3104 auctoritatem

105 3129 197 3186 cordia
212 3129 254 3185 sui
268 3128 428 3200 proposito;
444 3128 493 3183 sed
508 3135 535 3184 et
557 3127 603 3182 ille
619 3128 774 3184 nullatenus
803 3128 901 3200 acqui·
952 3128 1026 3183 solus
1040 3136 1069 3198 tu
1084 3142 1217 3184 evacuare
1245 3130 1397 3186 contendis.
1417 3154 1428 3181 ι
1446 3132 1501 3188 Hac
1529 3132 1577 3189 ille
1607 3137 1753 3203 senmutia,

106 3234 213 3284 escens,
230 3217 378 3272 uonmodo
406 3216 563 3287 petitionem
592 3217 651 3287 ejus
676 3216 834 3287 repellebat,
852 3217 901 3271 sed
952 3231 985 3272 ac
1001 3216 1024 3272 si
1047 3217 1147 3288 sagitta
1164 3216 1298 3287 feriretur,
1327 3218 1571 3290 pradicordialiter
1595 3229 1690 3279 tactus
1703 3225 1756 3296 (ni-

107 3314 134 3361 et
147 3305 285 3377 petitionis
299 3305 464 3360 mediatores
479 3304 574 3359 durius
584 3304 759 3377 objurgabat.
773 3304 903 3360 Omnium
952 3304 1049 3360 mirum
1064 3304 1229 3378 intelligens,
1247 3307 1341 3378 quanti
1349 3306 1421 3363 soret
1439 3308 1573 3378 ponderis
1590 3310 1694 3369 relatio
1707 3313 1756 3368 ista

107 3394 179 3450 euim
194 3407 261 3449 sane
280 3392 446 3449 difficiliores
466 3400 492 3448 et
507 3392 594 3464 magis
617 3392 718 3448 arduas
731 3393 903 3464 negotiorum
952 3393 979 3448 in
1003 3393 1114 3448 auribus
1139 3394 1237 3448 summi
1251 3393 1398 3465 pontificis,
1425 3397 1578 3467 prasertim
1602 3400 1709 3456 emissa
1723 3401 1756 3456 ab

106 3481 271 3550 decisiones,
283 3496 351 3554 quas
365 3481 435 3536 inter
447 3479 516 3535 fines
532 3480 614 3536 totius
628 3480 734 3553 dugliae
744 3480 904 3536 auctoritate
953 3497 1001 3537 ore
1015 3481 1065 3536 riri
1080 3481 1147 3536 tanti
1162 3482 1291 3555 nominis)
1306 3490 1422 3539 tractare
1436 3484 1519 3555 coepit
1547 3486 1575 3540 in
1605 3488 1757 3544 continenti

108 3569 235 3627 ventilari
249 3569 445 3643 contingebant
461 3568 621 3641 apostolica,
642 3569 770 3640 episcopo
789 3568 903 3641 delega·
953 3584 1015 3626 oum
1030 3570 1087 3626 suis
1101 3586 1183 3642 super
1205 3571 1373 3628 restitutione
1388 3571 1509 3628 iacienda
1529 3573 1684 3632 destitutis.
1700 3578 1757 3634 Nec

109 3660 153 3714 bat
178 3657 360 3715 Lincoluieusi
389 3658 475 3729 (aab),
501 3666 620 3730 quoquot
651 3657 707 3713 suis
737 3658 904 3730 temporibus
954 3659 1026 3715 euim
1041 3658 1124 3713 alium
1139 3659 1239 3714 exitum
1258 3659 1360 3715 invenit
1383 3661 1460 3716 alias.
1476 3662 1568 3718 Verba
1584 3664 1692 3736 quippe
1706 3666 1756 3722 viri

108 3746 242 3804 Ecclesia
255 3747 443 3817 praesederuut
464 3745 579 3802 Romani
595 3746 693 3801 summi
715 3745 866 3818 pontiticcs.
950 3748 1028 3817 justi,
1040 3747 1110 3803 sieut
1122 3747 1223 3803 stimuli
1247 3747 1326 3820 quasi
1342 3748 1369 3802 iu
1391 3747 1475 3804 altum
1486 3748 1580 3820 delixi,
1597 3766 1658 3808 non
1684 3754 1755 3818 dico,

145 3836 272 3893 Persouae
300 3849 409 3906 quoque
450 3833 624 3889 nihilominus
640 3874 647 3900 ,
664 3842 691 3890 et
708 3833 859 3890 mediocres
878 3841 905 3890 et
954 3836 1061 3902 cedere,
1079 3835 1127 3890 scd
1142 3851 1192 3892 nec
1209 3835 1303 3907 attingi
1313 3836 1424 3908 (pridem
1440 3837 1592 3894 rationibus
1608 3848 1659 3894 aut
1677 3841 1757 3896 blau-

109 3922 220 3992 intimae,
246 3930 373 3994 quantum
401 3922 436 3977 de
454 3922 559 3976 meritis
591 3922 792 3992 praesumebant
814 3936 905 3978 causae
955 3923 1028 3980 ditiis
1043 3924 1185 3995 quiverant
1199 3923 1249 3979 riri
1263 3924 1290 3978 in
1317 3924 1491 3996 generatione
1520 3940 1571 3980 sua
1595 3928 1757 3997 prudentis·

111 4027 177 4078 sua,
194 4017 298 4065 tanturn
313 4024 405 4066 coram
420 4024 453 4065 ιο
467 4016 562 4064 contra
586 4025 649 4065 suos
664 4009 838 4065 adversarios
853 4025 905 4080 op·
956 4011 1025 4066 simi.
1042 4012 1102 4066 llox
1124 4012 1205 4083 igitur
1232 4012 1459 4084 conquerentibus
1471 4013 1506 4069 ad
1520 4013 1696 4087 condignum
1710 4031 1756 4071 sa-

109 4101 204 4156 tabant
216 4097 333 4169 litigare.
349 4097 414 4153 Illos
429 4097 511 4161 euim,
537 4097 599 4153 siro'
619 4097 721 4153 viribus
744 4097 904 4164 niterentur,
956 4098 1064 4166 tisfecit,
1083 4115 1135 4155 nec
1160 4099 1270 4171 quidem
1287 4100 1347 4155 sine
1374 4101 1488 4169 enormi,
1514 4109 1544 4156 ut
1562 4104 1695 4169 asseruit,
1711 4104 1754 4159 di·

110 4188 168 4245 sive
176 4194 346 4244 armarentur
355 4186 435 4251 dolis,
446 4185 496 4242 sub
506 4185 631 4242 examine
635 4186 736 4255 judicis
741 4186 904 4255 iustissimo,
956 4189 1070 4260 spendio
1085 4195 1251 4258 sumptuum,
1269 4204 1337 4260 quos
1348 4188 1469 4245 infundo
1492 4189 1552 4260 ipse
1566 4192 1751 4261 expenderat.

110 4284 137 4332 et
158 4277 256 4333 veritas
278 4274 384 4331 lucilius
412 4274 601 4341 convincebat,
631 4282 658 4329 et
686 4275 800 4346 aequitas
827 4275 906 4331 citius
957 4276 1001 4332 Sic
1021 4292 1077 4331 una
1103 4276 1249 4347 brevisque
1276 4276 1328 4331 viri
1340 4276 1403 4345 justi
1434 4276 1548 4332 obtinuit
1564 4278 1699 4349 allegatio
1718 4281 1756 4347 id,

109 4365 284 4435 percellebat.
300 4365 369 4419 Nam
383 4371 409 4419 et
423 4362 476 4418 hoc
494 4379 603 4434 quoque
621 4362 723 4418 donum
733 4372 876 4435 acceperat
890 4361 941 4420 al)
955 4365 1027 4437 quod
1042 4365 1085 4420 vix
1103 4380 1221 4436 uuquam
1237 4364 1394 4420 crederetur
1413 4364 1537 4422 obtinere
1552 4366 1758 4424 causidicorum

109 4453 178 4521 Deo,
195 4460 233 4522 ut,
249 4452 317 4507 sieut
341 4467 375 4507 eo
402 4466 484 4507 nemo
506 4451 576 4523 requi
597 4460 623 4507 et
642 4451 707 4507 recti
723 4452 853 4519 tenacior,
869 4452 906 4506 ita
956 4453 1123 4524 quantalibet
1141 4452 1296 4508 multitudo.

21 4561 31 4584 e
110 4557 191 4598 uerno
205 4541 372 4596 inueniretur
382 4539 417 4595 dc
428 4539 512 4605 sacili,
525 4540 570 4610 qui
586 4556 619 4595 eo
635 4539 774 4595 videretur
784 4540 906 4595 volocior
991 4541 1065 4597 Licet
1080 4556 1155 4609 vero,
1172 4541 1199 4595 in
1210 4540 1343 4596 similibus
1358 4556 1481 4611 persepe
1503 4540 1627 4609 casibus,
1647 4543 1757 4600 naufra-

110 4631 168 4686 sire
182 4629 288 4686 acutior
301 4628 328 4683 iu
342 4628 513 4684 discussione
523 4628 580 4682 veri
595 4636 621 4682 et
632 4627 703 4682 salsi.
736 4626 814 4695 Quod
830 4628 857 4682 in
873 4643 905 4682 eo
956 4631 1030 4704 genti
1047 4629 1198 4684 subsidium
1212 4637 1354 4700 praestaret
1376 4628 1539 4685 innocentia
1563 4645 1614 4684 seu
1639 4633 1756 4697 veritati,

109 4719 281 4776 attendentes
294 4717 332 4783 bi,
347 4715 392 4788 qui
405 4715 548 4786 peritiores
567 4715 595 4769 in
620 4715 680 4784 jure
706 4723 731 4769 et
750 4715 777 4769 iu
794 4716 906 4770 ventila·
956 4718 1097 4790 indignum
1113 4726 1202 4773 tamen
1218 4716 1353 4788 pontilicis
1376 4731 1460 4788 opera
1488 4716 1636 4786 reputabat
1652 4718 1757 4775 sollici-

107 4808 226 4863 tionibus
245 4805 395 4861 forensium
410 4804 467 4860 sire
489 4804 736 4861 ecclesiasticarum
764 4818 905 4859 causarum
955 4807 1086 4873 tudinem,
1108 4823 1160 4877 qua
1192 4806 1265 4863 circa
1294 4813 1400 4862 terrena
1415 4812 1441 4861 ct
1473 4804 1631 4860 transitoria
1659 4808 1758 4879 saepius

108 4894 325 4952 exercitatissimi
354 4892 533 4959 habebantur,
566 4892 706 4948 miraculis
721 4892 902 4959 ascribebant,
956 4910 1036 4967 quam
1053 4911 1117 4966 erga
1133 4895 1296 4950 coelestiact
1323 4902 1424 4949 mterua
1445 4900 1613 4948 uersaretur.
1631 4895 1759 4951 Portabat

108 4984 232 5039 dumille
254 4981 346 5037 taliun
363 4982 484 5036 insuetus
514 4989 540 5035 et
568 4981 646 5051 quasi
671 4980 764 5053 legum
786 4981 904 5046 nescius,
956 5000 1031 5049 uero,
1043 4983 1128 5039 sedin
1144 4983 1271 5054 angaria,
1288 4999 1396 5039 crucctn
1417 4981 1573 5051 hujusmodi
1602 4983 1754 5049 actionum,

107 5072 229 5128 omnium
243 5069 410 5141 precederet
419 5067 555 5133 acumina,
580 5076 607 5122 et
621 5068 732 5137 ingenia
745 5069 906 5139 praevolaret
955 5073 991 5127 de
1010 5072 1095 5127 solius
1114 5071 1277 5127 ohedientia
1304 5071 1411 5140 merito,
1440 5070 1624 5126 excreationis
1663 5073 1756 5143 potius

106 5159 339 5231 jurisperitorum.
955 5158 1113 5232 suffragium
1129 5176 1211 5232 quam
1223 5159 1364 5231 praemium
1384 5159 1422 5213 rei
1451 5157 1690 5228 commendabilis,
1708 5176 1758 5215 ex-

144 5339 215 5404 (181)
246 5339 330 5390 ltctata
361 5338 385 5386 in
415 5336 461 5386 boc
491 5339 570 5402 eapite
614 5337 718 5388 dirersis
753 5336 907 5398 contigerunt
956 5338 1206 5389 censisaCoelestiuo
1215 5351 1276 5401 papa
1289 5338 1418 5389 commissa
1427 5337 1534 5395 tucruut,
1548 5337 1629 5388 retcrt
1644 5338 1762 5389 baronius

113 5408 197 5458 annis.
956 5406 986 5456 ad
999 5417 1076 5456 annos
1092 5406 1165 5466 1191,
1180 5404 1244 5456 1199
1255 5409 1280 5456 et
1295 5405 1373 5469 ltus,
1395 5404 1461 5468 ipsas
1481 5415 1551 5468 papae
1568 5403 1669 5457 litteras
1687 5405 1763 5457 addu-

144 5489 215 5555 (285)
227 5491 284 5552 Quae
296 5491 390 5555 lluroni
402 5493 485 5544 nostro
497 5491 522 5542 in
534 5490 613 5542 causis
624 5487 803 5552 archiepiscopi
813 5486 906 5539 libora-
956 5472 1043 5522 cende.
