3742 5986
184 94 233 176 tsi
452 114 483 173 S.
514 110 691 172 sauroms
719 100 1043 172 clarausmn'oauu
1070 101 1314 161 msrmuroms
1328 101 1509 170 oremus
1522 107 1558 163 11.
1781 110 1834 169 nr

994 239 1129 299 AFilium
1151 241 1301 299 novissime
1324 241 1387 307 luit,
1416 239 1517 296 nullius
1541 239 1661 297 novitate
1686 234 1835 295 locutionis

1031 328 1143 385 ulterius
1156 330 1339 399 immutanda,
1355 330 1404 385 sed
1424 329 1489 385 olim
1513 328 1620 385 locutus
1642 327 1671 382 in
1692 325 1834 398 prophetis

222 417 420 488 llultisurium,
437 424 490 472 etc.
505 418 584 473 Nunc
605 417 633 471 in
648 416 781 489 principio
802 419 921 489 probare
936 419 980 474 in·
1031 425 1072 471 est
1082 418 1239 482 novissime,
1255 419 1318 490 quia
1328 418 1470 474 veritatem
1482 417 1623 473 locuturus
1630 416 1659 471 in
1677 415 1747 471 Filio
1769 414 1831 470 des·

183 505 268 562 tendit
282 506 417 561 Christum
433 505 530 560 Filium
544 505 594 559 Dei
609 506 774 561 audiendum
789 523 861 573 esse,
884 507 980 564 conle—
1030 512 1168 562 tracturus
1188 514 1245 561 erat
1271 507 1405 572 umbram,
1430 522 1510 577 quam
1538 504 1745 577 loquebaturin
1766 517 1832 574 pro-

184 595 270 650 rendo
287 611 348 650 eum
362 592 513 665 prophetis,
528 593 583 664 qui,
610 595 633 648 si
653 593 714 649 ideo
728 595 857 650 audiendi
873 595 982 650 luerunt
1030 593 1128 664 pbetis.
1144 596 1180 649 Et
1199 595 1221 649 si
1235 596 1385 666 prophetas
1399 594 1527 663 audistis,
1543 594 1608 665 quie
1629 594 1705 649 Deus
1726 591 1832 648 locutus

184 682 247 755 quis
261 685 333 738 Deus
348 698 398 754 per
413 697 460 736 eos
474 689 503 736 ut
517 697 566 752 per
581 681 790 737 instrumentum
807 683 914 739 locutus
928 691 979 753 est,
1030 689 1072 735 est
1098 682 1126 736 in
1153 682 1302 753 prophetis,
1332 681 1525 738 abundantius
1549 681 1694 737 observate
1713 695 1776 752 quae
1798 678 1832 734 de

182 770 372 844 multomagis
386 770 555 826 observanda
576 777 638 824 sunt
662 779 799 842 praecepta
819 772 932 839 Christi,
951 772 980 826 in
1030 770 1088 824 Deo
1119 769 1146 824 iu
1176 770 1243 825 Filio
1268 770 1392 825 audistis.
1423 771 1502 825 Nune
1529 769 1624 840 incipit
1655 766 1832 840 magnificare

183 877 237 933 quo
251 861 325 914 Deus
346 859 452 914 locutus
473 868 523 922 est,
546 865 575 912 ut
594 859 621 912 iu
645 858 721 914 Filio.
747 858 857 914 Confert
881 860 980 915 iterum
1030 857 1139 925 Filium,
1169 858 1250 913 modo
1278 857 1428 913 secundum
1451 858 1606 926 humanam,
1631 856 1716 912 modo
1736 872 1831 912 secun·

183 949 319 1005 Christum
333 946 448 1019 angelis,
465 946 529 1018 quia
543 946 566 1000 si
582 947 664 1001 verba
687 947 846 1019 augelorum
867 963 918 1018 per
931 964 979 1004 eos
1030 944 1094 999 dum
1121 945 1259 1010 divinem,
1287 946 1369 1002 modo
1397 947 1548 1001 secuudum
1576 953 1723 1016 utramque
1751 944 1830 1000 simul

181 1033 376 1104 prophetarum
411 1030 516 1101 prolsta
543 1029 778 1098 observabantur,
807 1032 979 1087 observande
1030 1033 1207 1088 substantiam
1239 1033 1334 1089 dicens
1359 1051 1366 1090 :
1398 1033 1484 1100 Quem
1512 1033 1609 1088 Filium
1645 1033 1721 1088 Deus
1750 1033 1829 1088 Pater

181 1129 244 1176 sunt
258 1120 340 1176 verba
356 1119 454 1175 Christi
468 1119 550 1189 longe
565 1119 691 1189 amplius,
716 1120 762 1192 qui
778 1120 859 1192 longe
881 1120 979 1177 melior
1028 1123 1202 1187 constituit,
1232 1120 1260 1176 id
1293 1128 1333 1176 est
1369 1120 1485 1177 tirmiter
1522 1120 1650 1175 stabilivit
1685 1121 1828 1177 teretem

183 1209 289 1283 angelis
304 1216 345 1264 est
369 1206 490 1263 effectus.
516 1208 550 1263 Et
573 1208 631 1263 bec
653 1208 745 1262 omnin
769 1225 829 1280 quae
843 1210 980 1280 premittit
1029 1209 1241 1273 uniuersorum,
1267 1209 1294 1263 id
1316 1217 1357 1264 est
1379 1208 1484 1263 firmum
1504 1223 1693 1280 possessorem
1708 1208 1828 1265 omnium

182 1305 304 1370 spectant
318 1297 352 1351 ad
368 1295 571 1352 conclusionem
591 1295 760 1368 [illationem]
774 1295 885 1352 iuferius
904 1298 978 1368 posi·
1028 1313 1082 1353 uon
1097 1297 1236 1352 haeredem
1250 1297 1326 1369 quasi
1346 1299 1426 1352 Peter
1444 1297 1502 1366 ejus
1517 1296 1677 1364 decesserit,
1705 1296 1826 1353 359

180 1392 244 1452 tam,
269 1385 316 1440 ubi
340 1385 378 1438 ait
394 1401 401 1437 ε
418 1386 570 1454 Propterea
593 1383 795 1453 abundantius,
821 1392 872 1439 etc.
894 1384 978 1454 Quasi
1028 1385 1100 1456 quod
1116 1385 1143 1439 in
1162 1385 1288 1440 humanis
1306 1385 1414 1458 legibus
1431 1384 1470 1451 iit,
1491 1385 1541 1440 sed
1559 1385 1699 1441 heredem
1728 1401 1827 1442 seeun-

180 1475 284 1530 diceret
307 1489 314 1526 :
336 1471 488 1527 Observate
515 1485 576 1542 qum
601 1470 675 1526 dicta
694 1480 792 1526 sunta
820 1473 897 1538 Filio,
915 1473 978 1545 quia
1028 1472 1092 1526 dum
1116 1473 1188 1544 quod
1218 1473 1291 1528 idem
1315 1474 1350 1527 ait
1365 1491 1399 1527 :a
1428 1472 1528 1528 Omnia
1551 1489 1722 1546 quaecuuque
1748 1474 1828 1529 babet

180 1563 253 1618 Deus
267 1563 334 1618 olim
350 1561 465 1632 loqueos
479 1558 607 1630 putribus
622 1560 732 1625 uostris,
748 1559 775 1614 id
790 1560 1014 1649 estprioribusB
1028 1561 1118 1626 Pater,
1135 1577 1196 1616 mes
1210 1570 1272 1616 suut
1288 1562 1380 1631 (loun.
1397 1577 1457 1627 xvi,
1479 1564 1537 1632 tt).
1559 1584 1571 1610 ε
1592 1562 1658 1618 llaeo
1670 1561 1828 1618 constitutio

179 1650 280 1705 ludaeis
295 1649 383 1721 quiet
405 1647 530 1703 incarne
545 1647 612 1702 etin
628 1648 699 1703 cultu
718 1647 768 1703 Dei
786 1656 878 1719 patres
899 1649 978 1712 nobis
1028 1649 1177 1704 secuudum
1193 1649 1265 1721 quod
1289 1650 1371 1705 homo
1388 1658 1439 1717 est,
1464 1648 1535 1705 lacta
1559 1658 1601 1705 est
1619 1649 1647 1704 in
1661 1665 1706 1718 eo,
1732 1649 1762 1704 in
1775 1665 1828 1721 quo

180 1746 251 1807 suut,
268 1737 393 1809 loquens,
410 1736 529 1808 inquam,
546 1735 668 1805 patribus
688 1738 720 1791 in
738 1736 892 1808 prophetis.
916 1738 977 1793 Nou
1028 1737 1177 1793 secuudum
1192 1737 1312 1793 divinam
1330 1738 1365 1791 ab
1379 1745 1481 1793 aetemo
1494 1737 1543 1792 luit
1558 1737 1647 1793 omnis
1666 1738 1827 1809 plenitud03

495 291 651 332 aurosum.

180 1826 251 1882 enim
264 1826 459 1897 prophetarum
473 1831 561 1891 eraut,
577 1839 637 1895 quae
651 1823 840 1895 loquebantur,
864 1825 912 1880 sed
927 1826 978 1881 Dei
1026 1841 1168 1898 perquem
1179 1825 1275 1880 iterum
1289 1826 1357 1898 fecit
1372 1842 1428 1881 uon
1438 1826 1526 1882 solum
1536 1825 1666 1893 coelestia,
1678 1827 1828 1883 sedetiam

179 1914 315 1986 loquentis
330 1930 378 1985 per
391 1928 439 1968 eos
453 1919 483 1967 ut
496 1928 547 1982 per
559 1912 780 1967 instrumentum.
792 1913 822 1967 ln
832 1913 883 1968 hoc
893 1914 977 1968 nomi·
1027 1915 1143 1982 secuta,
1163 1913 1191 1968 id
1206 1921 1248 1968 est
1270 1929 1439 1985 quaecuuque
1464 1914 1606 1970 saecularis
1628 1914 1740 1981 videtis,
1752 1914 1828 1984 juxta

73 2013 75 2018 ·
178 2020 213 2059 ne
228 2004 300 2076 quod
315 2004 389 2057 Deus
405 2009 456 2066 est,
482 2000 595 2054 multum
618 2001 793 2071 opponebant
815 2001 909 2067 Paulo,
932 2001 976 2056 di·
1026 1999 1116 2055 illud:
1135 2023 1146 2048 «
1165 2001 1300 2056 Omniain
1316 2001 1552 2072 sapientialecisti
1570 2003 1727 2071 (Psalctu,
1739 2005 1826 2072 24).»

179 2101 273 2148 centes
291 2090 354 2163 quia
373 2091 446 2145 Deus
466 2087 643 2143 immutabilis
658 2097 740 2143 esset.
767 2089 867 2160 Legem
886 2097 976 2144 autem
1027 2090 1085 2144 lloc
1113 2090 1262 2145 secundum
1284 2089 1405 2144 divinam
1424 2090 1525 2145 dictum
1549 2097 1591 2145 est
1615 2090 1651 2146 de
1669 2089 1760 2158 Filio,
1781 2091 1829 2163 qul

178 2181 267 2236 Deum
282 2179 390 2234 dedisse
405 2177 502 2249 negari
518 2192 571 2231 uou
593 2184 696 2247 posset,
716 2176 910 2231 immutabilem
924 2178 976 2233 de·
1026 2177 1111 2231 Filius
1125 2193 1190 2233 cem
1204 2179 1244 2234 sit
1257 2178 1390 2250 splendor
1403 2179 1510 2250 plorioe,
1521 2178 1549 2233 id
1563 2185 1605 2233 est
1618 2176 1721 2235 diuinus
1734 2194 1828 2234 essen·

179 2269 245 2324 bere
270 2284 331 2324 esse
355 2267 455 2340 legem,
479 2280 571 2337 quam,
595 2265 641 2336 qui
659 2265 757 2319 mutari
782 2282 836 2322 nou
860 2274 974 2336 poteret,
1026 2265 1071 2320 tiae
1084 2266 1184 2328 Patris,
1197 2282 1258 2337 quae
1271 2265 1398 2321 diviuitas
1412 2282 1463 2337 per
1477 2266 1672 2322 excellentiam
1681 2267 1774 2338 gloria
1786 2267 1827 2322 di·

178 2356 309 2413 dedisset.
324 2356 407 2422 Olim,
423 2354 544 2425 inquam,
569 2355 642 2409 Deua
662 2354 776 2424 loquens
789 2355 920 2427 putribus
944 2356 976 2410 in
1026 2353 1104 2418 citur,
1121 2361 1146 2408 et
1169 2353 1386 2409 consideratione
1407 2354 1480 2409 illius
1499 2354 1566 2410 nihil
1581 2354 1734 2428 gloriosum
1749 2354 1826 2411 vide-

175 2445 320 2518 propterte
334 2443 536 2514 rnullifurium,
553 2441 581 2495 id
596 2448 637 2496 est
651 2441 798 2511 multoties,
814 2450 842 2496 ut
857 2457 918 2498 cum
928 2458 977 2514 po-
1026 2449 1078 2495 tur.
1096 2441 1189 2510 Filius,
1216 2442 1337 2514 inquam,
1354 2442 1486 2513 splendor
1509 2451 1550 2498 est
1564 2442 1745 2516 gloriae,quia
1758 2444 1828 2500 sicut

176 2535 274 2590 sitione
289 2531 415 2588 dictionis
430 2544 485 2585 non
499 2529 664 2584 insistamus.
680 2529 827 2596 ltlultoties,
852 2530 975 2602 inquam,
1025 2530 1117 2584 radius
1131 2529 1218 2585 solem
1241 2529 1377 2603 significat
1398 2530 1501 2596 lucere,
1516 2532 1554 2586 its
1568 2531 1651 2587 Filius
1674 2531 1772 2588 reditas
1785 2539 1827 2589 est

177 2622 238 2695 quia
253 2629 280 2676 et
293 2620 437 2686 Abraham,
458 2626 484 2673 et
508 2618 594 2684 Isaac,
618 2625 643 2672 ει
667 2617 760 2685 Jacob,
782 2625 807 2673 et
830 2618 976 2690 uuicuique
1025 2616 1168 2674 notificans
1178 2618 1294 2684 Patrem,
1306 2634 1362 2674 uon
1371 2625 1462 2675 tamen
1471 2619 1544 2674 aliud
1557 2634 1574 2675 a
1588 2621 1678 2686 Patre,
1687 2620 1762 2677 sicut
1776 2636 1826 2677 neo

175 2726 272 2767 eorum
286 2708 377 2763 multis
392 2707 507 2763 vicibus.
519 2706 646 2777 Loquens
662 2706 742 2761 etiam
757 2707 857 2762 multis
873 2708 974 2774 modis,
1025 2705 1201 2760 radiusaliud
1215 2713 1257 2761 est
1271 2721 1287 2760 a
1301 2706 1369 2761 sole.
1386 2707 1444 2763 lloc
1458 2715 1548 2763 sutem
1559 2707 1712 2763 secuudum
1725 2716 1826 2764 utram-

176 2799 239 2871 quia
253 2797 336 2853 modo
351 2812 401 2867 per
416 2795 522 2850 somnia
536 2794 973 2866 utDanieli,modoapertavoce,
1024 2809 1077 2864 que
1099 2802 1235 2859 naturam,
1266 2794 1382 2851 maxime
1405 2795 1555 2851 secundum
1576 2795 1700 2851 divinam
1723 2796 1825 2854 dictum

176 2894 205 2942 ut
219 2886 317 2957 lloysi,
333 2900 406 2940 nunc
428 2882 551 2938 interiori
564 2882 739 2953 aspiratione,
755 2892 784 2937 ut
806 2883 904 2938 Devid.
926 2883 976 2939 Vel
1024 2888 1065 2935 est
1080 2881 1115 2936 de
1129 2882 1206 2937 Filio.
1223 2881 1276 2952 Qui
1300 2883 1381 2938 Filius
1395 2883 1479 2939 etiam
1502 2899 1565 2940 cum
1588 2884 1624 2940 sit
1646 2885 1740 2957 ᾔρετο
1758 2883 1824 2942 steb-

174 2974 356 3040 mutiieriam,
387 2972 415 3027 id
436 2979 478 3028 est
505 2971 613 3026 diverso
637 2986 739 3042 genere
763 2970 920 3036 locutionis,
947 2941 1010 3026 utG
1024 2971 1141 3025 stanttoe
1154 2973 1225 3040 ejus,
1242 2971 1270 3026 id
1284 2980 1326 3026 est
1339 2971 1422 3042 plena
1440 2971 1562 3028 ostensio
1577 2972 1706 3030 essentie
1726 2973 1821 3029 Patris.

174 3064 238 3120 huie
254 3062 408 3129 insomnio,
425 3060 463 3114 illi
474 3074 601 3116 sermone
616 3067 721 3130 aperto,
742 3058 782 3113 illi
803 3058 917 3114 interius
934 3075 976 3114 as·
1023 3056 1125 3131 Figura
1134 3067 1235 3125 eutem,
1251 3074 1307 3115 non
1317 3060 1392 3130 quod
1401 3060 1554 3117 diversusa
1568 3062 1656 3128 Patre,
1671 3061 1721 3117 sed
1731 3061 1823 3128 idem3

175 3150 302 3224 piraudo,
319 3158 346 3207 et
370 3150 432 3204 ideo
447 3147 564 3203 diversis
587 3147 685 3211 modis,
702 3146 763 3218 quia
785 3147 850 3201 siin
868 3147 974 3203 somnio
1023 3146 1119 3200 eadem
1133 3147 1205 3201 enim
1227 3148 1375 3203 substantia
1400 3148 1484 3204 Filius
1507 3157 1550 3205 est
1572 3143 1749 3217 cum'l’stre,
1768 3150 1825 3207 lues

176 3247 290 3305 tantum,
306 3245 446 3310 putaretur
469 3236 550 3290 inane
565 3235 638 3308 quod
661 3235 699 3289 itu
723 3234 817 3291 luisset
839 3236 971 3302 auditum,
1024 3234 1176 3290 secuudum
1195 3235 1316 3290 divinam
1336 3243 1448 3293 tantum.
1469 3239 1592 3294 Portam
1611 3238 1693 3294 etiam
1716 3241 1823 3304 omniu,

176 3328 225 3383 sed
243 3327 289 3382 ubi
303 3326 347 3382 hic
369 3333 464 3397 aperto
487 3339 623 3391 sermone,
652 3323 696 3378 hic
716 3322 742 3378 iu
764 3323 881 3390 somnio,
905 3323 974 3379 alius
1024 3322 1096 3394 qaia,
1113 3323 1308 3394 sicutnisiper
1322 3324 1419 3380 Filium
1441 3326 1530 3381 creari
1547 3341 1603 3382 non
1625 3333 1769 3397 poterant,
1785 3326 1825 3383 sic

175 3417 283 3473 iuterna
297 3415 471 3487 aspiratione,
488 3428 584 3469 omnes
599 3412 670 3468 idem
685 3419 712 3466 et
726 3411 761 3467 de
771 3413 869 3467 eodem
883 3410 974 3482 perbi·
1023 3410 1076 3465 nisi
1088 3426 1138 3481 per
1152 3411 1248 3466 Filium
1262 3419 1354 3468 creata
1368 3412 1518 3469 subsistere
1532 3429 1589 3469 non
1610 3424 1734 3486 possent.
1756 3416 1824 3473 Por.

176 3506 286 3571 bebant,
310 3504 455 3560 certiorem
482 3500 564 3556 sidem
589 3508 629 3555 tot
650 3500 742 3556 modis
765 3500 910 3556 intellectae
934 3500 974 3555 rei
1023 3498 1184 3553 tansomnia
1199 3501 1287 3566 uerba,
1304 3499 1331 3555 id
1346 3508 1388 3556 est
1404 3501 1463 3556 sola
1476 3500 1629 3570 voluntate,
1646 3502 1824 3578 sicutquem-

174 3593 320 3651 iaciebant.
339 3591 535 3662 Multisurs‘om,
560 3588 681 3658 inquam,
707 3588 735 3641 id
757 3597 798 3643 est
820 3588 905 3643 multo
922 3604 974 3660 ge·
1022 3585 1090 3641 libet
1110 3603 1204 3659 regem
1229 3587 1413 3656 judicaremus
1428 3597 1577 3660 potentem,
1593 3590 1640 3662 qui
1664 3591 1823 3650 solonge-120

175 3698 241 3738 nere
266 3679 422 3743 locutionis,
453 3685 479 3732 et
501 3676 602 3731 multis
622 3675 722 3744 modis,
745 3674 834 3730 idest
857 3675 974 3731 diversis
1022 3673 1187 3746 gubernaret
1221 3674 1364 3747 imperium
1401 3693 1489 3733 suurn.
1522 3679 1661 3745 Portnns,
1698 3679 1822 3753 iaqumu,

175 3768 387 3842 operationibus,
403 3773 431 3821 ut
445 3764 473 3819 iu
487 3763 593 3818 ardenti
616 3762 685 3817 rubo
702 3762 798 3832 Moysi,
822 3762 850 3817 in
872 3762 974 3819 vellere
1023 3763 1113 3818 omnia
1127 3763 1213 3819 verbo
1231 3765 1349 3821 virtutis
1363 3782 1430 3832 sue,
1441 3765 1469 3821 id
1479 3774 1521 3822 est
1530 3766 1652 3823 virtuoso
1661 3767 1749 3824 verbo
1763 3785 1821 3826 suo.

176 3857 248 3913 sicco
264 3864 290 3912 et
305 3855 359 3910 udo
374 3851 508 3917 Gedeoui,
525 3858 552 3905 et
566 3850 689 3904 similiter
702 3849 795 3904 multis
815 3849 885 3905 aliis.
902 3850 975 3906 Olim
1060 3852 1123 3906 llaec
1141 3851 1233 3906 omnin
1247 3852 1316 3907 nihil
1338 3853 1429 3910 adbuc
1443 3854 1478 3909 ad
1499 3853 1572 3921 illos,
1596 3854 1661 3927 quin
1680 3856 1821 3913 dicerent:

175 3945 290 4017 loquens
314 3941 436 4013 patribus
452 3939 478 3993 in
498 3937 647 4009 prophetis,
671 3938 782 3993 locutus
795 3942 838 3993 eet
851 3939 929 3995 nobie
942 3941 975 3994 in
1024 3936 1096 4006 Quid
1109 3940 1219 4010 pmdest
1231 3940 1311 3995 nobis
1324 3940 1348 3996 si
1362 3957 1413 4013 per
1427 3958 1489 3997 eum
1505 3942 1574 4000 lacta
1598 3951 1661 3999 sunt
1682 3945 1785 4011 omnia,
1800 3945 1822 4000 si

175 4035 257 4089 Filio.
273 4030 352 4100 Quod
368 4029 403 4084 ed
417 4027 482 4082 illud
506 4025 643 4097 antiquius
658 4041 779 4096 praesens
793 4033 909 4097 tempus,
926 4043 975 4098 po-
1024 4025 1155 4096 spleudor
1168 4027 1203 4082 sit
1217 4027 1321 4100 glories,
1338 4036 1390 4085 etc.
1406 4030 1448 4085 Ad
1462 4030 1516 4087 hoc
1530 4031 1628 4087 Paulus
1647 4033 1820 4104 respondet:

174 4121 214 4178 nit
228 4120 353 4193 loquens,
379 4125 406 4173 et
426 4116 461 4171 ad
485 4114 551 4169 illud
569 4114 641 4186 quod
663 4112 742 4185 quasi
760 4130 882 4185 praesens
904 4123 973 4181 erat,
1024 4114 1106 4168 Filius
1119 4115 1181 4170 dieo
1195 4118 1306 4187 facim
1318 4119 1521 4189 purpotlonem
1537 4123 1731 4192 peecatorum,
1743 4122 1822 4177 idat

175 4211 266 4284 posuit
278 4205 445 4280 praeteritum
460 4204 577 4269 locutus,
594 4199 728 4274 significat
751 4202 822 4258 idem
847 4218 877 4258 se
899 4201 974 4275 loqui
1023 4217 1147 4274 purgans
1160 4203 1286 4260 homines
1300 4219 1318 4260 s
1332 4206 1461 4277 peccatis,
1479 4215 1506 4263 et
1521 4208 1595 4280 quod
1608 4224 1729 4283 purgare
1737 4208 1823 4282 possit

175 4316 225 4372 per
239 4297 334 4353 Filium
350 4294 422 4367 quod
438 4293 544 4349 locutus
552 4298 592 4346 est
602 4306 651 4363 per
664 4291 822 4362 prophetas,
834 4290 886 4345 nisi
901 4290 1010 4362 quodl)
1025 4291 1216 4361 comprobatur
1229 4308 1262 4348 ex
1277 4293 1440 4364 praemissis;
1456 4311 1507 4365 per
1521 4311 1603 4367 quem
1617 4295 1689 4353 lacta
1708 4305 1738 4353 et
1755 4313 1822 4370 por·

175 4387 203 4442 iu
227 4384 367 4458 prophetis
381 4382 489 4439 occulta
511 4380 621 4446 veritus,
644 4386 670 4436 et
688 4379 777 4435 adhuc
800 4378 971 4450 complenda,
1029 4385 1083 4433 tate
1099 4378 1227 4435 dicuntur
1240 4381 1341 4449 omnia,
1365 4390 1392 4437 et
1414 4383 1540 4454 quicum
1563 4384 1643 4441 Patre
1662 4384 1760 4442 eadem
1782 4392 1824 4443 est

175 4475 204 4531 in
218 4474 286 4530 l'ilio
309 4482 400 4530 autem
424 4477 519 4542 aperta
536 4468 637 4525 veritas
660 4476 687 4523 et
707 4466 852 4538 completa.
874 4468 975 4523 Dicens
1024 4466 1184 4535 substantia,
1213 4474 1265 4524 etc.
1281 4467 1362 4537 Quod
1386 4470 1468 4526 etiam
1490 4480 1616 4545 tempore
1641 4471 1715 4547 lepis
1736 4473 1823 4531 judei

177 4563 259 4620 etism
273 4563 348 4618 Deus
361 4561 477 4632 loquens
487 4556 611 4629 patribus
627 4557 738 4612 locutus
755 4559 797 4610 est
811 4556 890 4611 uobis
904 4555 974 4624 tiliis
1023 4553 1233 4624 confitebantur,
1258 4557 1305 4612 uhi
1327 4556 1454 4615 dicebaut
1477 4559 1567 4616 eidem
1581 4559 1708 4618 Christo:
1726 4584 1739 4610 ι
1757 4562 1824 4633 Qui,

176 4651 334 4710 eommdem
347 4658 466 4721 petrum,
482 4645 568 4701 innuit
581 4643 670 4699 eidem
684 4642 785 4714 populo
800 4658 855 4699 non
869 4642 975 4713 diversa
1022 4649 1113 4714 potest
1126 4642 1259 4700 dimittere
1281 4654 1394 4716 peecata
1412 4645 1467 4702 nisi
1480 4647 1557 4705 solus
1571 4648 1645 4705 Deus
1659 4649 1675 4706 i
1691 4672 1703 4699 a
1724 4650 1821 4723 (Herc.

176 4741 261 4798 inisse
276 4740 406 4802 locutum,
423 4734 473 4792 sed
487 4733 510 4788 si
523 4747 574 4804 per
593 4730 741 4802 prophetas
755 4730 857 4786 ludaeis
871 4746 922 4801 per
934 4731 976 4787 Fi·
1025 4746 1054 4798 tt,
1071 4732 1112 4802 t.)
1127 4732 1178 4788 llic
1187 4731 1269 4804 plane
1281 4734 1463 4791 ostendebant
1476 4736 1824 4809 neminempossstsnlmi

174 4830 242 4885 lium
252 4827 317 4884 solis
328 4829 484 4898 loqueretur
498 4819 634 4893 gentibus,
652 4826 745 4889 posset
760 4818 864 4890 opinari
879 4819 914 4874 ed
929 4818 974 4875 di·
1024 4820 1175 4890 epeecatis
1191 4836 1241 4891 per
1253 4821 1354 4894 legem.
1371 4824 1563 4897 Purgatiouem
1585 4833 1762 4896 pecatorum
1780 4825 1822 4883 la·

176 4932 273 4973 versos
287 4912 402 4986 populos
417 4911 451 4966 de
463 4906 580 4964 diversis
598 4905 683 4961 luisse
702 4905 832 4963 locutum.
856 4906 974 4963 Locutus
1023 4907 1108 4964 ciens.
1125 4910 1183 4966 lloc
1205 4910 1240 4965 de
1257 4910 1326 4968 Filio
1345 4911 1447 4969 dictum
1468 4921 1510 4970 est
1519 4913 1671 4971 secandum
1690 4912 1821 4971 dirim,

176 5012 216 5060 est
240 5002 318 5058 nobis
339 5001 499 5063 nouissime,
514 4994 618 5051 scilicet
631 4993 659 5049 in
671 4995 767 5051 diebus
780 4996 859 5062 istis,
884 4995 975 5051 adhuc
1023 4994 1076 5064 Qut
1090 4996 1173 5052 Filius
1187 5014 1250 5053 cum
1264 4999 1300 5054 sit
1323 5000 1384 5056 tatis
1395 5008 1423 5057 et
1441 5000 1514 5070 telis,
1530 5002 1608 5060 sedet
1623 5003 1661 5059 nd
1672 5001 1823 5061 deessem

176 5091 249 5148 enirn
264 5088 341 5143 multi
354 5093 499 5160 supersunt
520 5083 567 5156 qui
581 5098 643 5138 eum
666 5082 822 5155 loquentem
837 5091 862 5139 et
877 5083 974 5139 nudie·
1022 5085 1192 5155 majestatie,
1208 5086 1237 5142 id
1254 5095 1295 5143 est
1308 5088 1344 5143 ad
1360 5089 1544 5162 equalitatem
1565 5098 1688 5163 paternis
1708 5090 1822 5162 majori-

175 5187 239 5235 runt
254 5184 280 5232 et
295 5176 427 5232 videmut.
451 5172 500 5229 Vel
514 5171 552 5227 ita
565 5186 571 5226 :
583 5171 698 5227 boontem
720 5177 761 5227 est
785 5171 882 5227 diebus
903 5170 972 5240 istis,
1021 5171 1094 5228 tatis.
1110 5173 1235 5243 Maiestas
1250 5175 1323 5231 euim
1336 5176 1437 5234 dieitur
1452 5177 1570 5234 essentia
1592 5179 1653 5246 Dei,
1669 5195 1723 5236 nec
1736 5179 1823 5236 inille

175 5269 244 5326 θῑῦῦῑ
262 5265 365 5322 disslum
384 5271 434 5318 ⁶³⁵¹·
1021 5260 1150 5332 paradiso
1164 5263 1237 5320 uude
1251 5264 1347 5335 pulsus
1365 5274 1407 5321 est
1420 5266 1522 5339 Adam,
1546 5267 1597 5324 esd
1614 5266 1693 5325 cedes
1712 5270 1747 5326 ι,
1766 5283 1820 5325 03.

157 5342 165 5354 ’
210 5358 333 5413 locutus
351 5350 414 5409 dico
428 5349 589 5418 nemesium,
605 5347 735 5421 quoehaee
748 5346 847 5405 locutio
861 5346 975 5420 Deiper
1021 5351 1105 5408 celsis
1120 5350 1260 5423 coelorum,
1289 5352 1396 5412 locutus
1419 5355 1572 5414 tndexters
1590 5356 1691 5426 Petris,
1710 5356 1767 5416 boe
1781 5372 1825 5414 se·
