3750 5984
56 194 110 251 225

344 192 534 250 expositio
562 194 600 250 ΙΝ
626 193 816 251 EPISTOLAS
844 194 957 252 Ptcnt.
972 223 1007 236 -
1021 194 1059 250 IN
1085 196 1195 254 aelst.
1225 196 1251 252 11
1268 197 1316 252 ab
1337 195 1420 254 COR.

1646 202 1710 266 ,226

60 316 120 384 ejus
134 314 186 381 rei,
203 331 285 387 quam
300 332 395 372 veram
418 334 472 374 non
496 319 670 393 intelligeret.
687 321 773 379 Aliter
788 319 898 383 enimA
915 341 926 371 ι
943 319 977 374 sti
991 320 1079 376 bonus
1095 321 1162 377 oder
1185 338 1279 377 sumus
1294 323 1352 377 Dec
1375 322 1403 377 in
1427 322 1469 377 his
1484 322 1529 395 qui
1546 323 1612 378 salvi
1632 322 1708 391 fiunt,

60 418 158 476 agens,
168 405 304 460 mendacii
313 407 400 461 Deum
412 416 549 479 argueret.
567 410 654 464 Deum
663 410 755 481 utique
766 409 866 465 invoco

61 498 184 548 testem:
210 508 265 548 non
289 494 378 549 solum
398 504 493 551 contra
517 512 625 569 corpus,
651 505 679 552 ut
702 497 725 552 si
748 498 865 553 mendax

58 578 151 647 luero,
162 581 190 636 in
205 582 319 638 solome
333 583 427 654 puniat
441 601 567 656 corpore,
578 586 626 641 sed
637 586 716 642 etiam
725 588 766 655 tn,
783 586 810 641 id
825 590 867 642 est

61 677 156 724 contra
172 672 300 726 unimam
317 688 419 739 meam,
439 681 466 728 ut
485 674 582 744 perdat
603 691 736 731 eamcam
750 690 865 747 corpore

62 756 88 812 si
115 759 252 814 mendacii
272 767 369 816 testem
392 760 462 817 facio
485 763 583 818 Deum.
604 763 670 819 lude
685 765 772 819 Deum
785 765 865 819 advo-

58 860 92 902 cc
109 854 206 902 testem
223 865 230 901 :
247 849 318 920 quod
331 865 452 920 parcens
468 851 550 918 vobis,
567 851 594 905 id
604 859 645 906 est
655 859 684 906 ut
694 853 864 908 commodius

58 949 173 1004 possem
188 951 301 1005 parcere
317 937 403 1006 vobis,
420 955 478 994 oco
489 940 552 995 ceni
564 939 730 996 Corinthum
738 942 826 1009 ultra,
835 939 864 995 id

60 1029 103 1078 est
117 1023 231 1079 ulterius
245 1040 326 1096 quam
340 1025 427 1096 prima
442 1027 514 1084 vice.

96 1111 258 1184 Priusquam
269 1112 341 1169 dicat
351 1114 433 1186 inquo
440 1115 479 1170 eis
490 1131 545 1171 non
555 1117 689 1173 veniendo
698 1118 861 1188 pepercerit,

59 1200 226 1255 determinat
238 1201 282 1256 hic
296 1202 370 1273 quod
384 1203 430 1269 ait,
446 1221 574 1274 parcens.
591 1206 721 1261 Corinthii
732 1205 803 1261 enim
818 1205 862 1260 in-

59 1287 193 1344 sidientes
203 1289 294 1344 verbis
308 1291 376 1359 ejus,
393 1292 516 1348 dicerent
533 1309 539 1348 :
557 1295 596 1348 lta
607 1293 647 1348 ais
661 1302 686 1349 te
694 1294 860 1365 pepercisse,

58 1392 91 1431 ac
105 1376 130 1431 si
145 1376 223 1448 regia
233 1385 364 1448 potestate
380 1380 482 1435 habeas
498 1397 547 1435 nos
562 1397 660 1453 cogere
670 1398 703 1436 ex
714 1383 862 1437 tuavoluu-

59 1472 128 1520 tate.
145 1466 263 1522 Parcens
276 1484 335 1524 noo
350 1468 411 1524 ideo
422 1469 493 1535 dico,
506 1471 571 1542 quic
582 1486 631 1525 nos
642 1471 862 1540 domiazcmurfi·

60 1554 107 1610 dci
122 1557 224 1610 ecstroe
239 1574 248 1609 .·
263 1545 330 1610 fides
353 1557 426 1611 enim
449 1573 495 1612 res
509 1565 550 1612 est
562 1558 724 1625 voluntaria,
740 1575 794 1614 non
809 1575 860 1614 ne·

919 430 930 459 ι
948 416 975 464 et
987 409 1015 464 in
1031 409 1073 464 his
1088 411 1133 482 qui
1157 420 1283 481 pereunt.
1309 411 1375 466 Aliis
1399 412 1509 483 quidem
1533 412 1601 467 odor
1615 411 1711 466 mortis

919 518 930 548 ι
946 498 973 551 in
987 507 1112 563 mortem,
1129 499 1190 554 aliis
1209 508 1300 554 autem
1320 500 1389 555 odor
1403 499 1464 556 vitae
1479 500 1506 554 in
1520 500 1613 556 vitam.
1629 501 1663 555 Et
1677 501 1711 555 ad

917 586 1005 642 «haec
1030 587 1090 657 quis
1115 595 1170 642 tam
1203 587 1417 644 idoneusiNon
1442 590 1514 643 enim
1534 605 1628 643 sumus
1643 589 1712 644 sicut

917 696 928 725 ι
945 674 1053 745 plurimi
1067 676 1250 732 adulterantes
1269 676 1382 732 verbum
1397 677 1447 732 Dei
1463 695 1470 731 :
1486 677 1536 733 sed
1551 694 1584 732 ex
1597 677 1712 733 sinceri-

917 769 1009 830 «tate,
1034 764 1104 820 sicut
1129 781 1161 820 ex
1188 766 1246 821 Deo
1270 780 1361 822 coram
1385 767 1443 822 Deo
1457 765 1485 819 in
1499 766 1607 822 Christo
1621 765 1712 836 lequi-

916 870 928 901 ι
946 867 1016 906 mur.
1036 875 1047 900 ι

1230 1007 1388 1051 nitrosum.

949 1123 1097 1194 Postquam
1112 1123 1301 1180 determinavit
1311 1127 1448 1197 quomodo
1462 1126 1564 1183 dixerit
1574 1144 1713 1200 parrens‚·

913 1210 1075 1266 determinat
1092 1212 1119 1266 in
1138 1229 1192 1284 quo
1216 1215 1377 1284 pepercerit,
1408 1215 1502 1270 dicens
1519 1232 1526 1271 :
1542 1217 1602 1287 Ego
1620 1217 1712 1290 utique

912 1315 968 1355 non
984 1300 1047 1355 veni
1061 1300 1233 1371 Corinthum,
1251 1301 1299 1356 sed
1315 1302 1394 1357 stetui
1414 1304 1466 1360 hoc
1489 1303 1578 1374 ipsum
1598 1305 1669 1376 quod
1684 1304 1713 1359 in

911 1388 995 1459 priori
1009 1389 1130 1459 Epistola
1140 1397 1294 1470 statueram.
1309 1391 1414 1460 Stalai,
1430 1391 1552 1462 iuquam,
1568 1393 1640 1463 apud
1655 1409 1709 1457 me,

912 1492 966 1531 non
987 1477 1138 1547 praecipitio
1162 1478 1372 1534 inconsideratae
1395 1480 1545 1546 sententiae,
1575 1481 1624 1536 sed
1637 1481 1713 1554 apert

910 1581 956 1621 mc
971 1565 1115 1636 diligenter
1137 1572 1308 1636 pertractans
1323 1583 1355 1622 ex
1376 1567 1490 1623 consilio
1504 1569 1592 1637 statui,
1609 1585 1645 1626 nc
1659 1571 1713 1625 itc-

61 1642 193 1697 cessitate
206 1641 318 1698 dominii
334 1645 467 1717 cogenda.
491 1646 634 1701 Dominari
654 1654 744 1702 autem
760 1646 860 1702 dicitur
877 1655 1113 1733 Brcrnvcaircm
1124 1654 1254 1710 aduecta
1265 1656 1395 1722 tristitia,
1409 1655 1437 1710 id
1448 1657 1534 1711 estad
1549 1657 1713 1713 contristan-

60 1728 90 1782 in
104 1730 286 1800 potestatibus
300 1731 362 1800 illis,
379 1732 425 1787 ubi
439 1731 511 1787 filius
525 1734 647 1790 succedit
660 1734 731 1805 patri
746 1752 796 1789 usu
811 1751 863 1789 ne·
918 1742 982 1796 dum
996 1758 1055 1815 vos.
1073 1742 1174 1797 lterum
1192 1743 1266 1813 dicit,
1291 1743 1355 1815 quia
1379 1743 1407 1798 in
1427 1744 1514 1815 prima
1528 1745 1651 1816 Epistola
1666 1763 1713 1803 ve·

60 1817 188 1872 cessarie
204 1835 211 1871 :
228 1819 320 1874 sedin
341 1819 459 1891 praeletis
482 1821 614 1877 Ecclesiae
628 1822 719 1889 (etiam
734 1822 762 1876 in
777 1838 867 1878 saecu·
916 1838 993 1885 nerat
1007 1829 1160 1886 contristari
1182 1846 1239 1896 eos,
1257 1847 1320 1894 cura
1366 1831 1434 1902 lapsi
1456 1833 1561 1887 lucrant
1574 1834 1602 1887 in
1614 1849 1714 1904 pecca·

59 1903 167 1960 laribus
181 1906 227 1977 qui
243 1922 296 1961 non
310 1906 372 1980 lege
383 1909 575 1976 successionis,
587 1910 635 1964 sed
645 1926 696 1980 per
705 1910 866 1966 electionem
917 1925 972 1972 tum
989 1935 995 1972 :
1013 1918 1105 1972 sinon
1124 1920 1339 1990 praesentialiter,
1366 1927 1458 1976 tamen
1481 1936 1532 1992 per
1552 1920 1708 1993 epistolam.

59 1997 193 2064 praesnnt)
208 1995 297 2065 potius
316 1995 369 2050 dici
385 1997 465 2053 debet
480 1998 596 2053 servitus
611 2014 691 2069 <guam
705 1998 864 2053 dominium.
916 2005 965 2062 vel
979 2007 1016 2061 ita
1033 2024 1039 2060 :
1055 2009 1115 2080 Ego
1134 2008 1191 2077 jam
1216 2008 1300 2063 semel
1323 2024 1461 2079 veneram,
1491 2009 1540 2065 sed
1561 2009 1624 2066 ideo
1638 2010 1713 2067 nolui

61 2081 128 2137 ldae
154 2082 190 2136 ait
214 2098 268 2138 non
290 2083 460 2140 dominamur
478 2083 541 2140 fidei
563 2094 659 2142 vestrae
675 2104 682 2140 z
699 2088 746 2143 sed
767 2103 865 2144 scmus
915 2093 1013 2149 iterum
1027 2096 1131 2161 venire,
1156 2112 1191 2151 ne
1206 2097 1338 2152 adventus
1352 2113 1430 2152 mens
1445 2106 1516 2152 esset
1530 2097 1607 2153 vobis
1620 2098 1649 2154 in
1663 2100 1713 2155 tri·

62 2171 211 2242 adjatorce
224 2173 318 2241 vestri,
335 2189 389 2229 uon
404 2182 542 2231 cessantes
553 2190 631 2230 crare
642 2176 788 2246 Deumpro
804 2192 866 2231 cor·
915 2182 995 2237 stitia.
1022 2183 1087 2238 ldeo
1114 2184 1213 2239 Paulus
1228 2185 1322 2240 venire
1341 2185 1437 2256 noluit,
1461 2186 1525 2257 quia
1548 2186 1571 2240 si
1593 2203 1714 2257 praesens

62 2258 187 2315 rectione
202 2260 296 2327 vestri,
307 2261 446 2330 adjutores
465 2263 526 2318 dico
540 2264 636 2335 gaudii
650 2264 738 2319 vestri
752 2280 761 2316 .·
776 2263 804 2318 in
817 2264 865 2319 illa
914 2269 1001 2337 fieret,
1019 2278 1158 2342 oporteret
1173 2288 1247 2336 eum,
1260 2281 1289 2328 ut
1299 2273 1502 2344 impoenitentes
1518 2275 1661 2331 severitate
1667 2277 1714 2346 ju-

61 2347 136 2401 enhn
153 2363 183 2403 re
199 2364 249 2404 vos
264 2349 422 2419 adjuvamus
436 2350 470 2405 de
484 2366 538 2422 qua
553 2351 671 2406 habituri
682 2351 746 2406 estis
756 2367 863 2422 perma-
914 2358 977 2415 dicii
995 2367 1150 2416 removeret
1163 2361 1198 2415 ab
1213 2361 1337 2417 Ecclesia
1354 2379 1360 2415 :
1377 2362 1444 2434 quia
1454 2378 1577 2433 praesens
1587 2379 1641 2418 non
1651 2380 1716 2434 pos-

60 2451 133 2491 nens
147 2437 278 2508 gaudium
294 2455 301 2492 :
319 2454 402 2510 quare
416 2439 496 2493 nobis
519 2439 633 2512 obsequi
657 2439 773 2495 debetis.
792 2441 863 2496 Vere
914 2447 1009 2502 satuti
1034 2455 1107 2503 tanta
1130 2448 1252 2518 leuitate,
1277 2449 1373 2504 videns
1397 2450 1468 2505 mela
1483 2466 1575 2506 eorum
1592 2466 1598 2506 ε
1615 2460 1715 2522 quanta

60 2539 117 2579 non
131 2524 304 2581 dominamur
326 2526 404 2582 vobis
421 2542 428 2581 ε
445 2543 513 2583 nam
532 2544 578 2584 vos
602 2528 686 2584 static
708 2528 762 2596 lide
778 2548 787 2583 :
802 2544 863 2600 quae
914 2536 1094 2606 temperantia
1116 2517 1181 2608 er'ga
1206 2536 1268 2592 illos
1286 2553 1337 2608 per
1359 2538 1511 2608 Epistulam
1526 2538 1619 2605 utitur,
1635 2547 1661 2594 et
1675 2539 1716 2595 sic

60 2613 208 2669 voluntatis
223 2630 267 2670 res
279 2622 330 2682 est,
342 2630 398 2671 non
411 2616 593 2684 necessitatis,
611 2617 634 2671 si
644 2617 790 2672 vosstatls.
911 2623 1010 2678 malum
1026 2624 1079 2679 hcc
1100 2624 1221 2680 eveniret
1238 2642 1245 2679 ε
1260 2632 1290 2679 ut
1304 2641 1366 2680 cum
1380 2626 1408 2680 in
1432 2627 1559 2682 unitatem
1584 2626 1715 2683 Ecclesiae

912 2727 960 2767 eos
984 2727 1114 2768 revocare
1133 2713 1246 2768 deberet
1261 2731 1268 2768 :
1283 2713 1373 2784 potius
1393 2730 1444 2785 per
1461 2713 1655 2771 districtionem
1667 2715 1714 2784 ju·

317 2768 431 2826 161
455 2770 567 2828 CAPUT
583 2771 617 2826 Π·
913 2800 991 2856 stitiae
1013 2816 1061 2857 eos
1084 2800 1120 2856 ab
1138 2800 1254 2856 invicem
1279 2809 1431 2873 separaret,
1458 2819 1528 2874 quos
1545 2802 1644 2858 absens
1664 2817 1714 2873 per

97 2891 216 2948 «saeui
239 2900 330 2947 autem
354 2894 407 2949 boc
421 2893 510 2964 ipsum
534 2895 606 2964 apud
633 2910 677 2949 me
691 2911 698 2959 ;
713 2909 748 2949 ne
763 2894 860 2949 iterum
909 2887 1048 2944 lenitatem
1062 2889 1266 2957 misericordiae,
1293 2889 1329 2945 ad
1353 2890 1483 2946 unitatem
1509 2906 1642 2947 revocare
1665 2906 1715 2962 po·

60 3002 72 3032 ι
91 2980 119 3034 iu
135 2979 244 3034 tristitia
258 2981 380 3037 venirem
395 2981 431 3036 ad
446 2997 504 3037 vos.
531 2981 559 3036 bi
578 2981 649 3037 enim
665 2997 718 3054 ego
731 2982 861 3038 contristo
880 2977 1016 3089 Oluisset,
1033 2978 1106 3049 quod
1122 2977 1214 3050 utique
1229 2977 1302 3034 iecit.
1319 2978 1384 3033 ldeo
1398 2979 1474 3034 uolui
1488 2979 1587 3034 iterum
1599 2979 1714 3036 venire:

61 3091 73 3114 ι
88 3083 140 3123 vos
157 3085 164 3121 :
180 3076 207 3123 et
222 3067 284 3139 quis
299 3069 400 3141 estqui
420 3085 464 3125 me
488 3067 614 3137 laetificet,
631 3069 684 3124 nisi
699 3070 745 3142 qui
760 3070 863 3127 contri·
914 3068 980 3138 quic
994 3067 1019 3122 si
1033 3082 1080 3138 epo
1095 3068 1232 3122 contristo
1248 3083 1294 3121 vos
1309 3083 1471 3139 quocunque
1494 3067 1576 3123 modo
1594 3069 1656 3140 peis
1671 3071 1714 3124 est

61 3175 73 3206 ι
92 3162 183 3211 stetur
196 3171 230 3211 ex
245 3156 312 3212 me?
326 3158 358 3212 Et
379 3159 432 3214 hoc
446 3157 536 3229 ipsum
551 3157 649 3228 scripsi
664 3158 751 3223 vobis,
768 3167 795 3214 ut
810 3175 866 3213 non
913 3155 945 3209 in
960 3153 1040 3210 vobis
1054 3156 1103 3227 qui
1116 3171 1161 3210 me
1178 3155 1312 3224 letificet,
1328 3157 1387 3212 nisi
1401 3155 1446 3210 ille
1462 3158 1509 3228 qai
1524 3157 1715 3214 contristatur

61 3264 74 3290 ι
91 3258 156 3298 cum
179 3259 282 3300 venero
309 3244 444 3300 tristitiam
467 3262 550 3317 super
574 3245 708 3301 tristitiam
736 3246 864 3317 habeam,
914 3260 951 3300 ce
961 3259 1016 3310 mc,
1027 3242 1056 3298 id
1068 3251 1108 3298 est
1118 3244 1268 3299 secundum
1283 3258 1374 3298 meam
1388 3244 1564 3310 voluntatem,
1576 3253 1606 3300 ut
1619 3246 1717 3302 contri·

61 3326 128 3381 «de
152 3327 253 3398 quibus
275 3336 431 3398 oportuerat
453 3345 498 3384 me
522 3329 659 3402 gaudere;
676 3327 816 3385 confidens
837 3330 865 3384 in
914 3339 1000 3386 status
1018 3331 1052 3386 de
1068 3338 1182 3402 peccato
1205 3330 1358 3402 poeniteat?
1373 3330 1453 3399 Quod
1474 3333 1498 3387 si
1508 3334 1640 3401 venirem,
1661 3350 1715 3391 non

62 3413 221 3470 «omnibus
234 3415 323 3481 vobis,
347 3417 412 3488 quia
432 3432 525 3473 meum
539 3418 668 3490 gaudium
682 3417 802 3472 omnium
818 3433 865 3474 ve·
915 3418 992 3474 fieret
1006 3426 1035 3474 ut
1056 3419 1154 3489 aliquis
1177 3435 1220 3474 me
1240 3419 1292 3474 hoc
1315 3420 1397 3474 modo
1411 3419 1568 3477 laetificaret.
1585 3423 1627 3477 Me
1643 3423 1715 3478 enim

64 3524 77 3549 ι
95 3509 181 3557 strum
197 3511 248 3558 est.
264 3504 336 3559 Nam
358 3521 391 3560 ex
409 3506 493 3560 multa
515 3506 685 3561 tribulatione
700 3513 726 3560 et
740 3506 865 3579 angustia
914 3515 1048 3580 praesente
1073 3507 1206 3562 districtio
1233 3506 1345 3577 justitiae
1373 3509 1462 3579 magis
1492 3524 1542 3564 vos
1565 3508 1717 3566 deterreret

64 3614 76 3638 ι
94 3591 188 3646 cordis
203 3592 300 3663 scripsi
315 3593 392 3649 vobis
417 3610 468 3665 per
481 3594 580 3649 multas
593 3594 728 3666 lacrymas
744 3609 751 3648 ε
768 3609 822 3648 non
837 3601 865 3648 ut
916 3590 1048 3664 quemad
1071 3591 1259 3662 poenitentiam
1283 3591 1417 3647 suaderet.
1434 3591 1504 3646 lllud
1520 3592 1599 3646 etiam
1618 3593 1714 3660 innuit,

65 3699 76 3732 c
95 3679 305 3748 contristemini,
322 3682 370 3736 sed
385 3689 414 3736 ut
429 3682 519 3738 sciatis
546 3698 628 3754 quam
647 3681 801 3737 charitatem
817 3683 867 3736 ha·
915 3695 948 3736 ac
962 3679 985 3733 si
1001 3678 1104 3734 diceret
1121 3693 1127 3732 ε
1144 3680 1258 3750 Propter
1279 3681 1366 3734 Deum
1390 3679 1500 3751 quidem
1520 3681 1653 3751 poenitere
1667 3680 1716 3737 de-

64 3767 178 3822 ·hesm
203 3769 385 3825 abundantius
410 3769 437 3824 in
460 3771 547 3826 vobis,
569 3769 597 3826 Si
615 3769 676 3841 quis
692 3777 782 3825 autem
796 3785 865 3826 con·
914 3764 1042 3821 buissetis
1059 3774 1085 3821 ct
1110 3766 1238 3834 (utillud
1263 3766 1397 3838 omittam)
1416 3783 1467 3837 pro
1481 3782 1514 3823 ec
1538 3767 1597 3823 solo
1620 3775 1649 3823 ut
1671 3784 1716 3824 me

63 3878 75 3904 ι
95 3855 215 3911 tristavit
235 3872 289 3926 me,
315 3872 433 3913 nonme
455 3857 638 3924 contristavit3
656 3858 704 3913 sed
729 3873 763 3913 ex
777 3865 864 3928 parte,
916 3855 1057 3910 doctorem
1070 3861 1191 3909 vestrum
1211 3855 1397 3910 latilicaretis.
1421 3856 1456 3910 Et
1480 3856 1530 3914 hoc
1544 3857 1648 3929 ipsam,
1665 3857 1718 3913 sci·

63 3966 76 3992 ι
96 3952 197 3999 utnon
216 3959 329 4000 onerem
353 3961 449 4001 omnes
469 3962 528 4002 vos.
545 3944 646 4001 Sufficit
660 3945 708 4011 illi,
727 3944 774 4017 qui
789 3946 865 4014 ejus·
915 3941 977 3997 licet
987 3958 1022 3998 ne
1032 3942 1145 3997 veniens
1156 3942 1183 3996 iu
1195 3942 1302 3997 tristitia
1318 3943 1454 3999 neminem
1465 3944 1719 4016 quimelaetificaret

65 4032 173 4087 «modi
193 4039 244 4097 est,
276 4032 430 4105 objurgatio
446 4034 504 4090 haec
528 4050 589 4106 quae
604 4032 633 4087 ht
650 4033 813 4106 apluribus,
830 4033 866 4088 ita
915 4030 1075 4096 invenirem,
1092 4032 1195 4102 scripsi
1207 4032 1280 4087 vodis
1294 4030 1422 4088 ideo:ut
1433 4048 1498 4089 cum
1510 4033 1719 4104 presentialiter
1820 4020 1827 4032 '

65 4128 157 4176 «ute
181 4122 321 4176 contrario
344 4121 433 4193 magis
454 4120 561 4177 donetis
576 4129 603 4178 et
616 4121 814 4177 consolemini:
831 4137 866 4176 ne
915 4134 1024 4186 venero,
1051 4134 1109 4175 uon
1129 4116 1244 4174 lacteum
1267 4120 1419 4175 tristitiam
1444 4137 1528 4192 super
1554 4122 1716 4178 tristitiam.

67 4228 79 4258 ι
96 4206 170 4262 forte
188 4208 379 4264 abundantiori
402 4210 509 4265 tristitia
524 4210 714 4276 absorbeatur,
730 4209 775 4281 qui
790 4210 865 4278 ejus·
915 4205 1076 4276 Huiusmodi
1091 4206 1200 4277 quidem
1224 4207 1361 4261 tristitiam
1384 4208 1500 4263 audiens
1519 4224 1569 4264 vos
1585 4224 1717 4280 peccasse

65 4317 76 4341 ι
95 4295 172 4350 modi
186 4304 238 4352 est,
258 4298 457 4370 propterquod
471 4299 586 4355 obsecro
603 4314 661 4365 vos,
678 4306 707 4353 ut
721 4296 867 4353 confirme-
916 4293 1023 4349 habebo
1038 4293 1195 4362 secundam,
1213 4294 1238 4348 si
1252 4295 1365 4350 veniens
1380 4310 1429 4350 vos
1453 4295 1621 4353 incorrectos
1642 4303 1717 4354 inve·

68 4403 79 4434 ι
99 4384 134 4438 tis
147 4383 177 4438 in
191 4383 269 4439 illum
284 4386 453 4442 charitatem.
470 4387 534 4443 ldeo
549 4387 622 4442 euim
634 4394 661 4442 et
672 4386 768 4458 scripsi
776 4386 864 4454 vobis,
878 4377 984 4439 Dnero
1001 4399 1008 4436 :
1024 4389 1106 4454 utque
1120 4397 1171 4438 vos
1181 4390 1321 4439 correctos
1335 4383 1471 4440 inveniam
1490 4385 1580 4441 scribo
1590 4402 1662 4443 nunc
1672 4403 1717 4444 me

68 4492 80 4521 ι
97 4479 126 4526 ut
142 4486 307 4544 cognoscam
330 4475 545 4546 experimentum
560 4482 690 4541 vestrum,
712 4490 747 4528 an
761 4474 789 4529 iu
804 4491 866 4531 om·
917 4471 944 4525 in
959 4486 993 4526 ec
1006 4469 1141 4527 laetificari
1163 4478 1267 4526 tanturn
1293 4471 1339 4543 qui
1354 4473 1389 4527 ad
1402 4473 1588 4543 poenitentiam
1611 4475 1717 4531 contri·

66 4580 78 4611 ι
95 4559 179 4614 nibus
202 4561 362 4618 obedientes
383 4563 452 4620 sitis.
477 4563 527 4619 Cui
551 4570 641 4618 autem
660 4561 762 4635 aliquid
777 4563 866 4619 dona·
918 4567 1013 4615 statur.
1024 4559 1170 4614 Tristitiam
1187 4559 1249 4616 dico
1262 4560 1375 4615 habeam
1390 4560 1424 4616 de
1439 4561 1518 4617 vobis
1532 4562 1691 4619 incorrectis
1708 4576 1715 4618 ι

68 4647 158 4714 «stis,
184 4656 212 4704 et
232 4665 284 4721 ego
301 4667 308 4704 :
324 4665 388 4706 nam
412 4658 439 4706 et
462 4667 515 4724 ego
529 4652 602 4723 quod
621 4651 729 4718 donavi,
753 4650 777 4706 si
801 4651 866 4723 quid
922 4646 1188 4720 162dcquibcc
1196 4649 1718 4723 modcprimemoportucratmcgcu·

68 4756 79 4787 ι
97 4736 209 4806 donavi,
225 4737 325 4794 donavi
348 4748 460 4811 pmpter
473 4755 523 4795 vos
537 4739 565 4794 in
579 4755 696 4809 persona
712 4739 821 4807 Christi,
838 4747 867 4795 ut
917 4735 982 4791 dere
991 4735 1060 4790 bene
1071 4736 1213 4792 correctis.
1224 4736 1259 4790 Et
1267 4737 1497 4810 reveragaudebc
1507 4737 1577 4793 sicut
1586 4739 1714 4810 oportuit.

68 4844 80 4875 ι
95 4839 153 4880 non
167 4825 413 4882 circumveniamur
433 4844 449 4882 a
464 4828 603 4895 Satanna;
619 4843 674 4883 non
689 4827 763 4883 enim
788 4828 868 4901 igno-
917 4822 986 4876 Nam
1000 4823 1144 4892 confidens
1159 4839 1220 4878 sum
1233 4825 1266 4879 in
1279 4823 1409 4880 omnibus
1419 4825 1508 4893 vobis,
1524 4826 1597 4898 quod
1611 4826 1646 4882 de
1658 4842 1717 4883 cor·

69 4928 189 4968 «ramus
212 4914 390 4987 cogitationes
421 4916 489 4984 ejus,
524 4916 591 4971 cum
615 4915 752 4972 venissem
777 4923 867 4972 autem
916 4910 1036 4966 rectione
1055 4911 1137 4967 vestri
1161 4911 1287 4984 gaudebo
1310 4929 1317 4966 :
1338 4920 1483 4984 propterea
1505 4915 1571 4986 quia
1596 4915 1717 4986 quandiu

67 5001 239 5067 «Troadem,
263 5013 376 5076 propter
395 5003 577 5077 Evangelium
600 5003 709 5071 Christi,
726 5012 753 5059 et
767 5003 866 5060 ostium
917 5014 991 5054 eram
1006 4999 1079 5070 apud
1093 5015 1151 5066 vos,
1166 5000 1302 5072 gaudium
1322 5017 1417 5056 meum
1432 5009 1492 5057 erat
1510 5003 1640 5075 gaudium
1659 5021 1718 5062 ortt-

67 5110 79 5136 ·
96 5089 162 5143 mibi
178 5098 302 5161 apertum
316 5099 389 5148 esset
401 5093 430 5147 in
445 5092 570 5161 Domino,
582 5106 636 5146 non
647 5092 729 5147 habui
743 5092 867 5163 requiem
917 5089 999 5143 etam
1013 5090 1139 5144 vestram
1154 5088 1237 5160 :quia
1251 5095 1280 5142 ut
1293 5088 1412 5160 primum
1434 5089 1568 5146 videbatis
1591 5109 1635 5148 me
1649 5108 1716 5166 gau-

68 5196 79 5226 ι
96 5177 205 5247 spiritui
227 5195 299 5247 meo,
325 5195 358 5236 eo
380 5180 453 5253 quod
472 5196 527 5235 ncn
542 5179 693 5236 invenerim
707 5180 797 5235 Titum
810 5179 867 5234 lm·
916 5174 1033 5243 dentem,
1058 5175 1139 5231 etiam
1159 5191 1214 5232 non
1238 5176 1375 5233 intellecta
1397 5194 1427 5234 re
1442 5177 1476 5234 de
1496 5196 1549 5252 qua
1561 5182 1716 5254 gaudebam

69 5285 80 5315 ι
96 5271 166 5320 trem
190 5281 281 5322 meum
297 5285 304 5322 :
319 5268 369 5323 sed
392 5267 559 5324 valefaciens
569 5268 619 5334 eis,
644 5268 782 5339 proiectus
806 5283 865 5322 sum
916 5264 962 5335 pia
975 5262 1117 5320 affcctione
1131 5265 1343 5336 congaudebatis
1353 5265 1419 5320 mibi
1436 5274 1481 5322 :et
1494 5277 1637 5340 propterea
1650 5285 1716 5325 cou-

70 5351 126 5407 ‹in
147 5353 344 5411 Macedoniam.
366 5357 424 5412 Deo
449 5364 541 5412 antem
565 5355 668 5428 gratias
687 5355 733 5427 qui
757 5370 867 5426 semper
916 5352 970 5409 lide
981 5352 1054 5424 quod
1064 5368 1160 5409 revera
1170 5353 1205 5410 de
1215 5353 1302 5420 vobis,
1315 5354 1446 5411 correctis
1456 5357 1593 5427 gaudebo.
1604 5356 1653 5411 Vel
1663 5356 1713 5412 ita:

70 5459 81 5490 ι
97 5440 246 5512 triumphat
263 5460 315 5500 nos
337 5444 364 5499 in
380 5445 487 5502 Christo
502 5447 578 5513 lesu,
593 5451 620 5500 et
635 5443 749 5501 odorem
763 5443 867 5499 notitia
917 5440 1063 5497 Confidens
1087 5457 1146 5496 sum
1166 5441 1194 5496 in
1216 5441 1303 5509 vobis,
1324 5441 1387 5514 quia
1406 5444 1536 5515 gaudium
1559 5458 1650 5499 meum
1673 5450 1715 5500 est

69 5544 154 5585 -suae
167 5530 324 5591 manifestat
336 5549 388 5607 per
401 5549 453 5592 nos
466 5534 496 5592 in
514 5532 589 5592 omni
602 5534 664 5591 loco
681 5550 689 5589 :
706 5531 769 5606 quia
784 5531 866 5588 Chri·
916 5529 1046 5603 gaudium
1068 5531 1189 5587 omnium
1221 5537 1350 5600 vestrum,
1374 5530 1467 5588 idest
1490 5531 1715 5606 quodgaudium
