3742 5986
173 183 226 239 299
441 180 470 235 S.
490 172 667 236 BRUNONIS
690 171 1012 234 canruustattontttt
1032 172 1274 235 INS'll'l‘UTORlS
1293 175 1370 234 OPP.
1399 173 1487 234 PARS
1514 172 1556 239 11.
1593 198 1596 203 ·
1767 177 1821 231 300

175 303 284 376 gatione
305 302 345 358 sic
362 301 437 373 pouit
453 320 460 355 ε
477 303 520 357 An
544 301 682 357 latendum
706 309 746 356 est
770 302 843 372 quod
867 302 914 356 lex
936 297 1167 361 subnascitur
1178 317 1267 374 nepus
1283 302 1401 372 femina,
1413 299 1441 355 id
1451 307 1492 355 est
1500 315 1554 356 non
1563 299 1647 366 natio,
1658 315 1716 356 non
1725 299 1821 356 mndi-

175 392 309 448 aduersus
320 392 461 463 promisso
474 391 533 456 Dei,
552 398 579 444 ut
594 407 643 460 per
657 389 746 461 legem
757 390 889 444 habeatur
900 386 974 458 quod
1023 385 1070 453 tio,
1087 402 1141 442 nou
1156 404 1236 444 sexus
1256 387 1384 444 differens
1399 389 1483 443 estin
1504 387 1557 444 lide
1581 387 1692 443 Christi.
1718 389 1821 444 Omnes

174 495 223 550 per
237 477 319 534 fidem
333 477 518 550 promittitur?
533 477 613 534 Absit
626 479 678 533 hoc
693 485 722 532 ut
735 477 779 532 lex
794 476 972 531 sicadrersc-
1023 477 1100 530 enim
1116 492 1162 532 uos
1185 492 1277 532 unum
1293 490 1394 548 corpus
1412 478 1480 532 estis
1495 490 1545 547 per
1561 473 1643 530 iidem
1661 476 1694 530 in
1711 475 1820 531 Christo

175 575 218 621 tur
243 566 386 638 promissis
411 566 471 634 Dei,
487 572 517 620 ut
540 564 639 621 efficiat
661 563 887 632 benedictionem,
913 577 973 634 quae
1022 563 1097 619 lesu.
1114 564 1144 620 Si
1158 568 1256 619 cutem
1271 580 1317 620 uos
1340 564 1407 619 estis
1429 563 1544 631 Christi,
1560 578 1623 620 cum
1646 562 1772 620 Christus
1788 562 1822 617 sit

175 671 226 726 per
239 653 320 710 fidem
341 653 506 726 promittitur
518 652 524 708 1
541 655 611 708 llere
633 653 676 708 lex
700 669 754 707 non
779 660 820 707 est
843 651 973 707 adversus
1023 649 1141 706 librahae
1153 670 1160 717 ;
1173 667 1255 722 supra
1265 651 1337 707 enim
1347 651 1449 706 dictum
1460 659 1501 706 est
1507 658 1534 706 et
1547 651 1650 708 semini
1661 655 1709 706 tuo
1719 651 1822 724 quiesi

173 742 311 813 promissa
324 741 384 810 liei,
400 749 429 796 ut
447 742 534 813 possit
554 740 772 796 benedictionem
794 740 871 795 dare.
900 740 972 794 Num
1025 735 1164 805 Christus,
1191 755 1256 808 ergo
1279 755 1328 810 per
1351 738 1485 794 Christum
1509 754 1568 805 vos,
1593 737 1727 810 gentiles,
1752 739 1822 794 estis

175 833 201 886 si
217 832 264 886 lec
277 831 345 885 duta
355 834 426 885 esset
436 846 497 902 quc
507 831 595 900 possit
604 829 756 898 vivificare,
769 827 796 883 id
808 834 849 882 est
860 825 974 897 promis-
1023 841 1119 881 semen
1135 826 1263 881 Abroboe.
1275 827 1310 881 Et
1320 826 1343 880 si
1353 842 1457 894 semen,
1469 840 1538 900 ergo
1553 825 1676 883 boercdcs
1691 825 1823 881 henedic-

176 933 234 972 sam
257 917 473 973 benedictionem
497 917 573 985 dare,
596 924 658 971 tunc
681 932 743 972 uere
760 916 878 986 justitio
901 916 973 970 esset
1024 912 1104 967 tionis
1120 913 1251 981 eius,non
1261 929 1313 984 per
1323 913 1645 986 legem,sedsecundunr
1658 914 1822 985 promissio·

176 1021 213 1060 ess
238 1007 305 1077 iege,
322 1005 373 1059 nisi
396 1005 469 1060 enim
487 1004 591 1073 justitia
614 1003 794 1074 praecesserit,
819 1001 973 1057 benedictio
1023 1016 1099 1055 nem.
1114 1001 1144 1053 lu
1159 1000 1257 1056 eodem
1271 1001 1479 1073 quodsuperius
1493 1000 1823 1072 probavitadhucimmo-

176 1093 271 1165 nequit
293 1092 463 1163 apprehendi
481 1112 488 1158 ;
514 1092 563 1147 sed
588 1108 621 1146 ex
645 1091 706 1163 lege
729 1098 840 1144 nonest
858 1089 971 1158 justitia.
1023 1095 1113 1152 ratur;
1129 1087 1198 1143 sicut
1213 1088 1285 1142 enim
1299 1088 1424 1159 probavit
1433 1103 1489 1144 non
1502 1088 1619 1160 amplius
1628 1089 1822 1145 reuertendum

175 1181 325 1252 Scriptura
337 1181 409 1235 enim
429 1181 578 1248 conclusit,
595 1179 622 1233 id
637 1186 678 1233 est
693 1177 810 1233 ostendit
833 1177 971 1232 conclusa.
1023 1189 1083 1229 esse
1093 1175 1128 1230 ad
1138 1175 1236 1246 legem,
1249 1176 1313 1248 quia
1326 1176 1495 1250 paedagogus
1509 1175 1575 1231 luit:
1586 1175 1641 1232 fide
1653 1183 1822 1248 autemper-

175 1267 223 1323 Vel
239 1267 387 1339 Scriptura,
404 1267 487 1323 idest
510 1267 606 1322 eadem
631 1264 684 1332 lex,
704 1274 740 1331 et,
766 1282 816 1337 per
840 1265 971 1331 additum,
1023 1260 1110 1328 lectis,
1134 1263 1286 1337 paedagogo
1310 1279 1364 1319 non
1387 1272 1429 1319 est
1447 1279 1535 1335 opns;
1551 1263 1624 1319 idem
1648 1264 1738 1320 adhuc
1762 1262 1822 1319 aliis

174 1363 318 1426 peccatum
334 1355 411 1427 quasi
423 1353 557 1410 violenter
572 1353 715 1420 conclusit,
728 1361 755 1408 et
769 1352 897 1409 conclusa
911 1367 973 1407 esse
1025 1349 1175 1405 rationibus
1187 1352 1291 1421 probat,
1300 1351 1403 1408 scihcet
1414 1351 1524 1407 tudaeos
1533 1352 1711 1423 nonamplius
1720 1352 1823 1409 debere

174 1443 293 1498 ostendit
308 1443 404 1498 omnio
418 1442 468 1498 sub
488 1446 613 1514 peccato.
640 1442 706 1497 ldeo
730 1441 821 1496 omnis
845 1440 973 1497 conclusa
1023 1437 1416 1511 operarisublege,propterea
1425 1439 1488 1511 quia
1497 1439 1541 1496 lex
1551 1439 1825 1496 locotutorisetacto·

176 1539 238 1585 sunt
253 1530 304 1584 sub
325 1538 448 1601 peccato,
464 1535 497 1585 ut
512 1529 552 1585 sic
565 1527 685 1585 conclusi
708 1530 862 1598 crederent,
879 1536 905 1583 et
919 1528 973 1582 illis
1020 1524 1058 1578 ris
1068 1524 1117 1579 luit
1130 1541 1137 1580 :
1150 1540 1205 1597 quo
1219 1533 1307 1582 tutore
1318 1534 1344 1582 et
1355 1535 1447 1583 actore
1458 1542 1513 1583 uon
1522 1526 1626 1600 indiget
1635 1527 1782 1583 maturitas
1791 1526 1822 1581 fi-

176 1618 287 1673 tandem
300 1617 484 1682 credentibus
500 1618 618 1673 duretur
632 1617 789 1689 promissio,
806 1616 834 1671 id
850 1623 891 1671 est
905 1631 1008 1700 pro-B
1022 1612 1076 1666 dei.
1092 1612 1128 1666 Et
1141 1613 1194 1668 hoc
1211 1614 1308 1684 probat
1322 1630 1372 1686 per
1395 1614 1597 1672 similitudinem
1620 1614 1716 1686 pupilli
1739 1630 1821 1686 quem

175 1704 260 1759 missa
282 1705 447 1773 benedictio,
467 1719 521 1760 nou
545 1720 577 1759 er
600 1704 672 1776 lege,
698 1704 746 1758 sed
768 1719 805 1758 err
827 1703 882 1773 fido
908 1704 973 1759 lesu
1022 1707 1102 1770 pater
1123 1700 1244 1756 moriens
1267 1701 1318 1756 sub
1342 1709 1431 1758 tutore
1455 1710 1481 1758 ει
1493 1711 1586 1759 actore
1609 1718 1671 1760 esse
1691 1702 1820 1774 disponit,

177 1792 304 1861 Christi,·
327 1799 420 1862 posset
449 1792 521 1846 euim
549 1791 634 1863 putari
668 1791 754 1863 quod,
780 1790 843 1846 licet
875 1790 973 1846 crede·
1024 1786 1111 1843 donec
1124 1788 1266 1843 maturitas
1280 1789 1367 1844 aetatis
1381 1788 1462 1846 iaciat
1476 1805 1539 1845 eum
1555 1790 1670 1862 dignum
1684 1789 1819 1846 libertate.

175 1888 246 1948 rent,
273 1895 328 1934 uon
357 1887 448 1934 tamen
471 1878 568 1934 morito
591 1877 655 1933 tidei
678 1878 833 1948 acciperent
857 1877 973 1933 benedi·
1023 1877 1105 1931 Tutor
1117 1876 1196 1946 pueri
1211 1875 1318 1943 dicitur,
1334 1877 1380 1949 qui
1394 1885 1491 1933 contra
1513 1878 1717 1950 impugnantem
1732 1885 1822 1934 tuetur

176 1967 303 2023 ctionem.
1025 1979 1097 2029 eum,
1113 1979 1147 2018 ne
1163 1964 1329 2020 exhaeredari
1353 1965 1450 2036 possit.
1466 1967 1548 2022 Actor
1561 1965 1640 2037 pueri
1650 1964 1760 2032 dicitur,
1777 1965 1821 2023 vel

211 2055 280 2110 Nota
292 2069 298 2108 :
310 2053 373 2109 ideo
387 2052 521 2109 conclusit
532 2052 621 2108 omnia
636 2052 686 2106 sub
700 2061 822 2123 peccato,
834 2059 861 2106 ut
878 2051 973 2107 crede·
1023 2050 1106 2120 idem,
1122 2051 1165 2106 vel
1180 2050 1249 2106 alius
1261 2070 1269 2118 ;
1283 2051 1333 2107 sed
1346 2067 1397 2123 pro
1412 2053 1520 2109 diversa
1534 2068 1626 2120 causa,
1637 2052 1743 2110 scilicet
1757 2054 1821 2127 qiria

176 2149 238 2197 rent
250 2160 257 2208 ;
274 2141 326 2195 nisi
341 2141 413 2196 enirn
427 2141 552 2196 homines
566 2139 604 2194 ita
618 2139 770 2212 ligarentur
793 2141 842 2194 sub
865 2139 973 2194 vinculo
1023 2138 1080 2210 agit
1090 2145 1116 2193 et
1122 2138 1261 2210 dispensat
1271 2139 1342 2195 bons
1351 2139 1457 2210 pupilli,
1469 2139 1548 2197 solvit
1557 2156 1666 2210 census,
1674 2142 1822 2213 respondet

176 2228 292 2300 peccati,
314 2229 385 2299 quod
409 2244 460 2282 nec
483 2227 586 2283 viribus
611 2227 667 2281 suis
692 2227 827 2298 respirare
849 2234 972 2297 possent,
1023 2241 1073 2296 pro
1090 2240 1122 2281 eo
1137 2225 1164 2280 iu
1178 2227 1279 2282 causis.
1294 2227 1349 2282 Lex
1363 2226 1486 2282 similiter
1500 2235 1573 2284 tutor
1586 2236 1614 2284 et
1626 2227 1820 2285 actordicitur.

177 2332 315 2388 nunquam
339 2314 374 2370 ad
403 2315 617 2370 misericordiam
641 2331 702 2386 quoe
729 2314 757 2368 in
780 2313 833 2370 lide
856 2322 972 2384 constat,
1024 2313 1156 2368 Homines
1171 2314 1243 2370 enim
1255 2330 1353 2385 pamm
1376 2315 1509 2371 habentes
1524 2315 1622 2372 divinae
1643 2316 1819 2388 cognitionis,

179 2403 369 2476 confugerent.
386 2403 439 2459 Sed
454 2402 576 2474 quamvis
591 2401 635 2457 lex
654 2400 791 2457 vivificare
806 2417 861 2456 uon
875 2401 971 2473 possit,
1023 2408 1050 2456 et
1064 2400 1093 2456 in
1106 2402 1203 2457 eodem
1217 2403 1281 2457 satis
1296 2402 1389 2458 miseri
1403 2411 1429 2458 et
1444 2403 1548 2475 pupilli,
1563 2403 1723 2476 indigebant
1744 2405 1821 2478 prius

177 2500 269 2548 tamen
279 2498 431 2562 opportuna
439 2491 486 2544 luit
497 2508 504 2556 ;
516 2490 587 2561 quia,
599 2491 764 2562 priusquam
774 2491 883 2546 ueniret
893 2490 971 2559 fides,
1023 2488 1085 2561 lege
1108 2505 1169 2560 quae
1192 2489 1393 2562 constringeret
1413 2505 1463 2546 eos
1476 2498 1506 2546 ut
1526 2507 1631 2560 servos,
1647 2499 1686 2559 ut,
1703 2493 1823 2550 subhac

177 2595 228 2634 nos
241 2578 327 2633 ludaei
342 2577 422 2649 positi
437 2577 487 2634 sub
504 2579 561 2648 icpc
575 2577 809 2645 custodiebamur,
826 2576 853 2630 id
867 2583 908 2631 est
922 2576 973 2630 sub
1023 2576 1193 2632 districtione
1206 2577 1309 2644 nutriti,
1319 2578 1468 2650 migrarent
1477 2580 1513 2635 ad
1526 2578 1722 2650 perlectionem
1736 2578 1820 2648 fidei·,

178 2665 300 2722 custodia
312 2665 383 2736 legis
407 2664 592 2720 nutriebamur
615 2664 650 2719 ad
672 2672 815 2721 uenturam
838 2664 968 2735 gratiam.
1024 2672 1050 2719 et
1064 2671 1127 2720 tunc
1140 2664 1184 2720 lex
1207 2673 1263 2721 erat
1278 2666 1318 2721 eis
1332 2674 1405 2721 tutor
1418 2683 1469 2738 per
1489 2676 1627 2738 praecepta
1650 2684 1712 2740 quta
1726 2668 1818 2737 dabat,

179 2753 235 2810 Sub
249 2751 312 2825 lege
326 2752 388 2808 dico
410 2753 545 2818 conclusi,
563 2751 590 2806 id
605 2760 646 2806 est
668 2752 808 2808 constricti
821 2751 849 2806 in
863 2767 973 2807 carcere
1024 2751 1118 2807 dicens
1135 2753 1198 2809 :Ne
1227 2751 1313 2809 iacias
1335 2754 1387 2809 hoc
1409 2761 1436 2809 et
1449 2754 1524 2809 illud.
1557 2754 1637 2824 Quod
1661 2756 1686 2811 si
1708 2754 1820 2824 leceris,

176 2840 250 2898 velut
265 2839 347 2895 servi.
362 2839 512 2894 llinahstur
525 2839 597 2893 enim
620 2855 740 2911 poeuam,
756 2855 810 2894 nou
831 2839 973 2910 promitte·
1022 2848 1110 2895 morte
1124 2838 1261 2895 morieris.
1278 2840 1323 2897 Sic
1336 2857 1387 2912 per
1397 2841 1461 2896 data
1474 2850 1611 2913 praecepta
1621 2843 1759 2900 tutabatur
1773 2860 1822 2901 eos

176 2930 223 2985 hat
237 2927 370 3001 requiem.
393 2926 619 2982 custodiebamur
641 2927 713 2994 dico,
729 2943 763 2981 ex
777 2928 827 2982 hac
850 2926 972 2982 custodis
1023 2926 1077 2994 lex,
1094 2933 1121 2982 et
1144 2926 1306 2982 defendebat
1325 2937 1419 2984 contra
1441 2928 1571 2985 irruentia
1594 2929 1669 3000 ritis,
1685 2945 1703 2987 a
1721 2932 1822 3003 qubus

176 3015 316 3071 transituri
323 3019 355 3072 in
365 3031 427 3072 corn
441 3015 526 3085 fidem
541 3030 602 3086 quoe
616 3022 679 3070 tuuc
690 3012 861 3086 figurislegis
871 3015 968 3082 velata,
982 2979 1006 3042 ο
1020 3013 1118 3070 timore
1146 3014 1301 3082 cessabant,
1324 3016 1444 3071 nondum
1472 3016 1628 3074 dilectione.
1651 3019 1707 3075 Lex
1739 3019 1822 3076 etiam

177 3108 240 3161 crat
252 3103 404 3160 revelando
413 3118 462 3173 per
472 3101 621 3157 Christum.
636 3103 670 3156 Et
680 3101 744 3173 quia
754 3101 872 3174 sublege
882 3110 972 3158 custo·
1021 3111 1078 3159 erat
1093 3103 1214 3172 ejusdem
1228 3102 1321 3175 populi
1334 3111 1418 3172 actor,
1434 3120 1484 3176 per
1499 3104 1631 3162 sacrificis
1641 3105 1741 3178 quibus
1755 3123 1824 3182 age·

176 3191 319 3246 diebsmur
332 3190 361 3245 in
374 3189 466 3257 fidem,
482 3192 577 3262 itaque
597 3189 645 3245 les
660 3190 718 3259 suit
740 3190 908 3262 pedagogus
921 3206 969 3245 no·
1021 3191 1100 3245 hatur
1113 3189 1185 3261 apud
1199 3191 1286 3246 Deum
1310 3199 1339 3246 nt
1352 3191 1525 3263 expiarentur
1538 3208 1554 3247 a
1568 3194 1698 3264 peccatis.
1719 3194 1821 3252 Littera

176 3283 244 3346 ster,
270 3277 393 3333 nutriens
417 3293 468 3332 nos
492 3277 634 3348 ponendos
657 3278 689 3332 in
714 3276 835 3343 Cbristo,
859 3277 921 3333 ideo
943 3277 971 3331 iu
1022 3278 1061 3334 sic
1073 3278 1206 3351 juugitur.
1221 3279 1284 3334 Non
1294 3278 1381 3334 solum
1396 3295 1445 3351 per
1459 3280 1486 3336 id
1497 3281 1571 3352 quod
1585 3281 1757 3354 praemissum
1767 3292 1819 3352 est,

175 3366 292 3431 Christo,
311 3369 343 3422 ut
358 3381 409 3421 nos
423 3364 510 3420 Judaei
518 3365 712 3435 justificemur
736 3381 773 3420 ec
791 3365 845 3435 fids
861 3365 970 3430 Christi,
1022 3364 1126 3421 scilicet
1141 3365 1258 3437 quialex
1272 3366 1439 3439 pedagogus
1454 3367 1503 3423 luit
1512 3368 1598 3440 probo
1613 3385 1668 3426 uon
1676 3369 1749 3428 ultra
1762 3385 1822 3426 ma·

175 3468 230 3510 non
246 3452 364 3526 exlege.
383 3453 553 3525 l‘aedagogus
573 3452 670 3508 dicitur
691 3452 808 3508 nutritor
822 3452 906 3523 pueri,
925 3451 972 3524 qui
1021 3453 1140 3508 nendum
1156 3469 1217 3509 esse
1233 3453 1370 3527 sublege,
1387 3455 1437 3510 sed
1459 3455 1540 3512 etiam
1560 3472 1610 3528 per
1622 3458 1676 3513 hos
1687 3458 1761 3530 quod
1774 3458 1820 3516 lex

175 3557 284 3613 semper
298 3541 418 3613 sequitur
426 3541 511 3612 pedes
526 3541 593 3609 eius.
611 3539 740 3595 Similiter
751 3540 793 3595 lex
804 3540 971 3613 paedagogus
1021 3539 1082 3597 loco
1104 3540 1200 3596 tutoris
1215 3548 1240 3596 et
1255 3542 1356 3598 actoris
1371 3541 1428 3597 luit.
1454 3542 1561 3612 Quibus
1584 3544 1649 3617 quia
1668 3545 1742 3601 ultra
1765 3562 1822 3603 non

175 3636 270 3685 noster
284 3628 342 3695 luit,
357 3629 481 3684 nutriens
494 3627 638 3699 pueritiam
654 3635 680 3682 et
704 3627 904 3697 simplicitatem
919 3643 971 3682 uo·
1021 3627 1185 3700 indigemus,
1211 3627 1301 3702 legem
1326 3637 1418 3686 tenere
1441 3630 1569 3699 iniustum
1592 3638 1642 3688 εει.
1669 3632 1719 3689 Vel
1743 3634 1821 3692 aliter

175 3725 269 3785 stram,
287 3715 356 3771 sicut
372 3715 441 3771 solet
459 3730 528 3785 puer
542 3714 638 3769 nutriri
659 3714 817 3770 verberibus
833 3722 859 3769 et
873 3715 966 3769 minis.
1018 3715 1148 3786 juugitur,
1165 3724 1193 3771 ut
1214 3716 1249 3771 sit
1270 3715 1384 3773 adversa
1408 3718 1550 3786 sententia,
1566 3718 1605 3775 ita
1619 3733 1626 3773 :
1642 3718 1714 3789 Quia
1736 3737 1821 3778 unum

175 3804 233 3859 Nos
246 3802 323 3873 pueri
345 3818 454 3858 eramus
476 3800 527 3855 sub
550 3801 713 3874 padagogo.
738 3803 774 3856 lt
799 3802 856 3868 ubi,
879 3802 908 3857 id
930 3809 972 3858 est
1020 3818 1115 3857 sumus
1129 3803 1156 3857 in
1170 3803 1279 3860 Christo
1304 3813 1331 3862 ει
1351 3821 1402 3877 per
1426 3804 1509 3863 iidem
1533 3807 1758 3866 semendbrahre
1771 3827 1819 3866 su-

175 3898 327 3962 postqusm,
338 3888 457 3946 21⁸1
474 3888 552 3943 uenit
567 3888 646 3957 fides,
657 3889 684 3942 id
700 3896 741 3943 est
755 3889 895 3944 maturitas
910 3905 971 3946 mo·
1020 3907 1091 3956 mus,
1112 3907 1207 3946 vemm
1229 3891 1338 3963 quidem
1358 3901 1400 3948 est
1414 3895 1604 3966 quiapropter
1623 3894 1683 3952 haec
1696 3898 1819 3967 uoniam

176 3993 246 4044 rum,
272 3976 374 4047 etjam
398 3975 483 4032 adulti
506 3991 616 4041 sumus;
640 3991 690 4031 nos
713 3975 808 4043 Judaei,
825 3978 889 4048 jum
912 3994 971 4034 non
1020 3977 1152 4034 debemus
1167 3986 1259 4034 tenere
1274 3979 1384 4054 legemr
1401 3982 1451 4038 sed
1475 3988 1565 4038 tamen
1587 3984 1745 4040 necessaria
1758 3984 1819 4053 tuit,

175 4081 273 4122 sumus
283 4064 332 4120 sub
348 4065 506 4137 pedagogo,
517 4063 595 4119 idest
605 4064 656 4119 sub
667 4063 738 4138 lege.
748 4065 874 4121 ldeonos
885 4066 972 4122 tudaei
1020 4066 1084 4121 dum
1098 4073 1184 4122 tutore
1200 4075 1227 4123 et
1241 4075 1334 4124 actore
1346 4069 1436 4126 adhuc
1450 4070 1547 4142 pupilli
1567 4069 1770 4143 indigebamus.
1786 4074 1820 4130 llt

175 4153 292 4225 amplius
300 4168 355 4208 nou
368 4168 462 4207 sumus
472 4151 522 4206 sub
533 4151 604 4223 lege,
617 4154 684 4224 quio
698 4167 747 4208 vos
762 4169 866 4222 omnes,
884 4153 970 4210 Gala·
1019 4154 1170 4210 secundum
1199 4155 1268 4211 hanc
1294 4156 1524 4216 continuationem
1549 4173 1630 4216 causa
1654 4175 1716 4233 quar
1742 4161 1820 4235 prius

174 4249 219 4309 tae,
242 4239 358 4312 gentiles
381 4241 449 4296 estis
470 4240 527 4309 filii
550 4240 598 4296 liei
619 4256 671 4312 per
693 4241 788 4311 fidem,
804 4242 921 4296 habitam
942 4241 971 4296 in
1020 4257 1077 4298 non
1090 4251 1151 4299 erat
1163 4241 1269 4298 reddita
1283 4244 1365 4301 modo
1380 4245 1558 4319 supplebitur.
1642 4258 1652 4272 ·

174 4329 283 4384 Christo
296 4329 360 4384 lesu
384 4343 439 4384 nou
454 4327 543 4382 minus
568 4343 647 4400 quant
662 4345 724 4384 nos.
748 4330 783 4384 Et
797 4329 821 4384 si
834 4330 912 4385 vobis
926 4323 1009 4384 ιιι-Ι)

172 4415 212 4471 hil
225 4416 314 4471 miuus
333 4423 375 4471 est
397 4416 468 4487 apud
491 4417 577 4471 Deum
598 4432 647 4487 per
670 4414 753 4472 fidem
777 4432 859 4489 quarn
880 4416 969 4484 uobis,

173 4502 274 4560 trustra
297 4510 450 4560 teneremus
471 4503 572 4576 legem,
596 4520 658 4575 quae
680 4520 731 4574 per
760 4518 810 4559 nos
838 4504 972 4575 probatur

173 4592 240 4648 nihil
254 4592 377 4649 conterre
392 4591 481 4648 nohis.
497 4591 568 4661 Quia
583 4591 670 4646 sinos
690 4590 777 4647 ludaei
790 4591 891 4663 legem,
908 4591 971 4664 quia
1058 4590 1154 4649 «Dico
1168 4601 1260 4652 autem
1276 4610 1283 4652 ε
1300 4595 1407 4666 Quanto
1431 4606 1554 4671 tempore
1576 4600 1665 4658 hares
1688 4601 1820 4674 parrulos

173 4681 296 4736 inutilem
317 4680 485 4746 dimittimus,
501 4679 593 4750 utique
607 4693 656 4734 ros
680 4677 726 4749 qui
748 4693 803 4734 non
824 4678 969 4748 habuistis,
1023 4702 1034 4727 n
1051 4680 1177 4750 est,nihil
1191 4682 1279 4740 differt
1292 4700 1308 4739 a
1319 4701 1409 4754 servo,
1422 4687 1529 4744 sumsit
1542 4688 1797 4748 dominusomnium
1810 4709 1819 4759 ς

174 4767 280 4824 insania
294 4777 366 4825 esset
380 4766 596 4839 apprehendere.
1022 4790 1033 4817 ι
1050 4768 1099 4824 sed
1114 4769 1164 4824 suh
1179 4772 1311 4828 tutoribus
1326 4782 1353 4830 et
1367 4774 1506 4832 actoribus
1521 4785 1564 4833 est
1585 4779 1725 4850 usquead
1742 4796 1817 4851 pras-

208 4857 280 4912 Bene
290 4857 351 4912 dico
361 4871 411 4912 ros
422 4854 492 4909 filios
503 4852 553 4908 Dei
561 4853 589 4907 in
598 4852 705 4908 Christo
714 4852 788 4908 lesu.
808 4854 970 4928 Quicunque
1022 4879 1033 4906 u
1050 4855 1154 4913 linitum
1174 4865 1281 4931 tempus
1295 4876 1313 4917 a
1326 4870 1413 4933 patre.
1430 4863 1471 4919 lta
1485 4872 1512 4920 et
1533 4880 1585 4922 nos
1607 4881 1671 4923 cum
1693 4882 1818 4924 essemus

173 4944 250 4998 enim
265 4943 402 5015 baptisati
417 4942 485 4999 estis
499 4943 531 4996 in
548 4939 667 5008 Cbristo,
681 4940 706 4995 id
718 4947 758 4996 est
766 4940 794 4995 iu
801 4940 969 4999 institutione
1021 4965 1033 4991 r
1049 4945 1166 5015 parvuli,
1183 4947 1234 5002 suh
1259 4948 1400 5006 elementis
1413 4951 1508 5007 mundi
1531 4968 1640 5009 eramus
1654 4955 1816 5012 servientes.

1331 4439 1445 4497 CAPUT
1459 4441 1505 4498 tv.

174 5029 272 5085 Christi
281 5030 499 5097 lesu,induistis
511 5028 664 5084 Christum.
674 5028 791 5084 Induere
798 5029 873 5085 dicit.
881 5031 969 5087 Homo

174 5116 246 5172 eninr
261 5132 311 5188 per
338 5125 480 5188 peccatum
496 5115 584 5171 nudus
608 5123 635 5170 et
657 5115 798 5186 penuriam
819 5117 919 5189 patitur
942 5125 968 5174 et

172 5203 366 5277 ignominiam
382 5204 472 5259 sedin
495 5202 631 5275 baptismo
655 5203 767 5259 veniens
782 5203 815 5259 ad
831 5204 967 5261 Christum

171 5292 258 5350 induit
281 5308 353 5358 eum,
370 5299 396 5346 et
411 5292 446 5346 ad
461 5291 604 5364 tegendam
629 5290 779 5347 nuditatem
803 5300 919 5348 suamet
933 5293 967 5350 sd

172 5381 296 5455 gloriam.
309 5381 381 5438 uene
391 5379 453 5435 dico
463 5378 622 5452 quicunque
635 5395 694 5435 non
711 5383 752 5435 est
766 5379 838 5434 enim
854 5380 967 5437 iudeus

171 5484 260 5541 nepus
279 5472 400 5536 Croesus,
412 5484 470 5525 non
485 5472 527 5526 est
540 5483 635 5524 seruus
650 5483 738 5540 nequo
755 5466 842 5535 liber,·
853 5485 911 5526 non
924 5473 968 5526 εει

1021 5055 1032 5079 ι
1049 5031 1145 5087 stubi
1164 5035 1238 5090 venit
1260 5036 1400 5106 plenitudo
1423 5039 1564 5111 temporis,
1578 5041 1652 5097 misit
1673 5043 1749 5100 Deus
1770 5043 1818 5099 Fi·

1021 5118 1114 5173 ulium
1128 5137 1207 5176 suum
1233 5122 1335 5180 lactum
1351 5142 1384 5181 ex
1406 5127 1532 5194 muliere,
1549 5127 1649 5185 iactum
1670 5130 1723 5186 suh
1743 5130 1816 5204 lege,

1020 5229 1031 5254 ι
1048 5215 1076 5263 ut
1086 5222 1134 5263 eos
1147 5209 1193 5281 qui
1203 5211 1253 5267 snb
1268 5211 1329 5286 lege
1345 5220 1423 5270 erant
1432 5214 1589 5284 redimeret,
1598 5224 1627 5272 ut
1641 5217 1817 5290 adoptionem

1019 5294 1164 5353 «fluorum
1183 5299 1376 5371 reciperemus.
1393 5301 1530 5372 Quoniam
1553 5312 1643 5361 auteur
1666 5305 1733 5362 estis
1755 5305 1817 5363 Filii

1018 5407 1030 5432 s
1047 5384 1108 5453 liei,
1122 5385 1196 5442 misit
1209 5388 1285 5444 Deus
1304 5389 1432 5462 Spiritum
1446 5391 1507 5448 Filii
1521 5391 1562 5448 sui
1584 5391 1614 5448 in
1627 5392 1712 5451 corda
1726 5402 1818 5452 vestra

1047 5471 1162 5546 [nostra]
1177 5473 1339 5533 clamantem
1354 5494 1361 5533 :
1377 5478 1465 5546 Abba,
1477 5480 1567 5537 Pater.
1584 5479 1707 5538 218
1722 5482 1817 5555 ltaque
