3742 5986
105 169 135 221 ll
377 167 405 221 S.
426 162 606 221 epultortts
623 160 953 219 CARTHUSIANORUM
974 158 1216 216 INSTlTUTORIS
1236 158 1312 216 OPP.
1333 160 1422 217 PARS
1440 160 1474 214 11.
1718 159 1750 213 ta

101 287 253 360 nimiopere
267 287 427 357 afficiantur,
439 289 475 344 ita
489 296 515 345 et
530 289 677 345 secundum
692 289 764 344 hunc
778 295 880 343 tomum
894 285 998 359 praefeti
1013 286 1046 340 D.
1062 285 1206 354 Brtrnonis,
1222 301 1303 356 quem
1318 285 1353 341 ad
1367 284 1487 341 universi
1503 284 1531 339 S.
1546 281 1650 340 ordinis
1661 282 1748 339 vestri

103 387 315 442 emolumentum
334 387 437 457 recudi,
454 395 480 443 et
494 387 526 443 lt.
543 388 571 442 P.
590 388 621 443 V.
638 385 795 458 singulatim
811 399 968 457 nuncupare
992 383 1080 440 risum
1103 391 1154 452 est,
1173 391 1279 456 gratum
1294 390 1469 455 optatumque
1492 381 1544 454 ipsi
1567 381 1751 437 obventurum

104 483 222 541 confido.
239 484 341 540 Valeat.

141 579 262 636 Coloniae
276 581 402 653 Agripp,
418 573 489 654 pr‘fd.
497 573 622 639 mend.
630 578 834 639 rottenstein

754 675 927 734 Venerabilis
941 674 969 731 in
983 675 1090 730 Christo
1132 675 1165 732 R.
1179 675 1209 730 P.
1225 675 1258 732 V.

865 772 1064 831 observentias.

1038 870 1207 925 Bassianus
1222 868 1374 933 euterun,
1387 866 1454 924 civis
1469 875 1496 924 et
1509 868 1660 943 bibliopola

1260 965 1440 1023 Coloniensis.

574 1283 767 1418 btttt
815 1279 1290 1418 eattitortts

261 1522 688 1672 appositio
733 1519 817 1662 itt
871 1514 1284 1659 peteretis
1330 1513 1582 1658 eluet.

705 1756 756 1853 s.
800 1751 1145 1850 urerentur

553 1991 576 2045 l
605 1979 825 2046 PRAEFATIO
852 1979 894 2041 ΙΝ
921 1975 1149 2040 EPISTOLAS
1176 1975 1311 2038 PAULI.

148 2333 268 2389 Primum
283 2330 412 2404 (luaefiiffl’
427 2344 511 2402 quase
523 2325 752 2399 PPSOEVPPPelifl»
769 2339 828 2395 <11¹ae
839 2338 905 2392 SUP·
915 2329 944 2389 A
958 2336 1037 2409 quasi
1061 2336 1217 2391 destruetor
1236 2334 1306 2407 legis
1330 2333 1399 2390 falsa
1424 2334 1578 2406 suspicione
1593 2332 1755 2399 habebatur,

111 2424 279 2495 Pliminium
301 2419 372 2493 legis
395 2426 465 2483 sunt,
482 2425 509 2473 ei
523 2416 551 2471 5¹1
566 2415 663 2487 quihus
685 2413 764 2469 ¹¹0bi3
784 2410 909 2481 elemPla
959 2424 1044 2481 voluit
1069 2424 1150 2480 tacito
1177 2423 1286 2479 nomine
1318 2423 1352 2478 de
1380 2421 1477 2495 figuris
1499 2422 1568 2494 legis
1590 2430 1617 2478 et
1641 2422 1756 2478 veritate

113 2519 139 2567 et
160 2517 297 2583 praecepta
316 2507 425 2564 vivendi
440 2504 597 2577 plenissime
611 2504 718 2576 digesta
730 2508 802 2568 sunt,
814 2499 909 2555 V⁰l¹1t³·
958 2512 1059 2568 Christi
1072 2511 1188 2567 reddere
1199 2511 1340 2574 rationem,
1353 2526 1387 2566 ne
1398 2511 1488 2566 odium
1499 2510 1617 2567 nominis
1630 2509 1757 2582 infreme

111 2599 145 2654 rit
155 2599 301 2670 Apostolus
311 2598 361 2651 hus
371 2593 548 2666 Epistolasud
556 2591 676 2665 singulas
686 2587 910 2646 Ecclesiasdesti·
959 2599 1125 2671 praetitulati,
1150 2599 1293 2655 utilitatem
1316 2599 1470 2655 excluderet
1491 2598 1624 2656 lectionis.
1637 2599 1699 2652 Nou
1715 2605 1757 2653 est

113 2703 190 2743 nare.
216 2686 273 2742 Hae
296 2693 385 2740 aulem
409 2698 493 2739 cause
516 2680 616 2744 fectum
630 2678 745 2745 Videtur.
762 2686 791 2732 ¹12
806 2676 910 2733 Scilicet
958 2703 1025 2743 saue
1046 2687 1147 2743 mirum
1162 2687 1185 2742 si
1195 2686 1366 2758 eloquentior
1387 2687 1511 2742 videatur
1525 2687 1553 2741 in
1579 2686 1701 2758 proprio,
1727 2686 1757 2741 id

118 2775 193 2830 initia
205 2773 341 2830 nascentis
360 2771 501 2837 Ecclesia,
520 2769 598 2825 novis
611 2767 702 2824 causis
718 2765 907 2831 existentibus,
959 2784 1001 2832 esi
1023 2776 1138 2831 iieiiraeo
1162 2791 1242 2847 quam
1258 2775 1286 2828 in
1310 2774 1466 2848 peregrino,
1490 2775 1518 2830 id
1540 2781 1582 2830 est
1603 2774 1630 2828 in
1645 2774 1754 2843 Graeco,

113 2863 285 2937 preveniret,
298 2869 325 2917 et
338 2868 368 2916 ut
381 2858 526 2931 presentia
546 2864 627 2929 atque
641 2855 757 2912 orientia
770 2860 909 2910 resecaret
959 2879 1014 2936 quo
1029 2871 1134 2920 caeierae
1157 2862 1284 2934 Epistolae
1305 2870 1368 2917 suni
1382 2863 1500 2934 scripiae,
1510 2878 1646 2918 sermone,
1665 2864 1757 2918 Movet

113 2952 187 3019 vitia,
203 2958 230 3007 et
243 2957 305 3022 post
319 2948 420 3003 futuras
428 2947 585 3003 excluderet
599 2944 773 3017 quaestiones,
784 2941 909 3013 exemplo
959 2953 1041 3008 eiiam
1055 2953 1189 3023 quosdam
1205 2966 1290 3023 quare
1304 2951 1487 3008 Romanorum
1496 2950 1617 3023 Epistola
1632 2950 1660 3005 in
1668 2951 1757 3021 primo

112 3037 374 3113 prophetarum‚qui
389 3043 450 3108 itOSt
465 3035 565 3091 editam
587 3032 678 3106 legem
700 3031 797 3103 Moysi,
814 3031 841 3086 in
855 3044 910 3102 qut
959 3041 994 3097 sit
1017 3040 1116 3111 posita,
1145 3055 1207 3096 cum
1232 3055 1293 3095 eam
1320 3055 1375 3094 non
1407 3039 1495 3110 primo
1526 3039 1656 3110 scriptam
1685 3037 1757 3095 ratio

113 3128 204 3186 Omnia
219 3126 269 3182 Dei
283 3125 412 3181 mandata
434 3123 605 3197 legebantur,
630 3120 805 3176 nihilominus
819 3126 911 3173 lamen
958 3128 1123 3184 manifestet,
1134 3129 1204 3183 Nam
1215 3129 1285 3184 hanc
1298 3143 1327 3183 se
1350 3126 1568 3198 proficiscentem
1591 3126 1755 3197 Hierosoly.

113 3215 235 3272 doctrina
258 3229 308 3269 sna
331 3212 451 3269 rediviva
474 3225 584 3281 semper
605 3208 698 3280 populi
719 3221 910 3278 compressere
959 3233 1031 3271 mam
1047 3215 1190 3287 scripsisse
1205 3224 1324 3283 testatur,
1340 3231 1401 3272 cum
1412 3214 1566 3270 Corinthios
1580 3222 1608 3269 et
1618 3214 1687 3269 alios
1698 3216 1757 3284 iam

113 3311 242 3376 peccata;
266 3308 292 3358 02
315 3308 427 3373 ΡΓθΡῑθΓ
449 3299 602 3370 exemplum
621 3296 741 3364 vivendi,
766 3296 852 3351 llb1'08
876 3294 909 3350 ad
960 3314 1033 3371 aute,
1049 3312 1078 3360 ut
1100 3304 1280 3360 ministerium
1304 3305 1377 3376 quod
1393 3319 1486 3359 secum
1509 3310 1665 3373 portaturus
1685 3311 1755 3369 erat,

113 3399 235 3448 nestram
258 3389 341 3446 etiam
374 3387 533 3444 memorium
558 3385 775 3441 transmiserunt·
805 3383 910 3439 Deinde
960 3390 1131 3465 colligerent,
1148 3392 1243 3449 litteris
1256 3393 1413 3448 adhortatus
1435 3392 1479 3446 sit.
1495 3390 1548 3446 Sed
1564 3389 1627 3447 iude
1641 3389 1757 3462 intelligi

112 3479 241 3553 quaeritur
266 3492 382 3534 euruon
396 3475 510 3546 amplius
525 3491 607 3548 quam
621 3474 717 3530 decem
731 3470 912 3544 Epistolasad
961 3481 1073 3553 quidam
1100 3481 1193 3536 volunt
1215 3480 1251 3536 iia
1273 3496 1369 3536 omnes
1397 3478 1533 3550 Episioias
1562 3478 1707 3543 ordinatas,
1727 3485 1758 3534 ui

112 3567 252 3625 Ecclesiae
266 3565 415 3638 scripserit.
432 3565 533 3620 Decem
547 3570 610 3618 eunt
630 3561 713 3630 enim,
729 3576 792 3617 eum
802 3575 836 3616 ee
850 3574 911 3632 quae
960 3569 1048 3640 prima
1061 3574 1218 3640 poneretur,
1233 3567 1357 3639 quamvis
1366 3566 1504 3637 posterior
1517 3566 1598 3623 fuerit
1610 3565 1755 3634 destinata,

112 3656 211 3713 dieitur
226 3656 262 3711 td
280 3655 422 3720 Hebraeosi
439 3668 502 3708 flam
516 3651 627 3723 felitiuae
641 3656 757 3723 (illalum
776 3648 810 3704 ad
825 3648 910 3704 disci·
923 3678 950 3740 Β
961 3665 991 3712 ut
1017 3672 1067 3728 per
1090 3655 1211 3729 singulas
1233 3654 1370 3727 Epistolas
1391 3656 1520 3728 gradibus
1535 3655 1570 3710 ad
1593 3653 1757 3726 perfectiora

112 3744 192 3817 pulos
202 3742 358 3815 specialiter
373 3749 435 3796 suut
456 3746 600 3812 porrectas.
616 3739 651 3795 Ut
677 3736 835 3793 ostenderet
849 3736 908 3793 No-
959 3744 1105 3801 veniretur.
1133 3744 1316 3801 Romanorum
1344 3758 1463 3816 namque
1490 3742 1615 3815 plerique
1638 3741 1676 3798 z
1701 3748 1758 3797 tam

114 3847 178 3889 vum
204 3847 259 3887 uon
287 3831 485 3901 discreparet
512 3826 605 3885 Veteri
632 3826 815 3892 Testamenti),
839 3833 866 3881 et
879 3840 909 3881 ΒΘ
960 3832 1043 3889 rudes
1067 3840 1155 3902 erant,
1178 3840 1207 3888 ut
1229 3848 1284 3887 non
1304 3831 1490 3906 intelligerent
1513 3831 1564 3887 Dei
1588 3830 1717 3903 segratia
1731 3837 1759 3886 et

113 3927 206 3977 eontra
229 3918 321 3992 legem
343 3934 399 3974 non
422 3916 514 3974 fecere
528 3914 624 3987 Moysi,
641 3915 676 3970 ad
693 3930 837 3970 numerum
845 3913 905 3985 pri·
959 3937 1015 3978 uon
1030 3921 1087 3976 suis
1110 3920 1215 3976 meritis
1239 3936 1301 3977 esse
1316 3920 1442 3988 salvatos,
1459 3929 1483 3976 et
1495 3919 1595 3976 ohhoe
1608 3919 1663 3974 duo
1687 3919 1759 3974 inter

114 4024 220 4065 morum
234 4007 366 4081 becalogi
381 4007 569 4061 mandatorum
593 4019 656 4059 sues
671 4002 809 4074 Episteles
823 4001 909 4058 desti·
960 4025 990 4066 se
1000 4009 1092 4081 populi
1106 4008 1302 4065 conflictarent.
1321 4009 1427 4065 ldcirco
1447 4008 1508 4064 illos
1523 4006 1646 4080 indigere
1661 4006 1760 4062 asserit

113 4097 197 4162 navia
213 4105 238 4153 et
253 4104 317 4169 quot
332 4095 378 4150 ille
400 4093 545 4167 praeceptis
558 4108 573 4147 a
588 4093 730 4148 Pharaone
746 4090 861 4147 instituit
875 4089 911 4145 li·
960 4097 1072 4170 corrigi,
1111 4097 1177 4153 viiia
1204 4097 1361 4171 gentilitatis
1397 4095 1489 4167 priora
1528 4109 1757 4152 commemorans,

114 4185 234 4253 beretos,
249 4184 361 4241 totidem
371 4182 416 4239 hie
425 4181 553 4254 Epistolis
568 4198 584 4236 a
597 4180 698 4236 diaboli
712 4187 739 4235 et
747 4179 911 4236 idololatrias
962 4185 1115 4242 Corinthiis
1142 4192 1233 4241 antem
1253 4186 1311 4256 jam
1332 4184 1397 4240 dicit
1419 4182 1539 4240 scientiar
1567 4183 1682 4255 gratiam
1696 4198 1759 4239 esse

114 4275 245 4331 servitute
271 4272 367 4329 edocet
394 4270 553 4343 acquisitos.
582 4269 652 4326 Nem
676 4276 703 4324 et
725 4267 911 4324 duastahulaa
960 4289 1129 4343 concessam,
1145 4282 1172 4330 et
1185 4289 1241 4330 non
1256 4282 1309 4329 tum
1334 4288 1429 4329 omnes
1453 4272 1584 4343 increpat,
1600 4288 1681 4344 quam
1708 4287 1759 4328 eur

113 4362 246 4435 lapideas,
276 4362 391 4418 duorum
413 4366 636 4416 testamentorum
651 4356 768 4430 figuram
782 4357 912 4413 hahuisse
960 4369 1104 4435 peccantes
1117 4378 1172 4418 uon
1194 4362 1405 4433 increpaverunt
1420 4360 1604 4432 reprehendit,
1621 4360 1690 4416 sicut
1704 4359 1757 4416 ait:

114 4451 166 4509 viri
223 4448 397 4507 eruditissimi
441 4447 619 4504 tradiderunt·
657 4446 808 4518 Epistelem
844 4461 912 4502 sene
960 4451 1083 4508 Auditur
1096 4453 1229 4508 intereos
1250 4451 1414 4522 fomentis.
1435 4450 1468 4505 Et
1493 4449 1592 4505 iterum
1608 4464 1615 4503 :
1633 4448 1755 4520 Conpre-

115 4539 225 4613 quaead
247 4539 378 4595 ltebraeos
398 4537 534 4607 scribitur,
555 4534 665 4609 quidam
689 4534 765 4591 Pauli
779 4549 835 4591 uon
850 4549 912 4591 esse
960 4540 1033 4612 petie
1051 4540 1124 4597 uobb
1146 4555 1212 4597 aem
1229 4554 1290 4597 mee
1316 4539 1431 4611 spirite,
1461 4537 1573 4595 tradere
1597 4536 1759 4609 hujusmodi

116 4626 259 4698 aflinnant,
289 4643 323 4683 eo
352 4627 424 4700 quod
452 4641 507 4683 uon
532 4624 566 4680 sit
588 4625 646 4694 ejus
673 4623 782 4680 nomine
797 4623 910 4690 titulata,
960 4628 1084 4685 Setaea.
1101 4628 1131 4683 ln
1151 4627 1272 4684 secunda
1294 4642 1359 4685 vero
1375 4626 1507 4683 Corinthii
1521 4625 1672 4690 laudantur,
1688 4633 1715 4680 et
1729 4632 1760 4680 ut

116 4725 144 4774 et
166 4724 278 4790 propter
302 4715 435 4772 sermonis
461 4713 576 4787 stylique
601 4713 770 4768 distantiam:
796 4711 846 4768 sed
867 4718 913 4768 aut
961 4715 1098 4786 mugisse
1125 4717 1216 4790 magis
1243 4714 1384 4787 proficiant
1408 4722 1622 4780 commonentur,
1650 4713 1760 4769 Gelntoe

116 4805 254 4875 barnabae,
264 4805 340 4875 juxta
354 4800 549 4860 Tertulliairum
564 4821 571 4868 ;
587 4801 817 4871 autLueae,juxta
830 4816 914 4874 quos·
961 4819 1028 4861 vero
1039 4804 1097 4873 iam
1113 4804 1213 4860 nullius
1236 4804 1359 4861 criminis
1382 4811 1542 4878 arguuntur,
1567 4800 1620 4856 nisi
1634 4800 1687 4857 hoe
1699 4809 1758 4856 tau·

117 4893 191 4961 dam;
223 4891 265 4949 vel
290 4899 364 4950 certe
387 4890 543 4957 Clementis,
567 4889 693 4962 discipuli
715 4888 911 4961 apostolorum,
961 4899 1029 4960 tum,
1045 4892 1118 4964 quod
1134 4892 1318 4949 callidissimis
1330 4888 1565 4964 pseudoapostolis
1576 4888 1757 4945 erediderunt.

117 4988 144 5037 et
159 4979 280 5052 episcopi
289 4981 420 5036 Romanae
429 4979 561 5036 Ecclesia
569 4977 775 5050 postapostolos
784 4976 911 5034 ordinati.
962 4979 1075 5053 Ephesii
1098 4996 1165 5036 sane
1187 4980 1263 5036 nulla
1277 4981 1501 5052 reprehensione,
1517 4978 1566 5034 sed
1580 4976 1666 5032 multa
1680 4975 1760 5032 laude

118 5067 222 5138 Quibus
243 5068 463 5139 respondendum
478 5075 538 5124 est:
555 5068 583 5122 Si
604 5075 746 5140 propterea
765 5065 840 5121 Pauli
859 5031 948 5122 nouO
964 5076 1026 5123 suut
1046 5067 1132 5142 digni,
1162 5068 1224 5141 quia
1252 5067 1333 5125 fidem
1360 5067 1540 5140 apostolicam
1570 5071 1758 5122 servaverunt.

117 5157 176 5223 erit,
212 5156 275 5228 quia
311 5156 369 5226 ejus
406 5172 460 5211 nou
496 5156 578 5211 hahet
610 5170 720 5223 noman,
759 5171 827 5228 ergo
862 5170 913 5211 nec
963 5157 1158 5230 Philippenses
1178 5157 1257 5212 etiam
1279 5157 1366 5214 multo
1389 5157 1477 5232 magis
1496 5155 1696 5223 collaudantur,
1711 5154 1760 5227 qui

119 5245 235 5315 alicujus
256 5243 317 5312 erit,
343 5244 405 5316 quia
428 5243 527 5300 nullius
547 5244 656 5300 nomine
681 5243 801 5299 titulatur
814 5261 822 5312 3
840 5242 914 5315 quod
963 5260 1015 5302 nec
1028 5244 1124 5300 audire
1138 5244 1249 5316 quidem
1264 5244 1348 5302 falsos
1361 5246 1500 5318 apostolos
1514 5243 1667 5300 voluamut.
1680 5243 1763 5300 Thes·

121 5334 146 5390 si
170 5333 364 5391 inconvenieus
397 5332 599 5406 absurdumque
620 5340 671 5401 est,
706 5333 791 5405 ipsius
823 5331 913 5406 magis
963 5333 1153 5391 eelenieenees
1167 5333 1344 5391 nihilominus
1358 5333 1386 5389 iu
1410 5331 1516 5389 duabus
1544 5330 1674 5403 Epistohs
1687 5328 1762 5386 omni

121 5439 184 5482 esse
198 5422 436 5493 concedendam,
452 5439 513 5496 que
527 5429 601 5479 tanto
615 5422 747 5480 doctrinae
762 5438 818 5479 suae
827 5421 916 5495 fulget
963 5420 1044 5479 laude
1057 5423 1241 5496 prosequitur,
1252 5439 1286 5480 eo
1308 5422 1382 5496 quod
1396 5436 1451 5478 non
1465 5420 1553 5477 solum
1567 5418 1649 5477 fidem
1664 5419 1762 5476 incon-

121 5511 240 5585 eloquio.
265 5511 320 5569 Sed
346 5510 476 5585 quoniam
491 5511 564 5584 apud
582 5510 760 5569 Hebraeorum
778 5508 916 5569 Ecclesiae
964 5524 1073 5568 cussmn
1102 5511 1272 5572 servaverint
1299 5509 1431 5570 remeatis.
1463 5509 1513 5569 sed
1542 5509 1624 5567 etiam
1643 5506 1672 5564 in
1694 5522 1763 5579 per·

1626 5750 1773 5849 ῃ..

1647 5870 1775 5907 .ι.
