3742 5986
57 171 112 224 tas
373 167 563 226 expositio
582 169 618 224 IN
639 166 828 225 Erlsrohts
851 165 963 225 rauci.
980 196 1015 206 —
1030 166 1067 221 IN
1083 164 1191 223 EPIST.
1217 164 1230 220 1
1249 165 1296 221 to
1320 163 1400 222 COR.
1661 163 1713 222 tat

61 316 74 341 ι
97 292 213 350 scientia
235 292 401 349 destruetur.
425 295 466 349 lix
480 302 558 366 parte
572 293 645 350 enim
660 292 863 365 cognoscimus,
876 293 904 353 Α
918 290 945 346 id
968 300 1009 347 est
1031 289 1133 347 nemini
1159 289 1270 346 invidet.
1294 292 1356 347 Noa
1370 290 1430 362 agit
1449 304 1609 362 perperam,
1631 288 1716 345 idest

62 404 74 429 ι
98 390 126 438 ει
140 398 174 438 ex
188 391 265 453 parte
279 384 484 454 prophetamus.
496 384 563 439 Cum
574 391 664 438 autern
675 381 781 439 venerit
792 382 866 454 quod
916 396 1057 451 perverse,
1074 379 1194 452 aliquid;
1208 381 1407 448 aaaiattatar,
1418 379 1447 433 id
1462 386 1568 434 estnon
1582 376 1714 448 superbit,

62 493 74 518 ι
96 469 248 542 perlectum
264 479 315 541 est,
331 471 507 528 evacuabitur
521 472 593 544 quod
604 488 636 527 ex
646 479 723 543 parte
733 479 784 526 est.
796 471 866 525 Cum
915 467 949 524 de
964 468 1106 540 temporali
1121 469 1193 524 bono
1207 468 1251 523 vel
1266 468 1416 538 spirituali;
1433 484 1491 523 aaa
1502 468 1715 531 estamlrttiasa,

63 581 75 606 ι
98 575 191 615 essem
214 559 352 630 parvulus,
376 560 508 632 loquebar
523 568 551 616 ut
565 560 708 631 parvulus,
724 559 866 630 sapiebam
915 566 942 611 ut
957 557 1105 631 dignitates
1128 558 1223 613 mundi
1247 557 1437 628 concupiscatr,
1453 573 1512 612 aaa
1528 556 1632 628 quami
1655 571 1717 628 qaoe

65 671 77 696 a
101 656 130 702 ut
154 648 299 719 parvulus,
316 649 471 722 cogitabam
486 658 515 704 ut
530 649 670 720 parvulus.
688 646 803 717 Quando
818 664 867 702 au·
914 651 1046 702 seaeant
1060 655 1173 713 tantum,
1190 646 1238 701 sed
1253 662 1332 718 aeque
1346 645 1454 700 utilitati
1468 645 1583 700 intendit
1598 642 1714 714 proximi

68 759 80 784 ι
103 745 161 792 tem
175 736 264 794 lactus
285 754 346 792 sum
359 737 412 808 vir,
430 738 559 794 evacuavi
574 755 634 809 quae
657 745 733 794 arant
746 736 864 808 parvuli.
916 743 944 790 ut
959 752 1024 791 suas.
1043 735 1091 790 Vel
1103 752 1161 791 non
1172 736 1284 807 quant,
1298 734 1376 789 idest
1387 749 1442 788 non
1453 733 1577 804 requirit,
1589 749 1651 805 qaae
1662 748 1716 789 saa

65 848 76 872 u
100 826 234 881 Videmus
258 842 331 882 nunc
348 843 399 898 per
420 827 561 898 speculum
576 827 603 880 iu
618 826 761 899 aenigmata
778 841 785 880 :
801 835 866 880 tunc
915 829 995 890 sant,
1011 823 1034 878 si
1052 824 1112 895 quis
1126 822 1268 878 abstulerit
1282 823 1318 878 ei.
1335 821 1591 890 Naairritatar,id
1606 829 1718 878 estnon

64 937 75 960 ι
100 923 194 970 autem
209 914 278 971 lacie
293 915 329 970 ad
344 915 450 971 taciem.
466 916 545 971 Nunc
560 931 700 989 cognosco
716 931 748 971 ex
763 923 840 986 parte
857 931 864 968 :
915 920 1079 985 provocatur
1093 913 1128 968 ad
1151 912 1231 977 iram,
1253 928 1311 968 aaa
1334 912 1439 983 cogitat
1459 912 1579 977 matam,
1600 918 1630 965 ut
1644 910 1718 967 dicat

64 1027 76 1050 ε
100 1012 166 1060 tunc
188 1012 280 1060 autem
301 1020 477 1076 cognoscam,
507 1004 576 1061 sicut
598 1012 625 1060 et
648 1005 774 1077 cognitus
794 1020 864 1058 sum.
916 1001 960 1056 vel
975 999 1074 1056 inserat
1098 1000 1187 1055 alicui.
1204 1002 1264 1057 llari
1278 999 1383 1070 pandet
1397 1016 1491 1072 saper,
1507 998 1535 1055 id
1551 1007 1592 1055 est
1606 999 1641 1054 de
1655 1000 1717 1055 iai-

64 1117 75 1140 ·
98 1094 182 1149 Nunc
202 1100 292 1149 autem
320 1102 431 1148 manent
459 1092 538 1159 fides,
562 1109 635 1164 spes.
656 1093 775 1149 charitas
792 1107 798 1147 :
814 1093 866 1148 tria
916 1090 1042 1163 patrata·
1063 1090 1086 1143 si
1107 1089 1181 1144 videt
1203 1088 1294 1160 inique
1317 1088 1363 1161 agi
1386 1088 1414 1142 iu
1438 1088 1603 1158 proximum,
1625 1088 1717 1160 potius

65 1204 77 1226 a
99 1182 172 1238 haec.
188 1182 275 1251 hlajor
288 1189 380 1238 autem
395 1183 492 1237 horum
508 1189 549 1238 est
564 1182 691 1238 charitas.
709 1206 720 1231 i
916 1178 1099 1249 compatitur;
1117 1177 1275 1248 congaudet
1285 1181 1383 1232 catera
1393 1177 1520 1242 cantati,
1532 1176 1560 1231 id
1570 1184 1610 1232 est
1620 1192 1718 1232 secun·

917 1266 981 1322 dum
1001 1267 1145 1323 veritatem
1169 1265 1291 1337 loquenti
1315 1265 1358 1320 vel
1382 1265 1484 1336 agenti.
1510 1265 1612 1321 Omnia
1636 1265 1717 1321 etiam

389 1395 542 1437 nmmo.
918 1356 1034 1411 adversa
1048 1370 1109 1425 quae
1133 1353 1295 1419 inseruntur,
1321 1353 1454 1424 patienter
1472 1353 1582 1424 suffert,
1600 1354 1716 1421 tolerat;

918 1446 1015 1500 anania
1028 1442 1130 1510 credit,
1143 1458 1313 1514 quaecuuque
1323 1441 1359 1497 de
1369 1444 1427 1498 Deo
1438 1458 1503 1497 sane
1513 1441 1589 1498 credi
1600 1450 1716 1513 oportet.

98 1529 173 1599 Quia
187 1530 244 1586 vult
263 1529 418 1586 Corinthios
442 1530 531 1603 magis
553 1539 682 1602 appetere
706 1530 865 1587 charitatem
919 1532 1021 1588 Omnia
1040 1535 1146 1604 sperat,
1172 1528 1199 1586 ει
1222 1531 1388 1600 inpraesenti
1403 1531 1525 1596 virtutes,
1543 1539 1570 1586 et
1583 1531 1612 1585 in
1626 1530 1717 1587 tuturo

63 1633 150 1690 quam
166 1618 286 1692 linguas,
296 1618 394 1690 probat
404 1618 561 1674 charitatem
573 1618 791 1676 excellentiorem
804 1637 902 1713 osseB
920 1619 1045 1692 gloriam.
1062 1620 1165 1676 Ortacia
1179 1623 1315 1681 sustinet,
1332 1619 1359 1673 id
1374 1626 1426 1688 est,
1442 1619 1465 1674 si
1480 1617 1621 1674 differatur
1634 1619 1717 1675 retri-

64 1724 148 1780 quam
163 1707 239 1778 loqui
254 1707 364 1780 linguis,
380 1707 476 1764 dicens
494 1724 500 1763 :
519 1707 643 1763 Charitas
658 1710 750 1780 utique
764 1709 865 1782 huguis
916 1708 1001 1774 butio,
1017 1707 1181 1778 longaminis
1195 1716 1236 1762 εει
1251 1707 1279 1761 in
1294 1707 1462 1762 sustinendo.
1480 1707 1542 1763 Alia
1557 1707 1719 1762 excellentia

65 1805 108 1853 est
122 1795 304 1853 excellentior
316 1815 323 1863 ;
338 1812 399 1851 uana
414 1798 438 1851 si
452 1812 505 1868 ego
521 1798 619 1870 taqaar·
630 1798 734 1869 tingitis
745 1798 867 1853 omnium
916 1796 1064 1862 charitatis,
1074 1795 1177 1852 scilicet
1187 1795 1249 1866 quia
1260 1797 1388 1851 ebaritas
1399 1813 1547 1867 aanqaam
1558 1796 1675 1865 excidit,
1687 1796 1716 1853 id

67 1886 228 1950 heminam,
237 1885 420 1957 toqaaretiam
432 1885 537 1958 tiapais
548 1886 783 1957 angatararnlnon
796 1887 867 1959 quod
918 1895 969 1954 est,
986 1900 1149 1956 permanens
1163 1893 1204 1939 ost
1218 1884 1247 1938 in
1260 1892 1399 1949 aetemum,
1416 1894 1442 1941 et
1456 1901 1595 1958 nunquam
1604 1895 1718 1958 prater-

66 1973 161 2046 angeli
175 1973 278 2046 linguis
302 1972 455 2045 loquantur,
473 1973 523 2029 s‘ed
538 1974 702 2046 quibusdam
723 1974 810 2047 signis
824 1974 868 2029 al·
918 1973 958 2028 iit.
977 1975 1046 2029 Vere
1062 1973 1182 2029 charitas
1207 1972 1266 2027 sola
1288 1987 1342 2027 non
1359 1973 1468 2028 excidit.
1485 1974 1553 2030 Nam
1568 1974 1719 2046 prophetiae

66 2062 118 2117 teri
133 2061 205 2116 alter
218 2060 384 2117 voluntatem
400 2076 477 2116 suam
488 2061 645 2135 significat),
656 2071 682 2118 ει
692 2062 715 2117 si
725 2078 778 2136 ego
788 2070 869 2119 tantae
919 2070 946 2118 et
961 2062 1085 2130 scientia,
1110 2062 1254 2133 quainter
1276 2068 1375 2117 caetera
1390 2061 1477 2134 magis
1492 2071 1566 2118 stare
1580 2064 1717 2133 videntur,

66 2149 246 2222 perfectiouis
274 2166 374 2217 essem,
405 2158 435 2204 ut
454 2151 616 2207 monitiones
636 2151 795 2224 angelorum
819 2167 869 2209 co·
920 2151 967 2206 illa
982 2152 1169 2207 destruuntur.
1185 2151 1247 2206 Sive
1263 2151 1340 2206 caira
1352 2151 1582 2223 prophetioesint,
1598 2169 1719 2210 evaaaa-

67 2254 244 2309 gnoscerem,
256 2238 365 2296 13&
379 2238 423 2295 vel
442 2241 548 2312 tinpaia
562 2241 729 2311 angelorum
743 2239 871 2312 loquerer
921 2241 1028 2297 hantar
1041 2239 1067 2293 in
1083 2238 1180 2294 tuturo.
1205 2240 1273 2294 Cum
1292 2238 1364 2294 enim
1379 2236 1469 2294 omnia
1484 2240 1609 2296 omnibus
1623 2251 1717 2314 aperta

68 2334 144 2398 (cum
159 2327 233 2382 euim
248 2327 340 2398 angeli
355 2337 494 2399 assumpta
507 2327 595 2384 torma
611 2328 700 2400 aliqua
715 2328 871 2385 hominibus
921 2328 995 2397 sieut,
1012 2328 1077 2400 quid
1091 2327 1308 2399 prophetarent?
1320 2328 1382 2385 Sive
1397 2329 1503 2399 ttapaoe
1519 2329 1581 2398 sint,
1594 2331 1718 2388 illaeaer-

67 2417 231 2488 loquuntur,
244 2431 358 2473 necesse
373 2424 414 2472 est
428 2425 457 2471 ut
471 2417 556 2473 verba
567 2417 686 2472 humana
702 2416 869 2489 prosecant);
921 2417 1033 2483 radant,
1050 2416 1178 2472 omnibus
1199 2416 1272 2471 enirn
1296 2416 1324 2471 iu
1346 2415 1435 2471 tuturo
1449 2416 1575 2473 identitas
1590 2420 1641 2475 erit
1655 2437 1718 2477 ser-

68 2505 92 2560 si
102 2505 268 2561 autemhaec
279 2505 375 2561 eadem
388 2505 471 2562 verba
482 2506 586 2577 loquar.
603 2505 653 2562 Vel
664 2506 718 2561 ita:
735 2507 765 2563 Si
776 2507 873 2578 taqaar
922 2506 1030 2571 monis,
1046 2506 1103 2561 sive
1127 2505 1249 2561 scantia
1271 2521 1331 2577 quae
1352 2520 1425 2561 nunc
1447 2505 1573 2575 habetur,
1598 2507 1645 2562 illa
1668 2509 1718 2566 de-

70 2596 179 2667 lingar‘s
206 2593 370 2656 heminam,
389 2594 417 2651 id
432 2603 473 2651 est
489 2595 643 2650 humaniter
657 2594 803 2650 viventium
821 2610 827 2649 :
843 2601 872 2650 et
922 2597 1062 2651 struatur.
1090 2592 1161 2662 Quia
1182 2593 1217 2649 de
1249 2593 1364 2649 scientia
1387 2592 1550 2665 quibusdam
1578 2596 1721 2654 videbatur

69 2682 176 2755 linguis
189 2683 365 2754 angelorum,
382 2681 410 2739 id
425 2691 466 2738 εει
483 2698 580 2739 eorum
600 2683 646 2755 qui
661 2683 689 2738 in
703 2683 755 2740 hoc
770 2683 871 2738 mundo
923 2683 996 2755 quod
1011 2698 1176 2754 permanens
1199 2689 1280 2749 esset,
1296 2682 1393 2754 probat
1408 2683 1480 2755 quod
1495 2699 1591 2741 revera
1606 2685 1720 2742 scientia

69 2771 869 2843 contemplativevivunt,charitatemaatemaaahabeam,
922 2788 1045 2843 praeseus
1059 2771 1231 2838 destruetur;
1245 2771 1308 2842 quia
1332 2787 1403 2827 nunc
1417 2775 1619 2844 cognoscimur,
1635 2774 1663 2831 id
1678 2782 1720 2832 est

69 2864 170 2932 factas
180 2859 355 2916 taminatilis
364 2860 442 2916 velat
451 2877 488 2915 aes
499 2877 614 2927 sanans,
626 2861 698 2932 quod
706 2860 872 2918 infructuose
923 2859 1023 2916 scimus
1038 2876 1075 2916 εε
1087 2863 1180 2932 parte,
1190 2859 1217 2915 id
1228 2868 1268 2915 est
1278 2859 1446 2930 imperfecte.
1459 2861 1493 2915 Et
1502 2878 1567 2917 vere
1577 2864 1720 2936 prophetia

71 2957 206 3020 quantum
230 2947 265 3004 ad
290 2965 319 3004 se
341 2948 523 3019 pertunditur,
548 2954 600 3006 aat
614 2951 691 3006 aetat
713 2951 872 3022 cymbalam
923 2949 1111 3005 evacuabitur.
1123 2949 1192 3003 Nam
1203 2964 1274 3004 nuuc
1281 2949 1484 3020 prophetantes
1494 2966 1530 3005 ea
1535 2956 1627 3023 parte,
1638 2952 1666 3007 id
1677 2962 1719 3010 est

72 3040 216 3107 tinnierit,
233 3038 306 3109 quod
319 3052 399 3093 aures
414 3037 553 3093 homiuum
567 3037 695 3103 delectat,
711 3055 794 3103 seque
806 3055 871 3109 per·
886 3010 1077 3108 cimperlecte
1089 3036 1352 3104 ,sedinluturoaam
1361 3038 1469 3094 υεειενὶι
1480 3039 1719 3113 paadpersectam

70 3126 164 3181 tundit
178 3134 205 3181 et
227 3125 359 3181 diminuit.
384 3128 419 3181 st
441 3128 466 3182 si
484 3126 606 3184 habuero
627 3126 817 3200 prophetiam,
842 3134 872 3182 ut
920 3132 974 3194 εει,
991 3126 1174 3183 evacuabitur
1196 3141 1277 3181 omne
1300 3125 1367 3181 illud
1389 3127 1461 3199 qaod
1475 3137 1620 3201 exparte,
1634 3130 1663 3187 id
1677 3140 1719 3188 est

72 3214 227 3270 illuminato
240 3223 446 3270 sensuveutura
456 3215 653 3285 praedicerem
670 3219 698 3271 et
712 3215 735 3270 si
747 3215 872 3272 noverim
920 3213 1109 3285 imperfectum
1126 3219 1177 3271 εει.

72 3305 172 3360 amnia
182 3303 327 3374 mysteria,
343 3302 371 3356 id
385 3310 426 3358 est
439 3301 542 3374 figuras
556 3318 669 3374 operum
683 3303 733 3368 Dei
748 3303 787 3375 (ut
802 3303 871 3358 dilu·
957 3303 1116 3374 Opponeret
1129 3302 1227 3376 aliquis
1242 3320 1248 3357 ε
1266 3305 1365 3360 Verum
1376 3304 1487 3376 quidem
1497 3309 1620 3381 estquod
1631 3310 1720 3368 scieu-

72 3393 147 3447 vium
162 3390 251 3464 ligura
265 3390 314 3446 fnit
337 3391 464 3462 baptismi
479 3399 506 3447 ει
526 3391 635 3462 similia)
648 3411 655 3458 ;
671 3396 699 3448 et
714 3391 738 3446 si
750 3390 872 3449 noverim
921 3392 956 3446 tia
971 3406 1043 3447 nunc
1058 3399 1100 3446 est
1112 3389 1281 3462 imperfecta.
1298 3392 1346 3447 sed
1362 3392 1482 3464 perlecta
1496 3394 1548 3450 erit
1567 3396 1595 3451 in
1608 3397 1716 3467 luturo;

72 3496 189 3537 amnem
197 3481 357 3545 scientiam,
368 3480 396 3534 id
407 3487 448 3535 εει
458 3480 580 3551 ipsorum
588 3480 781 3552 mysteriorum
791 3479 873 3552 signi-
922 3481 970 3535 sed
985 3488 1076 3535 tamen
1103 3479 1149 3535 illa
1175 3495 1241 3551 pars
1263 3479 1383 3536 scientiae
1406 3498 1466 3553 quae
1489 3499 1561 3540 nunc
1584 3494 1635 3552 est,
1663 3503 1719 3544 non

72 3568 231 3625 ficationem
243 3586 250 3634 ;
263 3571 291 3623 ει
301 3570 326 3624 si
340 3569 461 3625 hahaera
477 3567 692 3639 amnemfidem,
702 3570 785 3625 itaci
795 3584 873 3625 mon·
922 3569 1086 3635 destruetur,
1103 3568 1194 3624 sedin
1209 3568 1257 3624 illa
1278 3569 1409 3625 totalitate
1431 3570 1552 3628 scientiae
1566 3573 1717 3632 claudetur.

74 3663 116 3714 tes
131 3656 179 3727 (ad
192 3656 319 3729 litteram)
335 3660 509 3729 transferam
520 3658 583 3727 (hoa
593 3657 665 3714 enim
679 3665 736 3713 erat
745 3657 872 3714 meritum
921 3657 956 3712 Ει
970 3658 1023 3713 hoc
1038 3673 1088 3728 per
1102 3657 1240 3713 inductam
1264 3656 1468 3715 similitudinem
1482 3659 1580 3716 Paulus
1594 3662 1718 3734 destruit,

73 3745 150 3813 fidei,
175 3753 206 3801 ut
226 3745 249 3801 si
273 3744 361 3801 tidelis
382 3746 484 3803 diceret
506 3746 591 3802 monti
624 3746 720 3803 tollere
743 3747 822 3814 hinc,
847 3755 874 3804 ει
922 3747 996 3818 quod
1018 3762 1069 3802 nec
1096 3747 1144 3801 illa
1170 3746 1283 3803 scientia
1306 3763 1367 3818 quae
1389 3764 1462 3805 nunc
1485 3757 1526 3804 est
1540 3762 1718 3823 pennaneat;

72 3835 181 3889 mittere
195 3834 222 3889 in
236 3848 312 3890 mare
321 3833 431 3907 [datia.
443 3851 497 3902 xxv,
508 3834 563 3907 21],
574 3834 611 3890 ἰιε
620 3851 671 3907 pro
686 3843 762 3891 certo
772 3834 871 3894 hereti.
922 3835 986 3909 quia
1000 3836 1228 3907 quemadmodum
1247 3835 1278 3893 1
1287 3836 1365 3893 38
1379 3854 1448 3908 puer
1467 3838 1505 3893 nil
1517 3855 1568 3910 per
1581 3842 1721 3911 rationem,

74 3922 125 3978 Vel
140 3923 220 3978 aliter
235 3940 241 3976 :
254 3922 283 3979 Si
293 3923 414 3979 habuero
427 3931 483 3979 tam
492 3922 643 3995 perlectam
651 3923 732 3980 tidem
741 3931 771 3980 ut
780 3924 873 3980 tollam
923 3925 972 3980 sed
986 3942 1036 3997 per
1051 3941 1148 3980 sensus
1163 3933 1190 3981 et
1205 3941 1254 3996 per
1269 3927 1402 3997 quasdam
1417 3927 1552 4001 imagines
1567 3929 1694 4005 intelligit
1711 3951 1718 3989 :

75 4019 196 4078 montes,
221 4010 249 4066 id
280 4019 321 4066 est
350 4011 474 4068 diabolos
497 4013 532 4067 ab
561 4012 683 4068 obsessis
713 4013 874 4084 corporibus
924 4014 958 4069 de
973 4013 1063 4085 lapide
1078 4014 1152 4085 quod
1165 4014 1251 4069 durus
1265 4014 1300 4069 sit
1314 4023 1340 4070 et
1355 4015 1468 4082 solidus,
1485 4025 1512 4072 et
1525 4018 1560 4074 de
1570 4019 1631 4075 aliis
1646 4021 1723 4077 simi·

74 4098 241 4155 transferam
264 4099 292 4154 in
310 4115 409 4171 porcos
423 4099 466 4155 vel
480 4099 507 4155 in
522 4101 686 4169 hujusmodi,
702 4102 875 4158 charitatem
923 4103 1002 4170 liter;
1017 4117 1080 4158 cum
1093 4111 1184 4158 autem
1203 4102 1275 4158 idem
1289 4119 1358 4174 puer
1373 4102 1461 4161 lactus
1476 4112 1519 4161 est
1533 4107 1585 4174 vir,
1601 4108 1723 4166 dimissis

75 4192 177 4245 autem
188 4205 245 4244 noa
260 4188 391 4255 hebaero,
411 4189 485 4245 nihii
495 4205 568 4255 ram,
580 4189 607 4244 id
616 4197 667 4255 εει,
677 4189 777 4245 nullius
786 4190 876 4246 meriti
925 4191 1101 4264 imaginibus,
1128 4192 1184 4261 jam
1214 4207 1268 4246 non
1294 4191 1432 4262 corporali
1460 4209 1543 4250 sensu
1565 4196 1723 4255 discernere

74 4285 192 4348 propter
205 4275 288 4333 fidem
299 4277 357 4332 sine
367 4277 499 4333 charitate
506 4277 624 4346 judicor.
635 4278 874 4336 Etridistrilraera
926 4295 1062 4351 quaerens,
1078 4279 1138 4335 sola
1152 4279 1179 4334 vi
1193 4279 1307 4335 rationis
1323 4280 1406 4352 longe
1420 4281 1518 4338 melius
1531 4273 1673 4356 cognoscit
1687 4288 1723 4344 de

76 4366 164 4422 idest
187 4365 305 4422 diversis
320 4366 451 4432 tribuero,
468 4381 522 4422 non
535 4367 673 4438 superflua
688 4383 747 4423 mea
761 4368 913 4434 tantumn
928 4367 1050 4435 eisdem;
1073 4367 1111 4422 ita
1141 4373 1170 4422 ut
1194 4367 1328 4423 sensualis
1359 4377 1386 4423 ει
1408 4369 1568 4443 imaginaria
1592 4374 1723 4448 cognitio,

74 4452 225 4510 sedetiam
243 4456 399 4527 facultates
418 4471 506 4521 meaa,
530 4454 558 4510 id
578 4462 628 4522 est,
645 4472 705 4527 quae
724 4455 836 4512 lacultas
851 4463 877 4512 et
927 4471 1007 4529 quarn
1022 4472 1091 4527 puer
1105 4455 1207 4525 hahuit,
1225 4456 1299 4512 nulla
1310 4457 1367 4527 jam
1382 4458 1433 4513 sihi
1441 4459 1545 4516 ratione
1563 4463 1648 4519 utenti
1663 4480 1726 4522 esse

75 4543 248 4616 possibilitas
256 4552 329 4599 esset
338 4543 405 4599 mihi
414 4544 533 4600 retinere
553 4545 739 4601 :distribuero
750 4545 812 4602 dico
821 4561 876 4600 non
926 4544 1057 4600 videatur.
1080 4545 1126 4601 Sic
1155 4544 1267 4601 scientia
1294 4546 1373 4615 huJus
1402 4549 1496 4604 mundi
1518 4567 1568 4621 per
1591 4553 1725 4623 quasdam

75 4631 876 4706 insuperllua,sediacilras;necdivitum,sedpaaperam,·
928 4633 1118 4691 similitudines
1139 4634 1303 4706 imaginatur
1325 4637 1432 4704 Deum;
1448 4645 1476 4693 ut
1491 4639 1555 4711 quia
1576 4639 1650 4696 videt
1672 4640 1726 4696 ali-

76 4731 105 4777 et
117 4737 225 4790 omnes,
242 4729 373 4794 quotquot
387 4728 462 4792 suut,
478 4723 633 4793 saaattater
650 4726 680 4778 ct
695 4723 720 4777 ci
735 4722 878 4778 tradidere
928 4739 1010 4794 quem
1033 4731 1180 4794 potentem,
1209 4731 1304 4794 pensat
1332 4724 1419 4780 Deum
1447 4727 1493 4798 qui
1518 4728 1589 4785 hunc
1613 4730 1724 4797 creavit,

76 4826 182 4884 corpas
195 4826 300 4873 meam.
314 4812 356 4866 ita
379 4815 413 4866 at
428 4811 553 4877 ardeam,
570 4811 640 4866 sicut
653 4812 682 4865 B.
705 4810 876 4877 Laurentius,
929 4811 1011 4885 longe
1035 4812 1228 4883 potentiorem3
1243 4811 1317 4868 etde
1343 4815 1449 4870 caeteris
1467 4815 1602 4872 similiter.
1629 4817 1684 4874 Sed
1697 4818 1727 4875 in

77 4900 254 4955 charitatem
268 4899 575 4967 autemnaahataera,
588 4899 743 4956 nibitmr'bi
753 4900 877 4972 prodest.
929 4899 1021 4956 laturo
1044 4915 1243 4972 cognoscemus
1266 4902 1353 4958 Deum
1381 4903 1460 4960 sicuti
1487 4913 1528 4961 est
1543 4924 1552 4962 .·
1569 4923 1649 4978 quem
1671 4923 1726 4966 non

117 4988 225 5044 Caetera
239 4987 297 5044 sine
312 4988 444 5045 charitate
460 5004 515 5044 noa
529 4996 662 5059 prosunt,
683 4989 731 5044 sed
742 4987 878 5055 charitas,
930 4989 1121 5062 cognoscimus
1140 4990 1222 5046 modo
1246 4989 1325 5047 sicuti
1344 4999 1394 5059 εει,
1411 4991 1461 5048 sed
1476 4999 1578 5050 tanturn
1593 4995 1727 5069 imagina-

78 5075 189 5132 ctiamsi
201 5087 251 5147 per
265 5092 295 5132 se
308 5076 477 5133 considerari
491 5085 583 5149 queat,
599 5079 712 5151 patiens
728 5081 780 5144 εει,
796 5076 880 5133 idest
930 5094 992 5132 mur
1006 5093 1055 5149 per
1078 5078 1210 5149 quasdam
1234 5079 1434 5137 similitudines.
1451 5083 1484 5137 Et
1505 5083 1569 5155 quia
1583 5092 1647 5143 tunc
1661 5101 1728 5157 per·

79 5164 211 5220 virtutem
239 5164 374 5235 patientiae
399 5164 490 5231 habet,
513 5165 619 5221 etiamsi
638 5165 705 5221 nihil
719 5165 880 5238 quandoque
931 5165 1012 5231 lecta,
1034 5181 1108 5221 nuno
1130 5165 1309 5238 imperiecta3
1329 5176 1394 5225 tunc
1416 5172 1568 5228 secundum
1588 5174 1729 5230 veritatem

77 5251 211 5325 patiatur.
234 5253 284 5308 liat
307 5252 388 5308 etiam
412 5253 544 5324 benigna,
565 5253 593 5308 id
607 5260 648 5309 εει
662 5254 740 5326 larga
754 5262 780 5310 ει
793 5253 881 5309 abun·
930 5254 981 5320 rei,
1002 5269 1074 5310 nunc
1098 5256 1246 5310 secundum
1268 5256 1402 5331 imagines
1422 5266 1526 5316 tantum
1552 5277 1558 5316 ε
1583 5269 1732 5334 propterea

78 5342 153 5397 dans
174 5339 318 5396 dilectione
345 5340 471 5413 proximi,
501 5342 583 5397 etiam
605 5342 628 5397 si
643 5357 697 5398 non
716 5343 797 5398 hahet
817 5341 882 5414 quid
931 5342 997 5398 dixit
1024 5341 1164 5398 scientiam
1193 5343 1306 5401 destrui.
1336 5345 1450 5404 Dilectio
1478 5358 1567 5406 autem
1594 5364 1651 5404 uon
1677 5350 1731 5407 de-

79 5429 194 5485 tribaat.
218 5424 363 5501 Postquam
392 5430 463 5487 bona
489 5429 518 5485 in
546 5430 677 5487 charitate
694 5431 794 5503 posuit,
811 5430 882 5486 mala
932 5437 1067 5487 struatur:
1083 5430 1148 5503 quia
1171 5431 1299 5489 eumdem
1313 5441 1377 5492 tunc
1399 5435 1548 5508 diligemus
1561 5452 1644 5508 quem
1658 5453 1736 5500 nuuc

80 5517 365 5589 removetabeadem,
377 5518 491 5578 dimas:
504 5519 635 5579 Charitas
646 5521 879 5587 acramatatar,
932 5519 1082 5594 diligimus,
1096 5518 1162 5578 licet
1176 5527 1240 5579 tunc
1259 5523 1418 5594 perfectus.
1441 5523 1516 5584 Vere
1543 5524 1617 5598 quod
1631 5526 1739 5600 imper-
