3742 5986
171 185 219 241 stt
383 235 386 242 .
442 188 472 250 S·
492 185 671 246 Baunonts
689 186 1015 246 cantubstnttottun
1033 186 1277 246 lusatt'ttrobts
1296 186 1373 247 OPP.
1402 191 1490 251 PARS
1511 189 1549 248 ll.
1776 195 1828 250 552

172 312 307 372 bonorum
322 320 348 370 et
362 322 561 388 argumentum.
590 315 735 386 Propterea
749 314 789 369 sio
812 312 1012 377 commended
1025 313 1092 370 Sine
1101 313 1156 383 ilde
1170 319 1268 372 autem
1277 315 1448 389 impassibile
1458 321 1501 374 est
1512 317 1824 390 aliquemptoeerelbec.

173 401 266 468 tidem,
282 405 348 476 quia
363 404 395 459 in
410 404 471 471 bac,
489 403 516 458 id
531 411 573 459 est
583 402 683 470 infide,
694 420 785 470 senes,
802 402 830 458 id
841 409 883 457 est
899 401 972 457 anti·
1023 401 1826 477 VeresinefidenemoplacebitDeo;namaeccdentem,id

172 491 285 563 quiores
298 500 393 564 patres
407 494 553 549 consecuti
568 495 636 548 sunt
653 493 754 547 bonum
763 492 971 548 testimonium.
1022 498 1064 545 est
1079 492 1215 548 uolentem
1225 495 1416 565 approximare
1426 496 1462 552 ad
1477 496 1576 564 Deum,
1587 499 1698 569 oportet
1713 495 1827 552 credere

173 581 259 636 Senes
275 580 340 637 dicit
360 597 415 637 non
438 590 525 649 etate,
542 582 590 637 sed
620 580 750 652 temporis
778 580 971 651 precessione.
1022 581 1089 651 quia
1104 582 1178 637 Deus
1193 598 1262 638 unus
1277 588 1331 650 est,
1351 589 1379 641 et
1400 585 1464 657 quia
1478 585 1553 641 Deus
1572 587 1611 641 rit
1625 588 1829 642 remunerator

172 669 242 724 Abel
266 669 356 737 enim,
382 671 433 725 etsi
444 671 536 740 junior
561 669 649 737 annis,
671 669 764 725 senior
776 676 867 724 tamen
891 683 973 739 quam
1023 669 1235 740 inquirentibus
1248 688 1288 727 se.
1314 672 1343 728 Si
1368 672 1420 729 hoa
1435 673 1523 729 solum
1538 674 1685 730 crederent
1699 672 1827 745 gentiles,

173 757 312 813 Abraham
326 758 484 830 antiquitate
499 758 648 828 praeeuntis
662 757 804 828 temporis.
815 756 870 813 Sed
884 771 973 827 oppo-
1023 757 1097 828 quod
1113 766 1222 814 creator
1250 776 1319 815 unus
1343 771 1426 828 esset,
1456 770 1483 817 et
1506 760 1623 835 singulis
1650 778 1703 834 pro
1731 778 1826 818 eornm

173 857 253 904 neret
281 847 381 919 aliquis
398 862 404 901 :
421 847 516 902 Fidem
530 847 599 902 dicis
628 853 820 917 argumentum
844 861 906 900 esse
926 861 973 899 re·
1024 846 1127 901 actibus
1142 847 1311 916 retribueret,
1336 850 1403 905 satis
1419 858 1493 906 esset
1511 851 1574 906 illis.
1606 853 1662 908 Nae
1676 850 1762 907 etiam
1786 867 1828 908 ac·

174 953 245 1004 rum,
261 953 322 1008 quae
338 952 391 991 non
405 943 546 1007 apparent.
564 935 619 991 Sed
644 935 781 1007 quomodo
810 933 886 989 credi
904 949 972 1004 pos·
1024 938 1104 1006 cepto
1119 951 1251 1007 responso
1263 937 1296 993 de
1307 938 1420 1012 bisque
1430 956 1488 995 non
1501 940 1669 996 videbantur
1684 938 1791 1006 adbuc,
1802 939 1828 994 id

175 1033 237 1081 sunt
252 1042 312 1096 quae
341 1025 426 1080 rideri
441 1023 601 1097 nequeunti
622 1024 664 1078 td
688 1024 740 1079 hoa
755 1022 854 1077 Paulus
870 1040 877 1076 ι
894 1022 974 1076 Fides
1024 1030 1066 1078 est
1080 1023 1114 1077 de
1129 1022 1230 1079 diluvio
1251 1023 1351 1094 tuturo,
1375 1032 1506 1084 metuens
1527 1026 1594 1082 illud
1616 1026 1754 1083 diluuium
1782 1043 1829 1098 per

174 1114 266 1186 utique
293 1122 483 1186 argumentum
499 1120 541 1168 est
569 1128 661 1167 rerum
691 1127 746 1167 ιιοιι
774 1111 973 1182 apparentium.
1024 1108 1199 1183 fidemquam
1214 1113 1447 1171 habuitinverbis
1468 1116 1587 1183 Domini,
1603 1118 1716 1190 optauit
1730 1133 1829 1173 arcam

175 1203 247 1257 Nam
261 1202 327 1272 fide,
343 1202 371 1258 id
385 1209 427 1258 εει
441 1217 490 1273 per
505 1199 587 1256 tidem
602 1200 907 1269 intelliqimursoecula
921 1215 974 1270 ap·
1023 1199 1056 1254 in
1070 1199 1194 1255 salutem
1209 1201 1308 1258 domur
1324 1220 1393 1272 sace,
1408 1204 1493 1260 idest
1511 1204 1606 1276 inqua
1620 1203 1740 1261 salvaret
1759 1204 1829 1260 lilios

179 1296 252 1359 tata,
268 1292 296 1346 id
306 1300 348 1346 εει
363 1300 426 1361 ιριε
436 1290 549 1345 sarmata
560 1304 633 1344 esse.
652 1291 748 1360 Aptata
769 1287 831 1344 dico
846 1286 975 1353 carluid
1024 1302 1088 1343 suos
1105 1285 1219 1343 ettilias.
1236 1292 1290 1347 Per
1306 1308 1389 1364 quom
1399 1290 1491 1360 tidem,
1518 1293 1581 1365 quia
1595 1291 1748 1349 secuudum
1770 1309 1829 1350 rer-

114 1422 117 1430 .
178 1380 301 1436 estFilio
316 1376 787 1450 vetimperiobet,quodtdemest.
802 1376 975 1431 Etsidesae-
1024 1375 1089 1431 bum
1104 1375 1154 1430 Dei
1176 1375 1294 1433 tutorum
1317 1381 1435 1436 credidit
1456 1381 1598 1449 diluvium,
1624 1382 1786 1448 damnauit,
1802 1381 1829 1436 id

177 1469 245 1526 culis
261 1468 409 1534 credimus,
431 1466 505 1538 quod
529 1481 579 1537 per
593 1466 708 1520 verbum
722 1464 772 1519 Dei
787 1463 902 1519 tormata
924 1463 977 1518 sint
1024 1471 1065 1520 est
1080 1464 1263 1522 damnabilem
1273 1467 1336 1526 iecit
1350 1470 1499 1526 mundum.
1511 1470 1582 1525 lium
1596 1469 1669 1525 enim
1690 1472 1753 1527 Noe
1767 1486 1828 1526 ere·

178 1557 264 1628 (quod
284 1564 374 1612 tamen
388 1571 469 1611 nemo
497 1553 728 1624 viditbominum)
743 1552 888 1608 credamus
904 1552 978 1606 simi·
1024 1552 1101 1618 didit,
1126 1560 1152 1607 et
1171 1553 1297 1612 homines
1323 1557 1434 1613 stultum
1460 1574 1523 1614 esse
1549 1558 1729 1614 erediderunt
1756 1557 1829 1630 quod

175 1644 238 1701 liter
252 1662 302 1716 per
316 1644 398 1700 fidem
415 1643 547 1700 derebus
562 1643 684 1697 nondum
699 1642 904 1713 apparentibus.
920 1640 976 1695 Ste-
990 1640 1307 1734 Bpraeparabatarcam,
1328 1645 1356 1701 in
1384 1662 1440 1718 qua
1468 1645 1587 1703 salvaret
1602 1647 1715 1703 damam
1741 1663 1828 1714 suam,

177 1734 257 1801 cula,
278 1734 399 1805 inquam,
429 1730 567 1788 credimus
594 1738 686 1801 aptata
710 1730 795 1785 verbo
816 1730 877 1796 Dei,
893 1728 930 1784 ita
945 1732 977 1785 nt
1028 1728 1233 1799 comparatione
1260 1731 1324 1790 fidei
1352 1735 1411 1804 ejus
1444 1735 1564 1791 damnati
1596 1743 1669 1791 sunt.
1705 1736 1743 1792 Et
1770 1738 1828 1808 ipre

178 1912 286 1984 quando
301 1911 537 1967 animchaoserat
551 1908 620 1965 sicut
633 1908 816 1978 scriptumest
831 1922 837 1960 ι
858 1925 869 1958 ι
886 1908 977 1962 Tene·
1027 1912 1121 1983 fidem,

177 2003 234 2057 brae
248 2008 323 2057 erant
344 2015 428 2070 super
449 1998 547 2055 faciem
562 1997 655 2068 abyssi
668 1997 751 2068 (Gen.
766 2014 786 2061 r,
804 1995 843 2066 bl).
859 2019 870 2042 u
886 1996 971 2050 Tene·
1062 2005 1142 2060 Nune
1157 2004 1192 2059 ed
1209 2009 1302 2074 patres
1325 2001 1481 2057 ludaeorum
1505 2000 1654 2068 deseendit,
1678 2000 1829 2057 ostendens

177 2091 233 2146 ΒΜ)
249 2089 321 2156 ideo,
338 2087 552 2160 q⁰l³010m0⁰l³
575 2085 622 2139 illst
649 2084 737 2140 Vldffl'l
762 2099 818 2139 ¹¹0ss
842 2090 975 2154 POlefflssl.
1027 2092 1056 2147 in
1071 2093 1111 2149 eis
1126 2101 1153 2148 ct
1166 2092 1197 2146 in
1209 2090 1350 2163 prioribus
1368 2105 1477 2144 omnem
1489 2089 1620 2158 justitiam
1637 2105 1672 2145 ex
1698 2087 1755 2146 tide
1779 2090 1829 2146 ha·

177 2178 285 2235 eliamsi
300 2185 365 2232 tuuc
387 2183 480 2242 esset,
496 2174 545 2246 qui
569 2173 658 2229 visum
685 2174 832 2227 humanum
853 2171 976 2228 haberet.
1028 2180 1120 2236 baisse
1135 2180 1280 2253 originem,
1302 2177 1350 2234 [lle
1369 2177 1452 2233 etiam
1472 2180 1521 2248 qm·
1546 2177 1643 2233 merito
1671 2175 1738 2234 fidei
1757 2190 1829 2234 nune

178 2267 231 2324 Sed
249 2273 393 2337 POSquflffl
419 2263 697 2332 61ιὲ11181]ῑὸΒθιιῑιιῑῑῑιι
716 2268 788 2330 sums
805 2268 832 2317 θῑ
846 2260 979 2316 creaturis
1027 2274 1146 2327 uocatur
1164 2269 1317 2334 Abrabam,
1334 2266 1409 2337 prius
1430 2266 1519 2322 dictus
1533 2266 1636 2321 Abram
1660 2281 1711 2338 per
1734 2264 1828 2333 fidem,

177 2355 301 2413 formatis
325 2354 354 2409 in
379 2352 523 2424 quamdam
553 2351 757 2422 spissitudinem
798 2349 977 2406 coalescendo
1027 2358 1148 2414 obedivit
1159 2356 1353 2413 beoexirede
1366 2354 1830 2413 brchnldaeoruminleeamillum

176 2450 333 2513 creverunt,
350 2442 485 2498 elementa
508 2440 584 2512 prius
606 2439 829 2508 invisibiliamm
844 2437 919 2495 tuere
933 2438 976 2493 vi·
1028 2462 1110 2518 qeem
1120 2445 1219 2500 merim
1236 2443 1300 2499 fidei
1314 2447 1482 2515 decepturus
1496 2445 1604 2499 eratin
1619 2442 1828 2500 immeditatem.

177 2533 275 2590 sibilia.
291 2532 350 2588 Nec
365 2531 463 2585 mirum
483 2529 508 2584 ει
522 2528 609 2585 videri
624 2543 679 2584 non
693 2535 829 2599 poterant,
855 2527 917 2583 licet
932 2543 977 2582 res
1028 2533 1166 2602 obedivit,
1182 2533 1305 2605 inquam,
1325 2536 1354 2588 et
1382 2532 1457 2587 exiit
1469 2532 1504 2587 de
1528 2539 1599 2587 term
1615 2531 1735 2587 maionis
1761 2548 1828 2600 nure,

176 2629 269 2679 essent
296 2635 453 2690 corporeae,
470 2633 532 2675 eum
558 2618 701 2673 humorem
722 2617 817 2683 illurn,
834 2614 880 2687 qui
894 2623 934 2670 est
949 2615 977 2669 in
1027 2624 1157 2678 meieni
1168 2622 1295 2694 puniret.
1309 2620 1384 2676 Idem
1395 2620 1688 2693 Abrnbnmperfidem
1698 2625 1828 2677 moretur

179 2725 265 2784 grano
280 2708 402 2774 seminis,
417 2707 489 2762 unde
504 2705 609 2762 culmus
624 2713 651 2761 et
661 2705 736 2777 spica
750 2704 871 2774 pullulat,
883 2704 977 2760 videre
1028 2714 1071 2766 eet
1080 2710 1112 2765 in
1125 2713 1201 2765 term
1210 2708 1436 2780 repromissionis
1444 2711 1580 2780 tanquam
1588 2709 1620 2762 in
1631 2709 1740 2775 bium,
1752 2709 1828 2765 bebi.

175 2813 227 2854 nea
236 2797 393 2853 discernere
415 2795 562 2866 possimus,
577 2793 641 2849 licet
654 2793 682 2848 in
710 2793 756 2847 illa
785 2807 875 2846 massa
898 2791 977 2862 grani
1029 2797 1115 2854 rende
1131 2797 1231 2852 ibidem
1247 2796 1401 2862 inruentis,
1413 2796 1441 2850 id
1455 2795 1531 2851 estin
1542 2795 1828 2853 tentoriieenmlmbe

176 2886 356 2945 condreatur.
374 2883 423 2940 Vel
437 2883 475 2939 lib
488 2891 550 2940 sunl
560 2882 644 2938 verbo
659 2881 710 2937 Del
723 2888 753 2935 ul
769 2880 866 2936 fierent
880 2880 976 2936 visibi-
1028 2891 1057 2943 ει
1070 2886 1163 2952 Jacob,
1179 2901 1233 2941 non
1245 2884 1320 2957 quod
1333 2884 1419 2940 Jacob
1435 2886 1533 2940 eodem
1546 2892 1735 2957 temporeque,
1745 2886 1832 2941 Aba.

175 2977 213 3032 lia
227 2992 260 3031 ex
276 2972 467 3042 invisibilibus,
482 2971 512 3026 id
528 2979 569 3027 est
581 2970 732 3027 secundum
747 2968 894 3025 invisibilia
915 2985 976 3040 quae
1027 2975 1092 3030 ham
1115 2973 1204 3040 tuerit,
1228 2974 1278 3029 sed
1302 2973 1366 3046 quia
1379 2973 1463 3028 Jacob
1478 2973 1603 3028 eamdem
1629 2980 1731 3029 terram
1760 2974 1829 3030 siam

175 3058 724 3137 precesserantinconsilio403Dei.
734 3058 812 3112 Prius
823 3027 1010 3113 ειιιιιιιιειιε0
1025 3063 1165 3118 Abrabam
1196 3060 1337 3128 habitavit,
1367 3061 1506 3133 inquirens
1523 3077 1585 3117 oum
1614 3061 1739 3132 patribus
1772 3061 1827 3120 suis

177 3155 212 3209 ab
226 3161 329 3210 aeterno
352 3150 381 3204 in
394 3147 508 3205 consilio
523 3163 574 3203 suo
588 3147 710 3202 omniurn
721 3153 906 3202 creaturarum
917 3144 976 3200 lor·
1026 3168 1081 3207 nen
1095 3151 1180 3218 illam,
1196 3149 1245 3206 sed
1259 3165 1352 3205 veram
1366 3158 1466 3205 terram
1493 3149 1726 3221 repromissionis.
1750 3150 1827 3206 haee

176 3257 237 3297 mas
264 3238 407 3310 disposuit,
423 3245 450 3293 et
464 3237 614 3293 secundum
628 3236 702 3308 quod
720 3234 829 3308 singula
842 3234 870 3288 in
887 3233 977 3290 oonsi-
1026 3248 1053 3296 et
1065 3239 1148 3295 Jacob
1158 3239 1230 3305 dieo,
1242 3238 1429 3295 coheredibus
1439 3239 1564 3310 ejusdem
1574 3239 1827 3312 repromissionis,·

177 3331 214 3385 lio
228 3327 410 3401 preordinata
423 3326 541 3393 inerant,
557 3324 703 3381 invisibilia
717 3324 806 3379 adbuc
827 3323 976 3379 secundum
1026 3328 1080 3383 illis
1093 3328 1166 3383 enim
1190 3326 1350 3399 frequentur
1370 3327 1453 3386 Deus.
1485 3326 1555 3383 sicut
1568 3326 1696 3397 Abrabae,
1727 3343 1827 3399 repro·

178 3419 290 3474 modum
309 3416 385 3472 illurn
406 3415 476 3472 lacta
491 3413 683 3471 suntvisibilia
697 3412 977 3483 intemporelorma-
1027 3416 1109 3472 misit.
1145 3416 1285 3471 Abrabam
1320 3415 1393 3471 ideo·
1410 3415 1549 3470 habitabat
1576 3415 1605 3470 in
1626 3416 1741 3485 εεειιιιε,
1761 3418 1827 3490 quta

177 3508 258 3565 tionis
272 3505 453 3578 singulorum.
1027 3505 1214 3576 exspectabat
1224 3502 1738 3576 ciuitatembabcntemsundamenta,
1749 3505 1829 3561 idest

213 3599 284 3653 Vere
313 3610 394 3650 senes
408 3593 548 3650 consecuti
557 3599 620 3647 sunt
634 3589 822 3647 testimonium
832 3604 882 3660 per
896 3587 976 3644 tidem
1027 3593 1201 3649 stabilitatem
1216 3592 1386 3658 eternitatis,
1412 3591 1562 3660 coelestem,
1589 3591 1703 3658 seilicet,
1731 3593 1827 3650 illem-

177 3686 245 3743 Atel
260 3684 332 3740 enitn
346 3683 412 3754 fide,
423 3682 452 3737 id
463 3690 505 3737 est
514 3697 564 3751 per
575 3679 658 3736 fidem
667 3680 770 3735 obtulit
781 3679 904 3734 boatium
914 3679 978 3750 plu·
1028 3682 1124 3748 salem,
1135 3684 1216 3753 cujus
1228 3681 1344 3737 civitatis
1366 3683 1440 3737 Deus
1458 3686 1500 3737 est
1516 3681 1636 3752 artisea,
1666 3681 1696 3736 id
1710 3689 1756 3738 est
1771 3691 1827 3739 arte

178 3775 294 3838 rimam,
310 3771 338 3826 id
352 3778 394 3825 εει
407 3769 497 3842 magis
511 3768 706 3839 acceptabilem
725 3768 782 3823 Deo
800 3783 884 3839 quom
898 3765 978 3821 fuerit
1028 3786 1078 3826 sua
1096 3770 1245 3841 disponens
1273 3768 1323 3824 sibi
1353 3768 1484 3842 singula3
1505 3773 1534 3825 et
1556 3768 1628 3825 idem
1647 3784 1747 3825 eorum
1769 3786 1828 3843 que

178 3861 269 3916 hostia
284 3860 365 3916 Cain.
381 3857 476 3913 Hostia
490 3856 558 3912 Abel
573 3863 649 3927 grata
664 3856 722 3910 Deo
737 3854 822 3909 tuisse
837 3853 978 3927 cognosci·
1028 3858 1148 3929 disponit
1161 3866 1202 3914 est
1216 3857 1346 3914 conditor
1354 3857 1471 3928 ipsemet
1477 3856 1615 3914 fabricans
1624 3856 1682 3912 illa.
1691 3858 1827 3915 Abrabam

178 3956 233 4018 tur,
248 3947 312 4019 quia
336 3961 425 4017 agnus
449 3959 531 4016 quern
545 3943 641 3999 obtulit
658 3943 723 4014 igne
739 3942 831 3997 divino
846 3956 977 3998 consum·
1028 3946 1155 4002 babitans
1169 3946 1196 4001 in
1212 3946 1312 4002 casulis
1336 3945 1497 4002 ostendebat
1510 3962 1541 4002 se
1562 3961 1617 4002 non
1645 3961 1746 4003 curare
1767 3948 1829 4004 Hie-

178 4045 241 4108 ptus
256 4035 300 4091 sit.
318 4033 414 4090 Hostia
427 4032 495 4089 Cain
508 4031 682 4103 reprobatur,
699 4030 778 4102 quia,
794 4047 851 4086 non
877 4047 977 4102 super·
1029 4035 1150 4090 rusalem
1171 4042 1319 4104 terrenam,
1350 4033 1399 4090 sed
1427 4033 1565 4106 inquirere
1588 4033 1742 4092 caelestem.
1766 4038 1827 4110 Ipsa

178 4125 305 4183 ueniente
345 4123 420 4196 igne,
458 4120 613 4191 manipulus
636 4119 746 4191 frugum
776 4136 858 4191 quem
880 4119 978 4175 obtulit
1028 4124 1111 4179 etiarn
1124 4124 1317 4190 Sarouentis,
1328 4130 1355 4178 et
1365 4123 1553 4194 nonagenaria
1559 4139 1613 4196 per
1626 4124 1830 4198 lidemaceepit

171 4215 285 4286 integer
298 4212 406 4268 mansit.
423 4213 478 4266 Per
492 4227 576 4283 quum
592 4207 675 4264 fidem
689 4207 760 4264 Abel
770 4209 862 4278 justus
877 4224 977 4264 eonse-
1028 4215 1165 4269 uirtutem
1178 4212 1414 4284 incorruptione,
1431 4211 1508 4267 idest
1518 4210 1692 4284 concipiendi
1699 4215 1825 4270 εειιιιιιιε.

177 4308 260 4360 cutus
275 4306 318 4360 err
333 4301 529 4358 testimonium
544 4299 606 4363 hoc,
623 4298 737 4365 scilicet,
747 4313 777 4356 se
787 4299 976 4369 esrcjurtum.
1029 4301 1093 4373 ipsa
1106 4301 1168 4356 dico
1181 4315 1237 4355 non
1251 4299 1339 4355 solum
1354 4299 1464 4366 sterilis,
1480 4316 1526 4356 sec
1535 4302 1625 4356 etiam
1635 4305 1746 4372 proeter
1760 4306 1827 4358 tem

169 4392 223 4450 :aa
237 4390 309 4446 enim
320 4390 441 4445 Christus
456 4387 485 4443 in
502 4386 661 4460 Evangelio.
681 4409 691 4434 a
710 4389 733 4442 Α
758 4385 892 4459 sanguine
906 4384 975 4441 abet
986 4385 1013 4447 1)
1026 4407 1080 4462 pus
1093 4387 1270 4461 oetatis,quia
1284 4387 1366 4458 (sicut
1378 4389 1541 4459 dictumest)
1557 4389 1748 4462 nonagenaria
1763 4397 1826 4458 erat,

170 4479 241 4549 ‚iusti
256 4478 366 4551 (narrt.
382 4492 466 4544 xxrn,
482 4475 538 4548 35),
557 4495 569 4526 ›
592 4482 644 4531 eto.
669 4476 778 4547 Moyses
793 4482 884 4530 autem
896 4472 977 4543 justi·
1029 4478 1135 4548 accepit
1149 4476 1221 4543 ideo,
1236 4477 1370 4549 quoniam
1389 4476 1510 4533 credidit
1523 4477 1610 4532 Deum
1627 4492 1688 4535 etse
1701 4478 1824 4548 fidelem,

177 4569 243 4625 ιιειιι
255 4566 326 4623 Abel
339 4564 521 4632 commendat,
537 4571 563 4620 et
586 4563 663 4620 multi
680 4565 885 4635 pmpbetarum.
903 4562 977 4619 Con·
1027 4567 1056 4621 id
1070 4573 1112 4622 est
1126 4565 1311 4637 veracemqui
1324 4566 1370 4620 illi
1383 4566 1554 4637 promiserat
1576 4581 1682 4636 semen,
1709 4571 1827 4640 propter

177 4664 286 4715 secutus
301 4654 421 4711 estitbel
437 4654 636 4711 testimonium
649 4653 705 4708 Deo
719 4651 887 4725 perlibente
902 4650 979 4706 testi·
1028 4654 1100 4728 quod
1114 4652 1177 4725 quia
1192 4653 1279 4709 Deum
1294 4652 1411 4708 credidit
1424 4651 1543 4719 fidelem,
1560 4661 1587 4708 et
1601 4653 1636 4710 ab
1650 4668 1710 4710 unc
1733 4661 1826 4712 ventre

178 4746 298 4804 monium
312 4744 478 4801 muneribus
493 4743 553 4813 eius
564 4742 635 4798 sicut
648 4740 754 4813 praelati
769 4756 871 4806 sumus,
888 4745 917 4797 et
926 4755 978 4813 per
1027 4742 1072 4799 ret
1085 4741 1120 4797 ab
1129 4756 1183 4797 uno
1198 4749 1285 4813 patre,
1301 4745 1329 4797 et
1344 4742 1395 4797 bac
1411 4755 1465 4797 nno
1478 4745 1605 4798 emortuo
1615 4741 1775 4812 velventre,
1784 4741 1826 4799 vel

176 4838 259 4893 illam
274 4833 357 4890 tidem
367 4832 598 4902 nestorianitas
610 4830 848 4903 loquituradbuc,
863 4827 972 4901 quiaia·
1027 4837 1114 4903 patre,
1131 4831 1189 4885 orti
1198 4834 1266 4886 sunt
1276 4828 1470 4903 tiliitanquam
1477 4830 1571 4886 sideru
1580 4831 1653 4897 cali,
1666 4846 1825 4888 neesecun·

177 4925 213 4981 cit
228 4940 278 4980 nos
292 4924 436 4995 loquentes
454 4920 489 4977 de
503 4917 557 4975 fide
573 4919 640 4988 ejus.
657 4918 769 4975 benaci
784 4917 866 4974 etiam
878 4933 930 4991 per
939 4917 978 4987 fi·
1028 4918 1093 4974 dum
1099 4917 1223 4974 404
1236 4918 1520 4976 claritatemuirtutum
1533 4933 1664 4991 comparo
1679 4918 1826 4985 sideribus,

177 5013 240 5068 dem
255 5027 336 5083 quam
350 5010 445 5066 babuit
461 5052 468 5076 ,
484 5009 644 5065 translatus
659 5011 701 5064 est
721 5007 755 5062 ad
777 5007 846 5063 alias
860 5005 975 5077 patrias.
1029 5006 1078 5062 sed
1094 5007 1184 5062 eundo
1196 5009 1229 5062 in
1243 5006 1461 5063 multitudinem
1471 5022 1576 5063 eorum.
1592 5006 1654 5063 Orti
1668 5015 1733 5063 sunt
1748 5009 1826 5066 etiam

177 5097 240 5154 ideo
255 5115 291 5154 ne
305 5099 411 5156 uideret
423 5101 554 5163 mortem,
567 5104 595 5152 et
609 5095 757 5152 translatus
770 5113 830 5152 non
845 5095 977 5151 invenie·
1028 5094 1102 5152 sicut
1113 5111 1212 5162 arena,
1228 5111 1280 5151 neo
1289 5095 1386 5150 iterum
1400 5095 1551 5153 secundum
1575 5094 1747 5152 sterilitatem
1770 5105 1826 5153 tan·

179 5188 273 5254 batur,
282 5186 425 5258 quialbeua
437 5186 589 5242 transtulit
603 5186 709 5254 illum;
724 5184 771 5256 qui
785 5184 808 5238 ει
816 5184 852 5240 ab
866 5182 977 5238 bomine
1027 5190 1084 5238 tum
1099 5199 1189 5239 arenae
1198 5198 1344 5256 comparo;
1360 5184 1410 5240 sed
1424 5201 1485 5257 qua
1499 5187 1543 5241 est
1555 5185 1788 5252 innumerabilis,
1800 5183 1826 5240 id

180 5274 325 5332 translatus
344 5281 431 5341 esset,
447 5270 883 5330 facileinueniretur.1)eusideo
899 5279 977 5325 tran·
1028 5279 1070 5328 est
1083 5271 1233 5328 seeundum
1247 5272 1520 5330 innumerabilitatem
1530 5288 1626 5329 eorum
1643 5290 1651 5340 ;
1666 5289 1729 5345 quaa
1749 5287 1826 5330 arena

179 5363 323 5420 stuliteum
334 5361 475 5433 quisenta
485 5363 706 5419 translationem
718 5360 837 5416 babebat
851 5360 978 5416 testimo·
1028 5367 1070 5416 est
1084 5361 1121 5416 ab
1136 5376 1215 5417 oram
1230 5362 1328 5430 maris,
1351 5361 1379 5416 id
1402 5369 1444 5417 est
1467 5361 1543 5430 juxta
1570 5360 1644 5416 littus
1659 5361 1825 5434 gentilitatis.

178 5454 260 5510 nium
269 5453 409 5525 placuisse
418 5451 484 5508 beo.
492 5448 975 5522 PerfldemsicistiplacueruntDeo.
1028 5449 1104 5506 llulti
1126 5449 1199 5506 enim
1217 5449 1252 5508 de
1277 5449 1340 5506 liliis
1367 5450 1483 5508 Abrabae
1496 5449 1640 5509 virtutibus
1663 5449 1825 5518 micuerant,
