3750 5984
123 220 171 275 981

679 217 773 275 VITA.
796 247 830 260 -
849 216 912 274 LIB.
933 216 980 274 lll.
1001 246 1036 260 -
1053 215 1206 275 Pholon.

1714 217 1768 275 ⁹82

122 343 162 398 ris
189 342 313 414 impensa
341 342 454 399 fecimus
477 357 671 399 consonare.»
692 342 734 398 Ad
763 342 823 399 baec
846 341 924 414 prior
931 348 960 409 Α
974 341 1106 397 restitutio
1115 341 1228 414 pretiosi
1243 356 1339 399 revera
1353 341 1455 397 laboris
1468 341 1562 399 vestri.
1589 341 1618 399 Si
1630 357 1698 399 vero
1726 340 1771 398 bi-

123 432 263 487 admirans
276 431 425 501 (nesciebat
439 431 511 487 euim
525 433 602 503 prius
625 446 744 503 quonam
759 430 858 486 ordine
872 446 922 487 rex

122 519 284 574 obtinuisset
298 519 383 591 illam)
399 519 512 575 fratrem
534 519 662 576 continuo
682 520 718 574 ita
742 518 840 574 affatus
855 525 896 575 est
912 537 920 576 ε

122 628 134 658 ι
153 608 226 662 ltane
237 607 364 663 dominus
372 623 420 662 rex
430 607 572 663 ecclesiam
584 615 705 663 nostram
716 607 840 663 fundavit
850 607 920 664 adeo

121 695 278 751 necessario
291 695 387 751 labore
401 695 514 752 vestro?
529 695 616 751 Crede
631 695 705 761 mihi,
722 695 919 763 amantissime,

122 783 280 838 restituetur
308 783 385 838 vobis
409 783 608 839 incontinenti
632 783 794 840 bibliotheca
817 791 918 839 restra.

122 871 176 926 Sed
191 877 217 926 et
232 869 347 925 fratrum
363 879 515 927 vestrorum
529 887 579 944 per
593 888 643 928 vos
658 872 755 928 devote
778 872 919 945 supplica·

120 975 181 1014 mus
197 959 376 1026 universitati,
393 967 526 1031 quatenus
549 967 651 1016 nostrae
665 960 811 1033 dignentur
830 961 919 1016 humi·

119 1047 188 1101 litati
203 1046 353 1120 indulgere,
371 1048 445 1120 quod
458 1048 604 1105 occasione
618 1049 715 1116 nostri,
730 1049 810 1105 nobis
827 1056 918 1105 tamen

118 1134 147 1190 id
161 1134 361 1207 ignorantibus,
376 1134 513 1191 defectum
527 1135 711 1192 sustinuerunt
720 1136 762 1192 sui
776 1136 890 1193 codicia.
904 1156 917 1189 ι

118 1223 167 1278 llis
181 1222 333 1279 monachus
342 1223 440 1279 auditis
454 1224 631 1281 vehementer
638 1224 758 1296 expavit,
767 1225 919 1298 gemebun-

119 1310 162 1366 dis
177 1325 259 1366 oraus
273 1311 396 1380 vocibus,
412 1326 447 1367 ne
462 1311 526 1368 talia
539 1311 675 1385 cogitaret
689 1312 917 1386 colloqueretur,

974 429 1137 487 bliothaeam
1152 430 1223 485 hanc
1237 430 1361 501 recipere
1378 429 1502 486 clanculo
1522 428 1634 485 minime
1657 429 1770 502 acquie-

971 517 1055 584 scitis,
1072 534 1125 590 ego
1141 518 1215 573 illam
1230 517 1255 574 ei
1269 519 1391 586 restituo,
1406 517 1452 590 qui
1466 518 1519 574 huc
1532 517 1623 588 ipsum
1644 517 1769 573 destina·

969 606 1017 662 vit.
1033 600 1062 662 Si
1077 621 1144 662 aero
1158 622 1220 662 cam
1230 605 1442 678 reportaveritis,
1460 606 1513 663 hoc
1527 605 1565 661 illi
1580 622 1628 678 per
1641 620 1691 661 nos
1707 604 1769 661 nul·

969 694 1077 750 latenas
1091 693 1256 751 innotescet.
1275 694 1370 763 »Quid
1381 693 1464 749 multa
1476 694 1491 748 ‘f
1504 692 1646 765 Recipiunt
1669 708 1768 750 mona·

968 781 1012 838 chi
1026 781 1149 838 codicem
1167 799 1256 850 suum,
1274 781 1352 854 quasi
1372 781 1474 838 recenti
1501 783 1573 838 dono
1592 781 1765 855 acquisitum,

969 869 1083 925 multum
1093 870 1128 925 de
1143 870 1248 937 codice,
1264 871 1313 927 sed
1327 870 1412 927 multo
1426 870 1488 942 plus
1503 871 1538 926 de
1558 869 1767 927 transmittentis

969 973 1002 1014 ac
1021 958 1187 1015 restituentis
1214 958 1368 1027 dulcedine,
1393 965 1418 1014 et
1445 957 1480 1014 de
1511 957 1652 1015 charitatis
1679 958 1767 1032 ipsius

967 1045 1136 1117 planitudine
1154 1046 1307 1104 exhilarati.

1003 1133 1143 1190 convaluit
1168 1135 1303 1206 siquidem
1321 1149 1355 1189 ex
1382 1133 1429 1190 illo
1454 1133 1605 1206 prasertim
1642 1143 1767 1209 ternpore

967 1220 1039 1277 inter
1049 1221 1190 1294 utriusque
1204 1220 1257 1278 loci
1280 1220 1399 1290 accolas,
1415 1222 1622 1280 Witbonienses
1637 1223 1767 1282 videlicet

967 1309 1118 1364 coenobitas
1133 1317 1159 1364 et
1173 1310 1389 1365 withamienses
1407 1310 1545 1377 eremitas,
1566 1310 1690 1382 eximie,
1718 1312 1763 1368 di·

118 1398 273 1455 nuilatenus
288 1399 418 1470 expedire
433 1399 572 1456 affirmans
586 1399 710 1456 ecclesiae
725 1416 790 1467 suae,
815 1407 845 1457 ut
865 1401 918 1458 sibi
967 1396 1093 1453 lectionis
1108 1398 1301 1469 praerogativa,
1313 1398 1515 1470 praestantebei
1529 1399 1628 1470 gratia,
1638 1399 1666 1456 in
1677 1416 1765 1457 aevum

118 1486 220 1542 utiliter
234 1486 377 1543 conciliata
392 1487 439 1543 tali
454 1502 487 1543 ex
507 1487 587 1544 xenio
611 1487 685 1562 regis
710 1489 801 1561 gratia
821 1489 917 1562 quavis
967 1484 1106 1541 duratura.
1123 1485 1257 1542 visisunt
1280 1493 1371 1541 autem
1393 1493 1489 1557 postea
1502 1486 1555 1542 viri
1582 1487 1656 1543 omni
1685 1488 1767 1547 laude

118 1575 263 1631 occasione
277 1575 448 1642 descivisset,
467 1598 478 1624 ι
497 1577 595 1647 Estne,
608 1577 706 1650 inquit,
734 1578 786 1634 boc
809 1593 914 1646 verum,
967 1573 1108 1629 attollendi
1123 1574 1257 1630 ltobertus
1273 1574 1330 1646 (nt)
1350 1572 1426 1645 prior
1448 1573 1613 1631 cathedralia
1641 1575 1765 1634 ecclesiae

116 1663 190 1734 quod
204 1663 239 1719 de
253 1664 311 1733 ejus
322 1663 414 1719 favore
428 1663 821 1737 plussotitopresumiris,uee
836 1666 915 1723 vobis
924 1700 951 1761 B
967 1661 1176 1729 Witboniensis,
1192 1669 1218 1717 et
1232 1661 1392 1734 hadulphus
1414 1662 1472 1733 (75)
1500 1662 1613 1719 sacrista
1642 1664 1764 1734 ejusdem

115 1750 193 1807 triste
207 1759 248 1807 est
261 1750 307 1806 tali
321 1750 393 1807 hunc
420 1768 533 1809 munere
556 1752 674 1827 negotiis
699 1753 797 1812 vestris
820 1754 913 1827 propi·
966 1748 1099 1816 ccclesiae,
1114 1749 1331 1805 Withamienses
1345 1748 1437 1807 effecti
1452 1749 1577 1819 solitarii,
1588 1751 1617 1806 in
1631 1766 1682 1807 sua
1696 1751 1764 1808 soli·

114 1839 181 1893 tium
194 1854 256 1895 esse
270 1838 397 1895 effectum
411 1840 449 1895 f»
467 1840 536 1896 Cum
549 1840 595 1898 ille
607 1841 735 1897 fratribus
749 1841 807 1899 suia
821 1843 912 1899 omni-
965 1837 1058 1893 tudine
1071 1837 1172 1908 optime
1187 1837 1346 1909 profecisse.
1374 1861 1384 1884 r
1409 1837 1451 1893 ld
1475 1852 1589 1910 quorum
1609 1839 1763 1896 instantiam

116 1926 168 1982 bus
184 1942 217 1982 ex
241 1926 294 1983 boc
320 1927 451 1998 gaudium
473 1929 633 2000 provenisse
660 1939 804 1999 assereret,
833 1931 914 2004 Ilugo
963 1925 1029 1981 dicit
1043 1941 1073 1980 se
1092 1925 1259 1997 compositor
1286 1941 1395 2000 magnae
1424 1926 1490 1983 Vitae
1517 1926 1604 1983 nostri
1636 1927 1761 2000 Hugonis

118 2013 279 2084 subjunxit:
302 2017 365 2072 oUt
379 2016 441 2084 hpp¹
457 2016 552 2090 inquit,
579 2017 709 2090 gaudium
736 2026 915 2092 perpetuetur
963 2011 1018 2082 illa,
1035 2029 1096 2085 quae
1108 2012 1143 2070 de
1156 2028 1189 2070 co
1204 2014 1324 2087 scripsit,
1346 2014 1493 2073 scribendo
1506 2022 1677 2089 posterorum
1691 2015 1762 2075 noii-

114 2101 142 2159 in
155 2109 278 2177 tongum,
293 2110 406 2162 cunctos
419 2119 534 2164 necesse
544 2113 586 2163 est
600 2113 629 2163 ut
642 2105 726 2164 lateat
738 2105 809 2165 facta
835 2107 913 2165 vobis
962 2109 1008 2166 tias
1017 2110 1234 2168 commendasse.
1255 2135 1265 2161 a

741 2286 868 2358 Explicit
890 2284 959 2343 liber
977 2286 1127 2345 accendas.

676 2567 898 2633 PROLOGUS
919 2568 1028 2632 LIBRI
1049 2569 1194 2632 TERTII.

146 2750 227 2821 Quia,
241 2758 388 2824 prestante
398 2750 525 2824 Domino,
540 2751 614 2810 beati
628 2753 679 2810 viri
694 2761 782 2827 gesta,
808 2754 907 2827 quibus
957 2762 984 2812 et
998 2754 1140 2812 sublimius
1150 2763 1341 2813 veneraretur.
1361 2758 1516 2826 Referebat,
1544 2759 1666 2833 inquam,
1696 2761 1755 2819 baec

109 2838 144 2894 ab
159 2841 220 2912 ipso
232 2839 356 2913 pueritie
370 2858 427 2898 suaa
442 2848 564 2914 tempore
578 2843 757 2915 omnipotenti
771 2844 830 2901 Deo
844 2859 906 2900 me·
956 2844 991 2899 ad
1001 2845 1265 2901 commendationem
1280 2845 1464 2902 exhibentium
1479 2854 1504 2904 et
1517 2847 1552 2902 ad
1566 2848 1754 2906 excitationem

110 2929 163 2985 ruit
177 2928 297 3001 placere,
312 2929 449 3002 usquead
465 2929 694 3003 episcopationem
707 2932 750 2988 sui
765 2931 906 3004 qualicun·
956 2932 1021 2988 talia
1039 2933 1239 3003 admirantium,
1256 2949 1317 2989 cum
1343 2934 1396 3005 ipsi
1412 2935 1471 2990 sola
1498 2943 1571 2992 esset
1599 2945 1754 2994 sanctornm

109 3032 163 3089 que
177 3017 248 3089 stylo
257 3018 414 3075 summatim
428 3019 599 3076 exaravimus
616 3037 623 3074 :
643 3036 725 3089 nuuc,
742 3020 858 3092 qualiter
871 3021 906 3077 ad
956 3021 1084 3077 sanctitas
1111 3036 1161 3093 pro
1188 3021 1328 3089 miraculo,
1358 3028 1386 3079 et
1412 3022 1472 3079 sola
1487 3022 1624 3080 sufficeret
1650 3024 1677 3082 ai
1703 3039 1752 3097 pro

108 3105 302 3178 episcopatum,
314 3105 419 3164 ooelesti
431 3116 614 3180 prosequente
628 3107 716 3180 qratia
742 3108 906 3167 conscende·
956 3109 1090 3181 exemplo.

107 3192 153 3262 rit,
170 3200 197 3250 et
212 3193 329 3267 qualiter
343 3194 371 3250 in
385 3210 419 3252 eo
430 3195 527 3252 vixerit
541 3204 568 3252 et
591 3196 722 3264 docuerit,
752 3193 941 3256 succinctusO
990 3194 1077 3251 Unico
1092 3200 1182 3250 autam
1192 3200 1220 3250 et
1233 3193 1383 3251 universali
1397 3201 1453 3252 erat
1467 3195 1493 3252 ei
1507 3194 1639 3253 miraculo
1654 3195 1752 3254 Condi·

108 3296 201 3338 aarmo
214 3290 368 3354 percurrat.
383 3284 441 3340 Nec
453 3283 526 3340 enim
536 3283 646 3357 singula
661 3285 711 3340 sed
724 3301 814 3358 neque
834 3301 906 3358 prm·
954 3282 1021 3338 toris
1035 3282 1088 3350 sui,
1104 3299 1165 3355 quae
1179 3298 1319 3356 nunquam
1334 3282 1360 3340 ei
1369 3283 1473 3352 deerat,
1488 3284 1678 3356 praecordialis
1704 3301 1750 3343 re-

108 3370 190 3442 cipua
203 3378 343 3444 gestorum
354 3373 413 3442 eius
427 3378 509 3444 atque
533 3373 679 3431 verborum
693 3388 710 3431 a
724 3374 805 3431 nobis
823 3374 904 3433 modo
954 3370 1086 3437 cordolio,
1102 3378 1128 3427 et
1151 3370 1318 3443 magnalium
1340 3387 1448 3444 quoque
1475 3372 1549 3428 illins
1577 3372 1710 3445 stupenda
1724 3381 1751 3430 et

107 3459 277 3516 recensenda
289 3459 487 3532 promittimus;
504 3461 554 3518 sed
567 3476 600 3518 ea
613 3461 681 3530 sola,
698 3476 750 3519 nec
764 3469 856 3519 tamen
870 3477 904 3520 ea
953 3458 1150 3531 inexplicabilis
1164 3459 1316 3516 multitudo.
1331 3460 1453 3516 Plurima
1467 3475 1534 3518 varo
1551 3461 1586 3518 ad
1604 3477 1681 3518 suam
1703 3461 1749 3534 ip-

107 3547 207 3616 omnia,
225 3548 375 3619 quaenobia
397 3556 461 3605 sunt
476 3565 509 3606 ex
529 3549 652 3621 ejusdem
680 3552 786 3608 actibus
801 3560 828 3607 et
841 3567 902 3608 me-

106 3635 257 3693 moralibus
270 3636 349 3695 dictis
363 3637 464 3694 certius
477 3647 618 3712 comperta
632 3648 657 3697 et
672 3640 829 3697 memoriter
856 3656 901 3697 ra·

107 3731 190 3781 tenta.
206 3725 346 3797 inquibus
359 3742 415 3782 non
442 3726 652 3785 admirationem
676 3729 840 3800 superfluam
858 3729 902 3786 le·

106 3813 229 3886 gentium
242 3814 300 3870 sive
315 3815 481 3872 audientium
499 3823 652 3889 captamus,
674 3819 726 3875 sad
742 3818 833 3890 potius
856 3834 899 3889 ea,

107 3918 168 3975 quae
183 3910 277 3960 sancta
291 3911 317 3959 et
331 3903 450 3960 salubria
469 3911 541 3973 sunt,
569 3921 651 3964 nosse
670 3915 697 3964 et
724 3907 825 3964 imitari
849 3924 901 3967 cu-

105 3991 237 4064 pientium
251 3991 469 4050 edificationem.
484 3994 554 4050 Nam
570 4003 596 4052 et
610 3994 637 4051 in
651 3995 704 4054 hoc
718 3996 801 4053 etiarn
815 3997 901 4054 tradi-

106 4087 161 4136 tam
175 4095 192 4136 a
206 4080 308 4138 sanctis
322 4080 379 4152 (76)
394 4081 498 4139 ordinis
519 4083 719 4143 Caribusiensia
745 4085 901 4144 auctoribus

104 4168 265 4240 gravitatem
279 4171 382 4242 pariter
395 4170 608 4229 ethumilitatem
618 4173 698 4231 altius
713 4183 740 4232 et
753 4175 901 4247 perfectius

104 4257 259 4329 imbiberat,
275 4265 305 4314 ut
317 4259 384 4317 nibil
397 4260 487 4316 minus
502 4275 585 4333 quam
599 4262 793 4321 miraculorum
808 4265 901 4337 prodi·

104 4346 150 4419 gia
164 4345 259 4403 mirari
271 4355 316 4404 aut
330 4349 451 4405 aemulari
466 4349 615 4419 videretur,
631 4367 694 4408 cum
720 4353 781 4410 baec
808 4360 900 4410 tamen

103 4434 138 4492 de
153 4434 220 4495 viris
232 4437 336 4495 sanctis
349 4437 418 4496 lecta
432 4445 478 4496 aut
494 4438 605 4515 cognita
632 4439 752 4499 suaviter
774 4437 936 4516 referret,D

139 4613 193 4681 (76)
205 4617 390 4682 Wintoniensis,
412 4623 438 4672 et
453 4623 537 4684 postea
559 4623 624 4684 prior
643 4623 839 4688 Withamlensia,
852 4623 900 4676 nial

104 4683 137 4734 sit
149 4683 210 4736 alius
227 4682 261 4735 ab
272 4697 301 4737 eo
312 4686 380 4749 ccrjm
392 4687 420 4739 lit
433 4689 525 4741 mentm
535 4687 578 4740 lib.
591 4703 617 4751 r,
629 4703 652 4741 c.
665 4690 706 4742 2⁴.

139 4766 195 4836 (75)
208 4770 244 4821 ld
257 4769 329 4836 buius
340 4776 366 4823 et
376 4771 436 4823 dicti
453 4773 552 4825 Roberti
572 4787 658 4838 preces
669 4777 786 4841 scriptam
799 4789 852 4829 asse
863 4778 900 4828 vf-

103 4837 154 4889 tam
166 4835 193 4887 S.
211 4837 319 4903 hugonis
330 4840 419 4892 assent
431 4840 595 4908 abbreviator,
608 4843 649 4908 qni
662 4843 686 4896 id
698 4844 823 4909 accepisse
835 4845 900 4897 ride

952 3546 1009 3602 sius
1023 3547 1186 3620 quandoque
1207 3547 1412 3615 relevationem,
1435 3563 1487 3605 nec
1508 3563 1564 3604 non
1587 3556 1614 3604 et
1635 3548 1750 3606 aliomm

952 3634 1052 3707 saepius
1066 3634 1268 3708 opitulationem
1283 3653 1333 3709 per
1352 3652 1425 3704 eum,
1441 3636 1506 3693 dum
1534 3635 1683 3708 adviveret,
1698 3653 1747 3695 seu

952 3723 1082 3780 scientem
1097 3740 1146 3780 seu
1159 3724 1336 3793 nescientem,
1351 3724 1497 3781 Dominum
1511 3724 1668 3783 exhibuisse
1691 3726 1746 3782 mi·

951 3811 1054 3880 recula,
1065 3812 1177 3883 nemini,
1193 3813 1240 3887 qui
1253 3813 1414 3870 familiarius
1427 3813 1467 3871 illi
1476 3813 1599 3881 adhaesit,
1612 3814 1746 3873 incertum

950 3900 1008 3959 fuit.
1026 3900 1080 3958 Sed
1093 3901 1216 3970 uacista,
1232 3918 1293 3975 quae
1307 3910 1443 3976 utcunque
1470 3901 1596 3960 fidebbus
1618 3918 1741 3960 commu·

950 3989 1067 4046 nicando
1089 3990 1251 4059 scribemus,
1276 3991 1317 4047 rei
1344 3991 1424 4062 hujus
1452 3990 1596 4061 certitudo,
1626 4007 1745 4065 superna

951 4077 1098 4150 opitulante
1112 4079 1209 4153 gratia,
1224 4078 1413 4151 denegabitur.
1429 4079 1494 4138 limo
1508 4095 1573 4139 vero
1591 4079 1626 4136 de
1654 4094 1745 4153 prom·

950 4167 1005 4223 mio
1018 4166 1100 4237 hujus
1113 4166 1198 4223 libelli
1213 4166 1285 4223 tertii
1297 4167 1326 4222 in
1342 4167 1427 4223 Vitam
1437 4167 1508 4224 beati
1522 4168 1574 4225 viri
1584 4167 1745 4240 prelibasse

951 4254 1065 4311 sufficiat
1080 4274 1087 4323 ;
1104 4256 1198 4325 etjam
1213 4254 1333 4313 historiae
1347 4255 1458 4325 seriem
1475 4255 1593 4315 incultus
1605 4255 1669 4313 licet
1687 4262 1744 4330 atp-

950 4343 1012 4412 bus,
1027 4343 1143 4401 evolvat.

948 4629 989 4679 tur
999 4639 1030 4678 er
1040 4627 1119 4691 primo
1129 4625 1236 4678 auctoris
1247 4625 1356 4690 prologo,
1369 4625 1410 4690 qul
1421 4626 1493 4679 deest
1504 4625 1530 4678 ln
1542 4639 1602 4679 mss.

983 4709 1038 4778 (76)
1051 4710 1103 4763 Non
1113 4714 1164 4764 mm
1176 4711 1292 4762 miracula
1304 4711 1330 4762 iu
1338 4709 1414 4763 oeulis
1426 4711 1567 4772 bominum,
1580 4723 1654 4776 quam
1671 4711 1745 4763 vitam

949 4782 1060 4830 sanctam
1072 4778 1096 4828 in
1107 4781 1238 4840 conspectu
1251 4777 1308 4842 bai,
1329 4789 1425 4841 semper
1435 4777 1581 4846 expetivisse
1602 4777 1747 4832 carthusia·

950 4857 995 4897 nos
1006 4857 1037 4898 ax
1048 4845 1096 4898 boc
1108 4846 1160 4897 loco
1171 4847 1251 4911 patet.

784 5045 911 5121 Explicit
924 5047 1066 5121 prolapus.
