3742 5986
394 162 585 222 ttxaosmo
603 164 641 220 lN
658 159 848 220 EPISTOLAS
867 159 980 219 PAULl.
997 193 1032 205 -
1045 163 1083 220 IN
1100 163 1210 220 EPlS'l'.
1225 162 1273 220 ab
1295 163 1374 220 otc.

1657 161 1710 218 ato

60 307 118 365 qua
133 290 273 358 libertate,
289 287 318 345 id
332 295 374 344 est
387 305 438 360 per
452 289 524 345 hanc
545 287 700 344 libertatem
714 301 796 359 quam
811 286 859 340 ba·
877 285 967 358 Aper
979 286 1081 361 legem.
1097 287 1132 343 Et
1145 287 1208 343 ideo
1231 287 1296 359 qnia
1319 286 1399 342 liberi
1422 286 1488 342 estis
1511 289 1603 352 state,
1619 285 1646 340 id
1670 292 1712 341 est

59 377 169 448 bemus,
186 378 316 437 Christus
333 377 438 433 babens
453 376 579 433 eamdem
594 375 725 432 liberavit
744 391 794 432 uos
814 388 866 446 per

60 480 134 523 cam.

311 577 433 635 224
454 578 567 635 carot
581 577 614 633 V.

98 716 112 744 ι
128 694 205 751 State
219 701 246 751 et
258 692 343 750 nolite
365 692 464 749 iterum
485 693 554 765 jugo
570 690 708 747 seruitutis
722 690 864 747 contineri.

61 804 75 836 ι
90 783 168 839 Εεεε
181 797 236 856 ego
264 781 363 837 Paulus
378 781 440 838 dico
454 780 533 836 tobis
556 779 695 852 quoniam,
711 779 735 834 si
745 778 865 835 circum-

61 892 74 921 ·
92 869 235 937 cidamini,
250 869 374 926 Christus
388 868 455 924 nihil
478 867 556 924 vobis
578 867 708 939 proderit.
724 865 866 922 Testisrcor

61 979 74 1009 ι
91 966 187 1013 ειιιειιι
200 973 308 1012 rursum
323 955 397 1012 omni
412 956 514 1011 homini
536 954 741 1012 circumcidenti
753 970 782 1009 se
798 969 866 1024 qno·

63 1069 75 1095 ·
94 1046 173 1101 niam
187 1045 294 1112 debitor
303 1052 345 1101 est
356 1043 489 1100 universae
499 1043 569 1117 legis
582 1043 723 1100 iacienda.
733 1043 865 1098 Evacuati

63 1158 75 1184 s
93 1134 163 1190 estis
177 1149 195 1189 a
210 1133 329 1200 Christo,
346 1132 392 1204 qui
404 1133 433 1187 in
447 1132 510 1205 lege
528 1130 732 1201 justificamini;
749 1130 865 1202 agralia

63 1246 75 1271 ι
92 1221 245 1279 excidistis.
261 1222 320 1278 Nos
335 1220 407 1276 enim
422 1220 518 1290 spiritu
537 1236 570 1275 ex
585 1219 639 1275 tide
660 1235 736 1290 spem
755 1218 865 1287 justitiae

60 1334 72 1360 ι
90 1318 293 1383 exspectamus.
309 1309 380 1363 Nam
393 1307 422 1362 in
437 1307 546 1362 Christo
555 1308 629 1373 lesu,
645 1322 733 1378 neque
748 1306 863 1362 circum-

62 1421 74 1447 ι
90 1399 164 1455 cisio
177 1396 281 1469 aliquid
295 1394 382 1464 valet,
402 1410 491 1467 neque
513 1394 685 1465 praeputium,
711 1394 760 1449 sed
784 1392 862 1462 tides,

61 1509 73 1534 ι
91 1502 156 1558 quae
170 1501 221 1556 per
235 1483 394 1541 charitatem
408 1481 603 1555 [dilectionem]
617 1489 754 1552 operatur.
770 1482 866 1537 Curre

63 1597 75 1622 ι
94 1573 171 1628 batis
185 1572 255 1628 bene
272 1585 278 1626 :
294 1570 354 1643 quis
368 1586 418 1627 ros
427 1568 570 1626 fascinavit
584 1568 745 1643 [impedivit]
758 1568 864 1624 veritati

63 1683 75 1709 ι
91 1675 151 1716 non
161 1659 273 1715 obedire
288 1657 424 1715 tuemini
434 1657 639 1715 consenseritis.
651 1656 795 1713 Persuasio
805 1658 864 1713 haec

64 1772 76 1796 ι
93 1763 152 1805 non
166 1756 208 1804 est
223 1763 256 1802 ex
271 1761 305 1802 eo
320 1746 367 1818 qui
389 1746 498 1802 vocavit
520 1760 579 1800 vos.
594 1745 729 1801 ldodictun
744 1744 864 1800 sermen-

65 1858 78 1888 ι
96 1845 157 1891 tum
172 1843 257 1891 totam
271 1849 393 1890 massam
415 1833 563 1904 ccrmmpit
577 1833 604 1904 (t
619 1832 679 1888 Ccr.
696 1848 723 1900 v,
741 1837 779 1903 6).
804 1834 865 1904 Ego

64 1922 209 1981 «confido
223 1922 251 1977 ιιι
264 1921 342 1977 vobis
362 1921 390 1976 in
410 1920 526 1977 Domino
548 1921 620 1992 quod
642 1920 709 1976 nihii
724 1920 797 1975 aliud
817 1936 864 1976 sa·

65 2035 77 2060 ι
94 2011 188 2083 ριειιε.
201 2009 254 2080 Qui
267 2017 359 2066 autem
371 2009 513 2066 conturbat
521 2025 580 2078 vos,
592 2009 709 2080 portabit
720 2008 862 2079 judicium,

64 2124 76 2149 ι
94 2099 254 2173 quicunque
269 2105 312 2154 est
325 2097 379 2153 ille.
395 2099 456 2169 Ego
470 2105 570 2163 autem,
585 2096 689 2164 iratres,
705 2096 728 2150 si
750 2096 865 2152 circum-

63 2212 75 2238 ·
93 2188 230 2246 cisionem
245 2185 336 2242 adhuc
349 2185 479 2256 praedico,
494 2185 559 2257 quid
582 2185 670 2240 adbuc
693 2184 864 2256 persecutio·

65 2300 76 2323 ·
95 2292 160 2333 nem
171 2274 280 2346 patior?
290 2274 364 2345 Ergo
373 2281 533 2330 evacuatum
546 2280 587 2328 est
596 2272 754 2329 scandalum
765 2272 863 2329 crucis.

66 2387 77 2413 ι
99 2363 214 2421 Utinam
228 2369 255 2418 et
268 2360 463 2417 abscindantur
476 2360 523 2432 qui
546 2376 595 2417 vos
616 2359 792 2416 conturbanti
810 2361 865 2416 Vos

66 2477 77 2500 ·
95 2451 171 2508 enim
186 2449 216 2505 ιιι
228 2449 381 2505 libertatem
395 2447 485 2505 vocati
495 2448 569 2514 estis,
587 2447 696 2515 iratres,
711 2454 815 2502 tantum
830 2463 864 2503 ιιε

65 2562 78 2589 ι
94 2540 250 2596 libertatem
274 2537 303 2592 in
325 2537 498 2593 occasionem
520 2536 591 2592 detis
614 2536 722 2600 carnis,
747 2535 796 2591 sed
816 2551 866 2606 per

66 2651 78 2676 ι
94 2625 255 2685 charitatem
269 2623 380 2696 spiritus
403 2625 504 2679 servite
531 2623 657 2679 inuicem.
682 2622 778 2680 Omnis
792 2623 865 2678 enim

66 2738 77 2764 ι
92 2716 138 2772 lex
154 2713 182 2769 in
198 2728 253 2769 nno
268 2727 396 2769 sermone
417 2711 544 2783 impletur
561 2727 567 2765 :
583 2711 688 2782 Diliges
710 2711 865 2782 proximum

66 2828 77 2851 ·
94 2811 172 2859 tuum
187 2801 258 2858 sicut
276 2800 391 2872 teipsum
407 2801 515 2869 (ltcttlt.
541 2813 613 2865 xxtt,
629 2801 685 2870 39).
702 2797 772 2868 Quia
786 2799 810 2854 si
823 2800 865 2854 in·

64 2912 75 2945 r
94 2892 188 2949 ricem
202 2888 332 2946 mordetis
342 2896 369 2946 et
382 2887 533 2954 comeditis,

916 383 1091 445 perseverate
1106 375 1134 429 in
1148 376 1200 431 hac
1210 375 1334 430 libertate
1344 373 1418 440 tuot,
1430 379 1458 430 ct
1470 375 1560 431 colito
1570 374 1713 430 contineri

911 464 979 534 jupo
994 464 1151 530 servitutis,
1168 463 1195 517 id
1219 471 1261 518 est
1275 462 1354 518 atteri
1368 478 1452 519 onere
1467 460 1537 534 legis
1550 463 1666 517 iterum.
1678 460 1713 515 lit

916 550 985 605 bene
994 551 1110 618 iterum,
1122 550 1184 623 quia
1194 552 1219 606 ai
1230 566 1278 606 vos
1289 549 1384 605 fideles
1393 551 1449 620 jem
1459 548 1711 616 circumcidimini,

846 690 852 702 ,
915 636 988 692 idem
1003 647 1043 694 est
1058 638 1131 709 quod
1146 637 1181 693 ad
1196 637 1270 693 idola
1287 638 1419 704 converti,
1443 637 1541 710 quibus
1555 645 1637 692 antea
1650 652 1712 691 ser-

915 725 1041 781 viebatis.
1058 727 1190 782 Dicerent
1203 725 1241 780 illi
1258 744 1265 781 :
1280 726 1414 781 Nolumus
1429 741 1537 782 omnem
1550 725 1643 796 legem
1654 740 1714 778 sus·

915 813 1008 884 cipere
1040 813 1092 868 nisi
1121 813 1207 869 solam
1243 813 1477 870 circumcisionem
1509 829 1590 884 quam
1621 811 1713 867 habuit

914 901 1060 968 Abraham,
1082 901 1128 973 qui
1150 901 1198 956 fuit
1222 902 1281 956 sine
1302 902 1374 972 lege.
1400 902 1501 957 Contra
1516 901 1568 956 hoo
1589 900 1712 955 Paulus:

914 988 1003 1044 Nolite
1019 989 1153 1045 contineri
1166 990 1233 1062 jugo
1246 988 1325 1060 legis,
1337 991 1471 1062 quonium
1482 988 1622 1054 Christus,
1632 988 1661 1042 id
1672 993 1714 1042 est

915 1075 984 1132 fides
999 1077 1106 1142 Christi,
1123 1077 1198 1132 nttit
1207 1077 1333 1148 proderit
1343 1078 1426 1143 cobis,
1435 1076 1457 1131 si
1468 1074 1711 1145 circumcidamini,

915 1171 941 1219 et
956 1180 1021 1221 ecce
1037 1182 1084 1236 epo
1099 1166 1216 1230 Paulus,
1233 1165 1309 1233 cujus
1328 1165 1473 1220 auctoritas
1488 1164 1589 1236 ubique
1603 1163 1714 1235 vulgata

915 1260 966 1320 ost,
984 1253 1036 1308 hoc
1056 1253 1116 1308 dico
1131 1260 1158 1307 et
1182 1251 1283 1307 affirmo
1299 1252 1373 1308 cobis
1388 1252 1460 1324 quod
1484 1252 1507 1307 si
1531 1250 1713 1308 circumcida-

914 1340 990 1407 mini,
1008 1338 1076 1395 tidcs
1090 1339 1190 1395 Christi
1209 1355 1263 1395 non
1286 1339 1408 1410 proderit
1427 1339 1514 1395 vobis.
1539 1339 1601 1394 Non
1625 1337 1713 1393 solum

915 1427 978 1500 quia
993 1427 1114 1483 Christus
1128 1443 1183 1483 non
1197 1428 1318 1499 proderit
1337 1427 1425 1492 vobis,
1449 1427 1498 1482 sed
1512 1427 1591 1482 etiam
1605 1433 1715 1497 propter

914 1514 1086 1584 importabile
1101 1530 1170 1569 onus
1184 1514 1255 1586 legis
1270 1530 1324 1569 non
1339 1514 1444 1569 debetis
1459 1513 1626 1570 circumcidi.
1642 1512 1714 1582 Quia

914 1603 955 1658 sic
969 1603 1006 1657 ait
1023 1620 1031 1656 ι
1049 1602 1189 1671 Testificcr
1204 1618 1329 1666 rursum,
1341 1601 1369 1656 id
1385 1608 1426 1656 est
1436 1601 1478 1657 vel
1491 1602 1561 1658 sicut
1574 1601 1639 1656 olim
1647 1599 1712 1655 dum

916 1706 990 1745 eram
1005 1690 1031 1744 in
1046 1689 1107 1762 lege
1122 1687 1292 1744 testificabar.
1307 1688 1357 1743 Vel
1371 1706 1497 1754 rursum,
1510 1689 1589 1745 idest
1603 1687 1712 1754 iterum,

914 1777 967 1833 hoc
980 1776 1087 1833 adduco
1103 1776 1138 1831 ad
1151 1776 1224 1831 idem
1246 1776 1458 1832 dissuadendum
1482 1777 1555 1848 quod
1574 1792 1625 1847 per
1638 1790 1712 1847 prae-

914 1864 1000 1919 missa
1014 1864 1215 1919 dissuadebam.
1227 1861 1370 1920 Testificor
1384 1866 1462 1921 omui
1472 1864 1580 1920 homini
1590 1863 1712 1919 circum·

915 1953 1023 2009 cidcuti
1033 1968 1063 2009 sc
1073 1954 1216 2025 quonism,
1229 1951 1255 2006 id
1267 1951 1401 2023 estquod,
1412 1951 1712 2023 ipsecstdebitcrurti·

915 2056 1003 2096 vcrsce
1020 2041 1087 2112 lepis
1100 2040 1254 2111 tocicudoe.
1269 2039 1445 2095 circumcisio
1456 2039 1528 2094 enim
1538 2039 1622 2112 exigit
1631 2047 1658 2093 ut
1669 2054 1713 2094 se·

916 2137 1032 2200 quantur
1054 2135 1155 2184 cratera
1178 2143 1264 2198 opera
1287 2127 1366 2199 legis,
1393 2127 1622 2199 quemadmodum
1644 2125 1713 2182 tides

914 2224 977 2287 post
990 2215 1152 2286 baptismum
1167 2214 1250 2285 erigit
1263 2222 1292 2269 ut
1316 2222 1464 2286 sequantur
1486 2230 1570 2286 opera
1589 2211 1663 2269 fidei.
1678 2213 1714 2267 Et

915 2319 949 2360 ne
963 2303 1063 2374 putetis
1078 2318 1127 2358 vos
1141 2317 1224 2373 posse
1239 2301 1405 2370 circumcidi,
1431 2302 1484 2356 nisi
1497 2317 1566 2357 onus
1580 2301 1650 2374 logis
1664 2316 1716 2372 per

914 2392 1006 2449 omnia
1019 2390 1141 2461 portetis.
1152 2389 1224 2446 Vere
1234 2389 1357 2444 Christus
1371 2389 1436 2444 nihil
1451 2388 1571 2461 proderit
1591 2388 1711 2446 225

915 2480 1014 2545 vobis;
1039 2495 1100 2533 nam
1125 2478 1148 2533 si
1176 2477 1427 2544 circumcidamini,
1452 2479 1582 2534 evacuati
1603 2481 1672 2533 catis
1696 2493 1714 2532 c

917 2567 1036 2635 Christo,
1048 2565 1076 2622 id
1092 2573 1133 2622 est
1146 2566 1233 2620 inanis
1256 2564 1328 2621 facta
1351 2573 1393 2621 est
1407 2565 1484 2622 vobis
1508 2564 1575 2620 fides
1597 2563 1709 2620 Christi.

915 2655 1044 2711 Dicereut
1059 2654 1097 2708 illi
1113 2671 1121 2709 ι
1136 2652 1268 2709 Μειιιιιιιιε
1283 2669 1299 2707 ε
1313 2652 1421 2709 Christo
1432 2653 1558 2710 evacuari
1568 2667 1649 2724 quam
1659 2667 1714 2708 non

916 2742 1082 2808 circumcidi,
1099 2741 1169 2796 sicut
1183 2743 1256 2796 Deus
1275 2741 1425 2797 mandavit.
1449 2741 1491 2795 Ad
1516 2742 1567 2796 hoc
1590 2740 1713 2796 Paulus:

915 2832 976 2886 Non
991 2830 1079 2885 solum
1094 2845 1111 2884 a
1130 2829 1248 2895 Christe,
1265 2829 1314 2884 sed
1329 2828 1411 2884 etiam
1426 2828 1576 2885 excidistis
1590 2828 1713 2899 aarum

545 2888 635 2943 ”dete
653 2902 688 2943 ¹¹⁰
702 2888 735 2942 ’ὼ
747 2903 865 2944 ¹¹¹v¹⁰⁰¹¹¹
916 2919 966 2974 Dei
980 2934 1040 2985 vos,
1053 2919 1213 2991 puicu-rique
1227 2918 1260 2972 iu
1272 2917 1549 2989 lepcjustificumiui,
1567 2916 1595 2970 id
1609 2923 1651 2971 est
1663 2931 1713 2987 per

66 2977 309 3037 ‘mmmm'
341 2976 409 3075 ,ΜΨ
439 2983 528 3074 ⁸¹¹¹e¹,¹¹
569 2975 596 3030 in
621 2969 1005 3081 Chfi⁵f⁰1spifi¹¹¹⁰legem
1035 3002 1257 3074 justificationem
1290 3004 1420 3077 quaeritis.
1452 3004 1502 3060 llic
1523 3004 1593 3059 bone
1618 3004 1713 3058 deter-

64 3093 75 3118 ι
91 3065 234 3124 ειιιιιιιιειε
249 3073 277 3121 ει
289 3063 425 3120 desideria
439 3078 529 3120 carme
543 3078 597 3119 non
620 3062 774 3134 perlicretrs.
797 3064 865 3119 Caro

65 3156 170 3213 ·enim
193 3151 360 3224 concupiscit
383 3150 515 3208 adversus
538 3151 671 3222 spiritum,
691 3151 800 3222 spiritus
814 3167 865 3206 au·

64 3269 76 3293 ι
92 3252 152 3300 ιειιι
166 3241 301 3298 adversus
314 3254 435 3296 carnem.
451 3239 517 3295 llaec
532 3238 603 3294 enim
625 3239 678 3293 sibi
691 3239 808 3294 invicem
821 3239 866 3293 ad·

64 3353 75 3385 ι
90 3336 257 3400 sumantur,
266 3336 295 3384 ut
309 3343 364 3384 non
379 3342 549 3399 quaecunque
563 3326 610 3382 illa
623 3325 739 3382 faciatis.
756 3325 827 3395 Quia
842 3326 865 3382 si

64 3419 197 3493 uspiritn
218 3416 365 3482 ducemini,
389 3430 444 3471 non
466 3415 532 3471 estis
553 3414 604 3470 sub
631 3414 703 3485 lege.
725 3412 866 3469 llaniiesta

65 3532 76 3557 ι
94 3515 190 3565 ειιιειιι
204 3512 267 3561 sunt
280 3519 364 3575 opera
377 3503 479 3569 camis,
495 3519 556 3574 quas
570 3510 633 3557 sunt
646 3501 798 3572 fornicatio,
814 3502 865 3556 irn-

64 3622 75 3648 ι
93 3593 243 3660 munditia,
256 3591 431 3663 impudicitia,
447 3590 563 3657 luxuria,
588 3590 722 3646 idolorum
738 3590 863 3658 servitus,

64 3681 243 3748 «veneticis,
261 3680 419 3746 inimicitia,
443 3678 640 3744 contentiones,
665 3677 864 3743 emulationes,

64 3799 76 3823 .
92 3773 154 3839 irae,
170 3770 246 3837 rime,
263 3768 460 3837 dissensiones,
475 3775 566 3831 secta,
578 3766 696 3834 invidiae,
707 3766 864 3833 homicidia,

64 3882 75 3905 .
93 3854 252 3918 ebrietates,
267 3851 490 3915 comessationes,
505 3856 532 3904 ει
546 3849 588 3903 his
599 3848 705 3915 similia,
721 3864 782 3921 quae
795 3865 867 3919 pras-

65 3968 76 3991 ·
93 3943 160 4001 dico
173 3940 262 4006 ιοιιιε,
277 3938 346 3995 sicut
359 3936 485 4009 praedixi,
496 3936 625 4007 quoniam
634 3935 681 4008 qui
691 3937 755 3992 talia
769 3943 864 4008 agunt,

64 4056 76 4081 ι
100 4045 221 4104 mgnum
245 4027 296 4084 liei
324 4040 380 4081 non
402 4032 611 4096 consequentur.
637 4024 751 4080 Fructus
774 4031 865 4080 autem

65 4144 77 4168 .
95 4117 211 4191 spiritns
224 4122 267 4172 est
280 4113 408 4179 charitas,
424 4112 564 4185 gaudium,
580 4127 643 4182 pax,
659 4112 797 4183 patientia,
814 4112 865 4168 be-

63 4205 224 4280 mignitaa,
235 4202 352 4269 bonitas,
365 4200 564 4274 longanimitas,
584 4201 773 4266 mansuetudo,
786 4199 864 4267 fides,

65 4291 243 4360 «modestia,
266 4289 441 4355 continentia,
467 4289 586 4345 castitas.
611 4287 749 4344 Adversus
768 4289 864 4358 hujus-

66 4408 78 4433 ·
96 4382 175 4439 modi
189 4396 244 4437 non
253 4387 295 4436 est
307 4377 363 4434 lex.
380 4376 432 4447 Qui
445 4385 535 4433 autem
549 4384 612 4432 sunt
625 4377 735 4443 Christi,
752 4393 865 4433 carnem

67 4487 174 4528 .suam
197 4464 387 4526 crucifixerunt
410 4480 471 4521 cum
493 4463 565 4521 vitiis
590 4472 617 4520 et
638 4464 865 4536 concupiscentiis

66 4584 78 4608 ι
93 4559 121 4630 (1
133 4560 212 4616 Pctr.
227 4570 257 4621 ιι,
274 4553 329 4625 ιι).
345 4553 373 4609 Si
388 4552 504 4609 vivimus
514 4552 618 4624 spiritu,
636 4553 733 4624 spiritu
744 4553 866 4609 etambu·

65 4671 77 4695 ·
95 4648 198 4704 lemns.
212 4643 275 4700 Noa
288 4639 439 4698 efficiamur
452 4640 540 4695 inanis
555 4640 651 4711 gloria
675 4640 777 4712 cupidi,
793 4640 865 4696 invi·

66 4759 78 4785 ι
95 4749 160 4793 cem
174 4735 365 4805 prouocantes,
380 4727 499 4784 invicem
512 4728 674 4784 invidentes.
693 4751 704 4777 ε

390 4900 548 4945 annosum.

914 3095 997 3150 minat
1012 3094 1149 3166 quomodo
1172 3092 1316 3164 prohibeat
1340 3091 1584 3157 circumcisionem,
1609 3090 1713 3147 scilicet

915 3191 944 3238 ut
959 3199 1009 3253 per
1023 3197 1086 3236 eam
1100 3197 1155 3237 non
1170 3188 1290 3252 quaerant
1301 3178 1529 3249 justificationem,
1546 3195 1608 3235 curn
1622 3186 1714 3234 tamen

915 3285 1014 3342 passus
1034 3269 1068 3324 sit
1089 3269 1246 3325 circumcidi
1269 3269 1449 3333 Timotheum,
1475 3276 1503 3323 nt
1525 3266 1661 3323 tollereta
1683 3282 1713 3322 se

915 3357 1108 3428 suspicionem,
1134 3364 1248 3427 uterque
1269 3364 1361 3411 tamen
1385 3355 1484 3411 Paulus
1508 3363 1534 3410 ει
1557 3355 1713 3410 Timotheus

914 3445 1070 3517 intelligens
1093 3444 1160 3498 nibil
1184 3443 1309 3498 conterre
1330 3443 1441 3512 justitie
1464 3442 1711 3499 circumcisionem.

915 3535 1075 3590 Verenemo
1088 3530 1252 3600 justificatur
1266 3529 1292 3584 in
1307 3529 1388 3603 lege;
1413 3546 1481 3585 cam
1496 3547 1547 3587 uos
1563 3529 1649 3585 solum
1665 3529 1713 3601 qui

915 3636 1009 3676 sumus
1023 3636 1060 3676 ex
1078 3620 1142 3688 fide,
1168 3621 1367 3691 exspectamus
1383 3633 1460 3690 spem
1477 3619 1611 3689 justitie,
1628 3616 1656 3671 id
1671 3623 1713 3672 est

915 3707 1108 3764 beatitudiuem
1123 3722 1184 3778 quae
1199 3721 1231 3761 ex
1243 3706 1347 3775 iustitia
1373 3712 1507 3776 speratur.
1525 3706 1557 3759 Et
1573 3704 1645 3776 quod
1661 3721 1711 3760 ειι-

915 3796 1047 3868 spectatio
1063 3803 1156 3851 nostra
1171 3802 1244 3851 certa
1259 3792 1303 3861 sit,
1318 3801 1469 3851 constater
1484 3808 1517 3849 eo
1533 3792 1597 3865 quia
1609 3808 1711 3865 exspe-

915 3894 1020 3942 ctamus
1034 3900 1085 3955 per
1100 3883 1239 3955 Spiritum,
1256 3882 1294 3938 sic
1309 3897 1360 3937 nos
1383 3897 1496 3952 sperare
1519 3880 1712 3937 insinuantem.

916 3973 980 4028 ldco
995 3989 1029 4028 ex
1043 3971 1096 4028 lide
1111 3979 1213 4027 tantum
1228 3987 1305 4042 spem
1315 3970 1446 4026 habemus
1458 3990 1465 4037 ;
1477 3970 1586 4026 ricmiri
1602 3969 1713 4026 Christo

916 4063 992 4127 lesu,
1008 4061 1035 4115 id
1051 4069 1092 4117 est
1106 4062 1133 4115 in
1147 4060 1200 4114 lide
1215 4058 1315 4114 Christi
1333 4060 1409 4125 lesu,
1425 4074 1513 4128 usquc
1533 4057 1712 4114 circumcisio

915 4149 1023 4221 aliquid
1038 4150 1124 4215 colet,
1137 4150 1418 4221 nequcproeputium,
1430 4147 1478 4203 ssd
1489 4146 1547 4200 sola
1556 4145 1634 4215 fides,
1651 4161 1713 4217 quoe

916 4245 1070 4293 tamennon
1082 4236 1115 4292 ειι
1125 4235 1222 4304 otiosa,
1235 4236 1282 4291 scd
1288 4240 1438 4307 operetur,·
1448 4249 1499 4290 nec
1505 4231 1711 4302 contumeliose,

873 4318 963 4382 Dsed
977 4325 1223 4398 perdilectionem
1238 4323 1288 4378 Dei
1304 4331 1330 4377 et
1352 4322 1479 4392 proximi.

951 4413 1031 4469 Fides
1046 4412 1102 4467 sola
1127 4411 1199 4466 valet
1222 4410 1250 4465 in
1274 4410 1392 4478 Christo,
1408 4417 1435 4465 et
1458 4409 1486 4464 in
1511 4409 1563 4465 hac
1586 4407 1641 4464 srdc
1665 4423 1715 4465 vos

915 4502 994 4568 benc,
1004 4501 1032 4556 id
1047 4507 1147 4570 ostper
1168 4497 1342 4554 dilectionem
1363 4497 1530 4566 currebatis,
1545 4496 1572 4552 id
1588 4504 1629 4552 est
1644 4512 1714 4567 opo-

915 4588 1051 4645 rabimini.
1068 4587 1122 4643 Sed
1136 4589 1200 4660 quis
1213 4586 1359 4658 impedivit
1370 4602 1416 4642 coa
1426 4584 1645 4640 malesuadendo
1656 4601 1714 4641 nort

916 4677 1025 4734 obedire
1035 4678 1162 4741 ueritati,
1172 4690 1251 4746 quam
1262 4689 1331 4728 ame
1342 4672 1498 4729 didicistis?
1510 4674 1640 4728 Utautem
1651 4671 1716 4728 obe·

915 4765 994 4821 diatis
1017 4763 1135 4829 veritati,
1158 4777 1193 4818 ne
1225 4761 1420 4818 consenseritis
1444 4760 1525 4816 alicui
1552 4759 1712 4829 camalium,

917 4853 978 4925 quia
993 4852 1051 4908 boec
1064 4850 1211 4924 persuasio
1225 4865 1321 4905 eorum
1335 4852 1556 4916 comosicum,
1571 4847 1599 4902 id
1614 4854 1656 4902 est
1671 4863 1716 4904 se-

917 4939 1035 4996 cundnm
1050 4939 1147 5008 Deum,
1165 4940 1213 5011 qui
1227 4944 1278 5009 per
1292 4937 1408 5011 gratiam
1423 4952 1499 4991 suam
1514 4939 1595 4993 cocat
1609 4951 1660 4991 vos
1680 4934 1716 4992 ad

99 5034 179 5092 Licet
199 5031 273 5090 enim
297 5029 421 5089 Christus
443 5029 494 5086 suh
517 5028 579 5103 lege
593 5027 684 5094 fuerit,
709 5027 752 5084 lex
776 5034 868 5084 tamen
917 5044 1045 5099 regnum.
1064 5027 1129 5083 ldeo
1143 5042 1178 5081 ne
1192 5024 1396 5095 consenseritis,
1416 5023 1480 5096 quia
1495 5023 1637 5081 modicum
1655 5027 1716 5095 ser-

63 5139 121 5181 non
136 5130 179 5180 εει
193 5121 331 5178 (ιοιιιιιιειε
345 5120 371 5177 ει
386 5119 430 5192 qui
448 5125 590 5192 peccatum
616 5132 671 5172 nou
691 5115 801 5183 habuit;
818 5115 868 5172 sed
917 5120 1057 5183 meatum,
1074 5114 1158 5169 idest
1173 5113 1216 5169 vel
1231 5113 1327 5169 saltem
1338 5127 1500 5180 consensus,
1517 5111 1560 5168 uel
1575 5111 1634 5168 sola
1649 5127 1717 5183 per-

64 5229 100 5270 ex
115 5211 177 5268 sola
198 5210 323 5267 libertate
346 5207 423 5275 iecit,
447 5205 578 5280 quidquid
602 5204 674 5260 iecit.
690 5205 723 5260 Et
744 5205 806 5277 quia
822 5203 868 5260 filli
918 5204 1020 5271 suasio,
1036 5203 1080 5259 vel
1094 5201 1132 5258 illi
1145 5202 1225 5273 pauci
1239 5200 1310 5256 male
1325 5200 1481 5268 suadentes,
1505 5200 1567 5267 hoc,
1593 5200 1715 5270 inquam,

64 5302 163 5357 liberae
177 5314 292 5364 snmns;
309 5304 396 5369 etpcr
405 5295 541 5352 Christum
551 5293 703 5349 libertatem
719 5293 869 5364 apprehen·
918 5291 1054 5348 modicum
1069 5291 1227 5363 corrumpit
1238 5293 1327 5346 totum
1337 5306 1471 5354 morsum,
1484 5296 1510 5344 et
1525 5288 1588 5344 iacit
1598 5284 1717 5356 acidam,

64 5389 168 5456 dimus,
182 5386 253 5443 sicut
268 5401 302 5442 ex
316 5383 412 5441 eadem
435 5383 498 5457 lege
519 5391 612 5454 aperte
630 5380 776 5454 colligitur,
793 5380 868 5436 inse-
918 5381 945 5436 id
960 5389 1001 5436 est
1014 5379 1057 5438 vel
1071 5387 1153 5436 totam
1167 5377 1327 5443 Ecclesiam,
1345 5378 1388 5434 vel
1403 5377 1494 5433 omnia
1515 5377 1589 5431 bona
1603 5388 1714 5430 eorum.

64 5477 113 5535 nia
126 5483 224 5544 estut,
239 5473 287 5550 qui
300 5488 350 5546 per
362 5471 443 5528 fidem
458 5470 594 5538 liberast,
611 5485 721 5527 servum
736 5485 766 5527 se
787 5469 870 5529 laciat
918 5469 1055 5526 Modicum
1069 5467 1178 5541 quidem
1193 5466 1355 5528 termentum
1380 5463 1530 5536 corrumpit
1544 5470 1629 5520 totam
1643 5477 1720 5522 maa-
