3750 5984
785 161 874 220 vise.
899 193 935 208 -
957 163 1021 222 ata.
1044 165 1077 221 V.

1145 402 1749 432 *ῄ--ψι

618 551 837 646 LIBER
895 547 1238 664 QUINTUS.

369 936 482 995 CAPUT
500 937 645 994 PRIMUM.
919 938 1060 1006 Auernis,
1077 941 1265 1000 assistentibus
1292 945 1501 1020 obsequentium
1516 951 1644 1021 catervis,
1665 968 1758 1024 quam·
1779 1023 1781 1026 .

108 1026 423 1080 heimmeaettotedtoiaae
443 1029 476 1080 ad
491 1029 600 1080 iomanes
620 1027 779 1090 amorosa,
804 1040 859 1090 lut!
880 1027 909 1079 5²⁸
957 1032 999 1089 vis
1011 1033 1157 1103 jacentem,
1185 1036 1294 1094 ambite.
1328 1038 1424 1093 iterata
1449 1046 1581 1110 praeterca
1621 1040 1682 1097 Filii
1708 1042 1763 1099 mei

141 1094 534 1224 gpgluiga'iumabowa
544 1095 910 1226 ugmxtgrfflggaafflm
959 1124 1050 1180 votiva
1064 1123 1248 1182 immolatione
1264 1127 1416 1184 convivium
1427 1128 1638 1202 pinguissimum
1652 1131 1764 1186 instrui·

140 1230 267 1279 immeasm
959 1223 995 1275 te,
1013 1230 1067 1286 quo
1083 1223 1110 1270 et
1124 1215 1235 1286 spiritus
1249 1217 1413 1283 anhelasse
1427 1217 1461 1272 de
1475 1218 1674 1275 concertatione
1688 1234 1763 1276 mor·

143 1309 304 1366 Memoriam
332 1311 505 1367 abundantiae
547 1312 686 1367 suavitatis
723 1312 910 1384 divinaeterga
959 1304 1069 1360 talitatis
1082 1304 1192 1371 inolitae,
1209 1305 1258 1360 sed
1270 1306 1328 1374 iam
1343 1305 1483 1376 deposita,
1500 1307 1588 1363 adhuc
1602 1308 1764 1381 irrequietus

107 1417 194 1473 genus
208 1400 356 1454 humanum
371 1400 492 1456 suaviter
515 1389 650 1468 eructans,
668 1399 768 1455 intimis
784 1417 800 1456 a
814 1416 910 1456 secre·
959 1402 986 1449 el
1001 1393 1090 1450 fessus
1105 1394 1133 1449 in
1144 1395 1229 1449 robur
1244 1394 1378 1466 respiret;
1394 1410 1460 1451 08Γο
1488 1412 1595 1469 quoque
1609 1397 1761 1455 habitatore
1838 1394 1841 1400 ’

106 1489 141 1544 tis
154 1488 259 1559 Deique
272 1489 377 1544 amicus
392 1489 480 1561 lingo,
490 1490 549 1545 haec
564 1497 590 1544 et
603 1489 646 1544 his
657 1489 763 1555 similia,
776 1505 836 1561 quae
847 1489 911 1544 sub·
960 1483 1075 1556 pristino
1090 1483 1196 1540 iuterim
1212 1492 1337 1550 vacuata,
1353 1491 1435 1555 atque
1454 1484 1548 1539 matris
1561 1492 1643 1542 terrae
1656 1486 1763 1558 gremio

106 1570 257 1643 inserimus,
273 1577 329 1631 suis
351 1577 501 1649 saepissime
515 1578 542 1632 iu
571 1578 683 1633 odorem
711 1578 852 1635 suavitatis
866 1577 910 1633 in·
961 1574 1075 1630 subinde
1099 1572 1277 1645 confovenda,
1293 1571 1505 1629 sanctificatione
1518 1573 1647 1648 irrigetur
1663 1576 1762 1648 gratis-

107 1666 221 1739 gerebat
244 1665 419 1720 auditoribus.
446 1665 523 1732 Cum,
544 1665 612 1722 siout
640 1666 739 1733 aiebat,
767 1667 911 1722 innumera
961 1665 1038 1731 sima,
1055 1671 1189 1735 quatenus
1217 1663 1267 1718 sub
1295 1661 1339 1717 die
1366 1661 1470 1727 ultima,
1486 1663 1683 1732 contubernali,
1700 1664 1764 1720 olim

106 1771 168 1827 quae
182 1754 282 1810 divinae
303 1753 336 1808 ad
360 1753 498 1809 hominem
527 1754 680 1811 dilectionis
706 1755 844 1811 declarant
857 1756 911 1810 im·
960 1752 1138 1826 praecognito,
1168 1751 1365 1808 delectabiliter
1388 1751 1532 1817 socianda,
1548 1751 1675 1811 alacriter
1685 1753 1763 1810 rello

107 1843 289 1908 mansuetem,
306 1858 340 1898 ea
362 1858 445 1914 quam
464 1842 582 1898 maxime
605 1843 676 1899 inter
698 1852 796 1900 caetera
810 1859 912 1915 praero·
961 1851 1027 1910 reat,
1043 1841 1180 1897 viriditate
1193 1849 1294 1897 aeterna
1314 1839 1429 1896 feliciter
1442 1839 1587 1896 induenda.
1607 1865 1618 1890 a

105 1931 226 2004 gativam
241 1930 388 2004 singularis
417 1930 582 1987 excellentia
609 1940 757 1987 noscuntur
783 1932 912 2004 praeferre
997 1929 1158 2001 Huiusmodi
1179 1929 1340 1985 seutentiam
1367 1945 1418 2000 per
1444 1929 1551 2002 singula
1573 1929 1655 2002 plena
1681 1930 1764 1987 verba

107 2036 168 2091 quae
182 2018 225 2075 vel
240 2027 302 2074 ante
317 2019 436 2075 hominis
450 2028 549 2087 ortum,
565 2020 609 2077 vel
636 2029 698 2092 post
726 2021 811 2092 ipsius
830 2037 910 2078 occa·
961 2022 996 2077 de
1011 2019 1122 2093 benigni
1136 2019 1290 2075 conditoris
1305 2019 1377 2075 circa
1392 2018 1534 2076 defunctos
1549 2018 1694 2075 clementia
1703 2033 1765 2091 pro·

108 2123 169 2163 sum
182 2107 285 2163 homini
301 2123 356 2163 non
371 2107 471 2163 desinit
485 2108 620 2165 conferre.
639 2110 673 2166 Ut
689 2109 761 2165 onim
776 2110 810 2165 de
825 2109 914 2166 horni-
961 2109 1061 2177 ferens,
1080 2109 1124 2165 hio
1141 2109 1199 2179 eius
1214 2108 1425 2179 dispensationis
1439 2107 1467 2163 in
1481 2107 1573 2164 multis
1596 2108 1722 2164 conscius
1735 2115 1763 2163 et

104 2195 195 2263 nibus,
211 2196 258 2268 qui
272 2196 355 2252 modo
370 2196 492 2252 oriuntur
505 2205 532 2252 et
546 2197 673 2254 occidunt
688 2213 775 2270 pauca
792 2198 913 2271 attinga—
963 2200 1050 2256 fidelis
1064 2199 1206 2270 interpres,
1217 2196 1358 2253 evidenter
1370 2198 1436 2252 satis
1447 2196 1624 2269 prudentibus
1633 2197 1763 2253 innuebat

106 2301 177 2352 mus,
194 2293 256 2339 ante
271 2285 401 2356 cujusque
415 2293 519 2352 ortum,
535 2302 591 2342 suae
607 2301 657 2357 pro
672 2301 704 2342 eo
719 2286 814 2342 mortis
841 2296 940 2357 pre-B
955 2304 1073 2364 quonam
1087 2286 1194 2354 affeetu,
1210 2303 1298 2360 quove
1312 2294 1449 2358 respectu,
1465 2293 1494 2342 ut
1509 2293 1612 2341 tantam
1626 2285 1764 2358 sepelien-

106 2373 173 2428 tium
182 2374 255 2428 Deus
268 2373 317 2428 Dei
328 2373 410 2428 Filius
420 2373 503 2444 dedit,
515 2374 588 2430 Deus
603 2375 683 2430 Pater
692 2375 818 2431 eumdem
829 2392 907 2432 suurn
956 2381 999 2437 dis
1013 2393 1107 2436 curam
1122 2375 1270 2446 exhiberet,
1296 2375 1448 2432 duceretur.
1471 2374 1600 2431 Generali
1627 2374 1762 2447 siquidem

107 2461 204 2516 Filium
219 2461 248 2515 in
258 2462 510 2534 mundumubpro
524 2463 634 2519 homine
649 2472 811 2530 moreretur,
823 2464 905 2528 misit.
956 2467 1117 2525 inhibitione
1131 2473 1264 2521 statuerat
1278 2480 1313 2520 ne
1340 2465 1369 2520 in
1396 2463 1477 2530 villis,
1493 2463 1539 2518 ubi
1549 2463 1613 2535 ipse
1640 2479 1762 2535 praesens

109 2551 183 2605 Deus
198 2550 315 2621 Spiritus
334 2551 456 2622 seipsum
470 2550 552 2606 etiam
566 2552 594 2606 in
608 2551 707 2625 pignus
721 2551 823 2608 effudit.
840 2554 908 2609 Tota
957 2558 1069 2626 luisset,
1089 2555 1218 2611 sacerdos
1242 2552 1406 2625 parochialis
1426 2551 1574 2624 quemlibet
1592 2551 1760 2620 defunctum,

106 2638 189 2694 etiam
205 2639 285 2693 simul
304 2638 431 2707 Trinitas,
462 2655 531 2695 unus
547 2641 630 2706 Deus,
648 2648 828 2708 sacramenta,
845 2641 907 2714 qui·
958 2645 1110 2719 praesertim
1137 2642 1222 2699 aetatis
1242 2643 1298 2712 jam
1324 2641 1431 2710 adulta,
1451 2641 1568 2697 traderet
1603 2640 1761 2713 sepultura,

108 2727 159 2781 bus
173 2742 237 2782 mox
250 2734 329 2782 natus
344 2736 370 2783 et
383 2729 528 2784 mundetur
557 2736 584 2784 et
597 2729 735 2785 muniatur
750 2737 776 2786 et
792 2730 907 2786 robore·
957 2734 1010 2790 nisi
1024 2733 1104 2799 forte,
1121 2731 1213 2804 aliquo
1227 2731 1351 2787 obstante
1376 2729 1560 2796 incommodo,
1576 2728 1624 2786 illo
1638 2729 1667 2785 id
1684 2745 1764 2786 exse-

108 2822 163 2883 tur,
190 2815 305 2870 instituit
321 2832 327 2870 :
343 2831 375 2872 ac
389 2815 460 2890 legis
475 2832 530 2873 suae
545 2817 728 2885 adminicula,
746 2818 846 2891 quibus
859 2834 908 2875 re·
957 2823 1004 2896 qui
1018 2837 1073 2877 non
1088 2820 1205 2886 valente,
1218 2819 1252 2875 de
1267 2819 1376 2874 suaboc
1386 2818 1476 2889 ipsum
1486 2816 1667 2889 permissione
1677 2817 1763 2872 adim·

108 2911 228 2977 gelaret
243 2904 389 2971 erudiatur,
402 2906 548 2974 concessit,
565 2905 672 2979 aliaque
688 2907 753 2962 satis
764 2906 910 2979 inexplica-
956 2912 1054 2985 ploret.
1066 2912 1107 2966 De
1121 2907 1221 2965 adultis
1236 2923 1301 2964 vero
1315 2906 1451 2979 praecipue
1473 2906 1583 2964 volebat
1609 2906 1760 2974 observari,

108 2993 184 3061 bilia,
202 2992 309 3049 utilitati
323 2992 408 3064 ipsius
423 2994 541 3050 hominis
555 2995 740 3067 multipliciter
753 2994 906 3068 prolatura,
959 3000 1023 3073 quia
1051 2999 1112 3068 his,
1140 2996 1164 3053 si
1191 2995 1363 3052 laudabiliter
1385 2995 1525 3065 vixissent,
1554 2994 1762 3067 propensiorem

109 3080 229 3137 indulsit.
246 3079 334 3150 Quem
357 3090 420 3154 post
440 3082 501 3139 vitae
514 3082 648 3139 instabilis
672 3100 793 3152 cursum,
810 3100 908 3141 occasu
959 3088 1060 3146 sciebat
1087 3085 1183 3142 deberi
1217 3082 1470 3152 honorificentiam
1495 3084 1538 3138 sin
1563 3091 1654 3140 autem
1680 3084 1762 3140 vitam

109 3177 279 3241 praeventum
302 3171 377 3242 (cum
391 3185 408 3226 a
422 3171 488 3238 suia,
505 3171 572 3227 olim
586 3172 764 3240 charissimis,
780 3188 836 3230 non
849 3172 909 3229 sine
958 3176 1099 3231 duxissent
1114 3172 1288 3246 culpabilem,
1299 3180 1414 3229 noverat
1436 3187 1485 3228 eos
1509 3172 1663 3229 uberiorem
1689 3171 1763 3229 desi·

108 3258 188 3314 taedio
203 3259 322 3332 quodam
350 3258 504 3331 recipitur,
534 3260 599 3316 dum
624 3262 742 3334 propriis
771 3262 909 3334 quondam
958 3265 1055 3322 derare
1069 3261 1276 3320 interventionis
1291 3261 1457 3317 instantiam.

108 3347 213 3403 adibus
228 3346 308 3403 anxia
323 3348 440 3419 quadam
461 3356 605 3421 parentum
620 3357 647 3406 et
660 3348 778 3406 liborum
793 3349 909 3406 lestina-
994 3353 1053 3409 lbet
1067 3352 1150 3426 igitur
1176 3351 1281 3423 passim
1304 3351 1340 3406 ad
1363 3350 1518 3418 universos,
1538 3350 1644 3423 eisque,
1659 3358 1689 3406 ut
1702 3365 1763 3407 mos

108 3434 182 3491 tione
210 3434 382 3508 propellitur)
418 3436 572 3509 gratissima
605 3437 656 3494 Dei
684 3437 727 3494 sui
754 3438 909 3510 benignitas
959 3443 1043 3517 exigit
1057 3441 1277 3508 ecclesiasticus,
1293 3456 1355 3497 cum
1380 3454 1487 3495 summa
1510 3438 1650 3497 alacritate
1677 3440 1762 3496 ohse-

107 3523 177 3591 sola,
192 3539 209 3579 a
223 3525 331 3580 caeteris
346 3525 516 3597 despectum,
532 3542 588 3582 non
602 3535 777 3598 aspernatur.
793 3529 908 3583 Extem-
959 3531 1053 3604 quium
1067 3528 1210 3599 exhibens,
1233 3528 1399 3601 pauperibus
1423 3528 1568 3584 luminaria
1590 3527 1635 3584 vel
1663 3536 1763 3585 caetera

106 3613 153 3684 plo
166 3627 294 3685 namque,
310 3629 366 3669 non
381 3612 469 3669 solum
485 3614 596 3686 spiritus
610 3615 751 3689 angelicos
765 3615 794 3671 in
807 3616 906 3688 prasi·
958 3622 987 3676 in
1006 3620 1145 3676 funeribus
1161 3618 1316 3674 desiderata
1338 3633 1389 3690 per
1412 3616 1656 3688 eleemosynarium
1682 3633 1762 3673 suum

107 3701 181 3756 dium
195 3701 302 3769 animae,
318 3702 353 3758 ad
367 3719 447 3759 suum
462 3703 607 3761 Factorem
622 3696 771 3760 remeantis
798 3703 903 3778 dirigit,
956 3709 1127 3766 abundanter
1147 3706 1349 3763 subministrari
1375 3705 1554 3779 procurabat.
1584 3705 1613 3762 Si
1641 3706 1760 3778 quando,

105 3806 201 3846 verum
219 3790 302 3846 etiarn
329 3791 435 3862 primos
463 3807 495 3848 ac
518 3793 682 3864 praecipuos,
699 3808 768 3865 quos
783 3792 811 3847 in
827 3793 906 3850 terris
956 3799 1022 3854 dum
1038 3798 1091 3853 iter
1106 3804 1211 3869 ageret,
1229 3803 1255 3852 et
1270 3794 1353 3852 lunas
1365 3795 1394 3850 in
1408 3794 1550 3867 quodlibet
1564 3793 1761 3856 coemeterium.

106 3879 199 3948 hahet,
222 3878 370 3947 ministros,
401 3881 558 3937 sacerdotes
585 3881 712 3938 videlieet
741 3889 768 3937 et
782 3881 862 3953 alios,
877 3881 906 3938 in
957 3896 986 3942 ut
1000 3885 1107 3943 humari
1120 3885 1243 3954 deberet,
1261 3884 1397 3956 perlatum
1411 3883 1602 3955 conspiceret,
1618 3882 1764 3940 confestim

109 3967 196 4024 saeris
206 3967 349 4023 ordinibus
363 3968 477 4040 positos,
490 3970 518 4025 in
528 3970 690 4042 obsequium
701 3969 804 4027 funeris
815 3971 905 4029 mittit.
957 3989 1028 4048 equo
1043 3972 1239 4041 descendebat,
1256 3979 1284 4028 et
1312 3971 1348 4027 ad
1372 3969 1503 4029 feretrum
1518 3971 1664 4039 accedens,
1681 3986 1713 4028 ac
1728 3970 1764 4027 ali

107 4056 155 4111 Eis
179 4056 261 4111 etiam
290 4057 492 4130 quodammodo
521 4058 611 4116 dicit:
630 4082 641 4108 v
660 4059 786 4130 Cernitis,
809 4059 906 4134 inquit,
958 4063 1118 4137 quantisper
1132 4078 1224 4129 orans,
1241 4060 1265 4117 si
1285 4060 1451 4116 librumnon
1473 4060 1588 4117 haberet
1602 4068 1763 4132 competen-

106 4145 297 4202 osacerdotes
311 4147 374 4214 mei,
390 4154 417 4203 et
441 4163 585 4216 meorum,
601 4164 662 4220 quaa
675 4149 704 4203 in
717 4148 820 4205 mundo
834 4157 906 4217 sunt,
958 4160 1023 4218 tem,
1040 4151 1137 4223 inquo
1166 4148 1320 4206 innoffense
1334 4149 1440 4222 legeret
1455 4151 1528 4218 (cum
1540 4150 1598 4218 jam
1613 4149 1686 4206 circa
1701 4149 1763 4206 die·

107 4233 269 4304 palatiorum
295 4235 396 4303 reditui,
427 4236 538 4292 cernitis
562 4235 695 4293 facturam
711 4253 809 4308 meam,
826 4252 909 4309 quarn
959 4257 1019 4296 rum
1031 4240 1090 4308 ejus
1098 4247 1217 4295 extrema
1230 4237 1334 4310 aliquid
1345 4236 1418 4292 soliti
1428 4237 1561 4293 acuminis
1572 4237 1659 4294 oculis
1677 4238 1763 4309 ipsius

107 4338 217 4394 semper
232 4323 331 4392 amavi,
347 4340 397 4395 pro
412 4339 466 4397 qua
480 4324 547 4380 Filio
561 4341 624 4381 meo
634 4326 780 4398 Unigenito
794 4342 850 4381 non
864 4342 910 4399 pe
960 4327 1136 4400 deperiisset)
1157 4326 1259 4397 junctis
1275 4325 1437 4398 presbytero
1451 4326 1588 4398 exsequiis
1602 4325 1762 4394 celebranti,

107 4411 193 4482 perci,
209 4412 334 4468 sedeam
347 4412 556 4469 immortalitatis
570 4414 656 4485 ipsius
671 4423 698 4471 et
722 4414 817 4470 mortis
841 4430 907 4487 par·
960 4416 1083 4490 psalmos
1098 4431 1160 4472 oum
1176 4431 1209 4472 eo
1237 4413 1396 4472 decantabat
1424 4421 1451 4470 et
1479 4414 1610 4472 collectas
1624 4415 1763 4472 inchoanti

109 4500 218 4570 ticipem
234 4500 308 4556 leci?
334 4501 456 4568 cernitis,
472 4502 599 4575 inquam,
630 4504 687 4559 suis
714 4505 784 4559 hanc
812 4504 910 4561 amicis
960 4504 1004 4561 vel
1027 4503 1185 4577 complenti,
1210 4519 1290 4560 amen
1318 4511 1345 4559 et
1372 4503 1424 4558 aha
1456 4503 1660 4574 respondendo,
1676 4504 1764 4561 ricem

107 4589 243 4660 quondam
260 4597 286 4644 et
307 4590 469 4646 necessariis
480 4590 606 4648 effectum
616 4592 702 4659 oneri,
714 4592 786 4648 hano
801 4608 910 4665 quoque
960 4593 1076 4659 clerici,
1097 4609 1132 4649 ne
1162 4593 1321 4662 dixerimus,
1352 4591 1452 4660 idiotae,
1473 4593 1647 4664 adimplebat.
1666 4593 1763 4649 Sinon

108 4677 143 4732 ab
158 4676 198 4732 eis
213 4677 292 4750 quasi
307 4679 488 4734 turbulentam
502 4680 564 4748 ejici
579 4688 606 4737 et
624 4680 749 4753 expelli?
762 4681 812 4737 Eia
826 4680 909 4737 lesti-
962 4681 1093 4740 doluisset
1106 4682 1193 4739 codex
1209 4681 1335 4750 idoneus,
1350 4681 1421 4753 ipse,
1444 4681 1518 4754 quod
1528 4681 1679 4738 sacerdotis
1693 4689 1761 4750 erat,

106 4774 204 4822 nanter
219 4767 329 4836 currite,
346 4775 373 4823 et
387 4768 521 4825 occurrite
536 4769 571 4824 ad
586 4785 630 4825 me
645 4769 824 4843 confugienti,
841 4769 911 4826 ima·
962 4772 1189 4844 prosequebatur,
1204 4769 1342 4828 orationes
1356 4769 1546 4842 pronuntians,
1562 4785 1660 4842 aquam
1674 4768 1762 4828 bene·

107 4853 200 4926 ginem
215 4853 264 4910 lilii
277 4855 341 4922 mei,
356 4871 408 4928 pro
423 4872 455 4912 aa
480 4856 612 4925 crucifixi,
629 4873 690 4914 cum
718 4859 912 4931 thymiamate·
962 4858 1062 4915 dicum
1082 4856 1244 4931 a'spergens,
1260 4857 1427 4915 thuribulum
1441 4856 1646 4924 circumferens,
1662 4865 1762 4915 terram

105 4942 154 4998 riis
169 4950 195 4999 ct
210 4944 298 5000 cereis
314 4944 455 5014 assumite,
471 4945 603 5004 Ecclesia
623 4962 691 5004 meae
706 4947 787 5021 signa
812 4948 841 5004 in
864 4963 912 5005 so-
963 4964 1046 5020 super
1057 4947 1162 5017 jaciens
1177 4989 1185 5019 ,
1201 4962 1234 5005 ao
1253 4947 1358 5020 reliqua
1372 4946 1445 5002 illius
1460 4945 1539 5002 officii
1552 4945 1667 5003 sollicite
1681 4962 1761 5004 com-

105 5031 196 5088 lemno
210 5032 358 5090 classicum
373 5035 519 5104 concutite,
535 5035 649 5093 vocibus
673 5036 836 5109 hymnidicis
852 5011 949 5095 ela-D
962 5037 1042 5109 plens
1073 5043 1099 5092 et
1122 5043 1184 5109 post
1210 5035 1410 5093 absolutionem
1431 5051 1493 5092 cum
1507 5034 1697 5093 benedictione
1711 5036 1763 5094 iter

106 5121 164 5177 rius
174 5130 345 5194 concrepate,
358 5123 476 5180 basilica
483 5140 553 5181 meae
560 5123 634 5182 fores
644 5133 670 5182 et
679 5127 772 5183 abdita
782 5126 914 5185 interiora
963 5133 1081 5198 coeptum
1102 5132 1262 5197 peracturus
1283 5124 1384 5181 adibat.

106 5210 229 5281 pandite,
237 5211 402 5284 neclongius
413 5212 445 5267 ab
453 5228 499 5269 ara
507 5213 568 5270 Filii
577 5215 736 5288 mcicorpus
745 5216 911 5288 continente,
999 5214 1163 5288 Plerumque
1187 5221 1278 5271 autem
1293 5214 1321 5270 in
1344 5212 1451 5288 magnis
1466 5213 1621 5271 consistens
1635 5215 1760 5286 urbibus,

106 5313 158 5355 uec
186 5298 294 5370 longius
323 5299 358 5354 ab
382 5316 432 5356 ara
454 5301 514 5357 Filii
540 5302 594 5358 mei
621 5319 721 5375 eorpus
746 5305 913 5380 continente,
963 5304 1028 5360 dum
1043 5304 1177 5359 adunam
1196 5302 1546 5375 quemlibetsepeliendum
1567 5303 1759 5375 processisset,

105 5384 198 5442 fratris
213 5386 284 5442 illius
298 5395 343 5443 eut
357 5389 461 5445 sororis
467 5389 573 5462 lipsana
581 5390 722 5463 deponite;
738 5392 828 5464 palliis
842 5409 910 5466 quo-
961 5392 1155 5449 nnntiabantur
1169 5392 1194 5449 ei
1208 5391 1252 5448 alii
1266 5399 1347 5464 atque
1373 5391 1429 5461 alii,
1445 5392 1547 5464 passim
1561 5408 1610 5464 per
1636 5392 1761 5449 diversas

107 5490 160 5547 que
174 5475 433 5548 deniquepretiosia
460 5478 581 5535 laetitiam
608 5479 681 5536 illius
706 5496 779 5538 nunc
799 5481 909 5538 demum
960 5481 1090 5538 eeclesias
1104 5479 1274 5554 sepeliendi3
1289 5481 1336 5554 qui
1358 5495 1458 5555 magna
1473 5495 1535 5538 eum
1548 5479 1689 5539 alacritate
1702 5480 1762 5538 uni-

106 5563 297 5635 triumphantis
312 5564 452 5635 redhnite,
469 5566 567 5639 stipate
580 5567 752 5642 lampadibus
765 5576 846 5644 atqve
862 5569 908 5629 lu·
958 5585 1053 5632 versos
1080 5570 1181 5642 adibat,
1196 5569 1333 5629 universis
1360 5568 1518 5645 singiliatim
1531 5568 1652 5629 debitum
1677 5586 1760 5644 sepe·
