3742 5986
745 147 1048 210 CONSUETUDHSES.

697 276 963 334 CAPITULUM
989 276 1091 332 XXI.

781 373 820 429 Dc
832 374 1009 430 mulieribus.

112 468 137 519 l.
153 465 281 522 Mulieres
292 467 424 523 terminos
438 467 542 524 intrare
557 477 666 526 nostros
685 485 856 543 nequaquam
886 470 1010 539 sinimm,
1026 471 1143 528 scientes
1169 489 1219 529 nec
1234 472 1399 544 sapientem,
1416 493 1466 532 nec
1481 479 1653 551 prophetam,
1669 496 1721 539 nec

70 562 201 630 judicem,
218 578 269 618 nec
283 563 417 634 hospitem
432 565 492 630 Dei,
508 582 558 621 nec
574 566 653 635 filios,
670 584 721 625 nec
736 568 826 641 ipsum
842 568 892 625 Dei
907 568 1055 652 formatum
1070 571 1195 626 manibus
1209 572 1406 644 protoplastum
1430 575 1550 646 potuisse
1573 578 1720 637 blanditias
1793 623 1796 630 .

73 661 190 716 evadere
205 660 249 716 vel
263 661 375 716 fraudes
390 662 544 719 mulierum.

110 762 137 814 2.
155 758 293 826 Salomon,
311 760 408 826 David,
425 760 561 829 Samsom,
578 763 636 831 Lot,
652 771 678 820 et
693 764 739 836 qui
754 772 915 836 acceperunt
930 766 982 821 sibi
996 783 1095 823 uxores
1111 784 1179 840 quas
1192 769 1334 843 elegerant
1347 779 1374 826 et
1388 772 1476 828 Adam
1490 773 1519 830 in
1534 784 1653 832 mentem
1677 793 1720 834 re-

73 855 159 925 niant,
175 872 226 912 nec
240 872 322 928 posse
337 858 475 916 hominem
490 868 535 915 aut
548 861 641 933 iguem
656 862 684 917 in
705 863 765 918 sinu
780 863 961 931 abscondere,
977 873 1006 919 nt
1021 865 1183 922 vestimenta
1205 867 1278 923 illius
1303 884 1358 925 non
1379 870 1504 939 ardeant,
1521 880 1567 929 ant
1581 873 1721 932 ambulare

72 968 156 1024 super
169 968 271 1024 prunas
287 955 388 1026 plantis
402 957 503 1026 illaesis,
516 966 561 1013 aut
576 958 665 1030 picem
681 968 793 1031 tangere
804 977 855 1017 nec
869 961 1016 1034 inquinari.

109 1055 135 1105 3.
152 1052 200 1106 llis
215 1052 338 1124 expletis,
355 1055 389 1110 de
404 1054 480 1111 celle
494 1056 674 1114 observantiis
688 1058 865 1115 disseramus.
877 1058 912 1115 Et
926 1060 1054 1132 quoniam
1068 1060 1229 1133 incipientes
1244 1063 1364 1121 novitios
1374 1080 1515 1133 vocamus,
1534 1067 1567 1125 de
1582 1068 1649 1139 ipsis
1662 1069 1718 1142 pri·

71 1164 119 1206 mo
140 1166 201 1222 quaa
221 1151 389 1207 occurrerint
402 1152 567 1211 intimemus.

748 1247 947 1304 CAPITULUM
961 1249 1049 1304 XXII.

816 1346 853 1401 Dc
868 1347 983 1402 novitio.

109 1439 135 1490 l.
151 1435 259 1494 Novitio
272 1437 361 1512 itaque
375 1439 589 1497 misericordiam
604 1441 750 1514 postulanti
764 1442 834 1498 dura
854 1450 1043 1516 proponuntur
1071 1449 1097 1499 et
1111 1457 1211 1514 aspera
1222 1450 1332 1516 totaque
1347 1443 1435 1501 vilitas
1450 1453 1476 1502 et
1490 1447 1620 1519 asperitas
1643 1446 1716 1518 n'itae,

71 1549 153 1604 quam
168 1535 259 1592 subire
281 1537 428 1606 desiderat,
444 1548 523 1609 prout
538 1538 595 1595 fieri
609 1549 707 1613 potest,
725 1549 787 1598 ante
802 1541 895 1597 oculos
908 1540 1026 1613 ponitur.
1042 1540 1084 1596 Ad
1100 1557 1159 1613 quaa
1172 1540 1195 1595 si
1209 1540 1409 1612 imperterritus
1433 1543 1562 1599 manserit
1573 1552 1604 1600 et
1617 1544 1717 1601 immo·

67 1639 122 1700 tus,
139 1633 285 1707 elegitque,
298 1636 374 1705 juxta
389 1637 496 1693 beatum
510 1638 562 1694 tob
576 1640 636 1710 (vn,
653 1639 707 1710 15),
719 1639 897 1712 suspendium
911 1639 940 1711 (a
953 1638 1142 1709 temporalium
1156 1637 1283 1694 videlicet
1296 1639 1401 1711 amore)
1416 1639 1507 1695 anima
1521 1641 1590 1710 ejus,
1607 1648 1633 1698 et
1645 1658 1716 1702 mor·

67 1736 123 1785 tarn
139 1731 185 1804 qdc
199 1749 253 1804 qua
269 1733 367 1791 dicitur
382 1753 389 1790 ε
404 1736 435 1792 sr·
449 1754 655 1794 commonemur
665 1742 693 1794 ef
705 1741 883 1795 connivemus
897 1736 934 1810 [ll
949 1737 1018 1792 Tim.
1035 1733 1077 1806 rt]
1091 1733 1101 1805 )
1116 1749 1180 1790 ossa
1195 1735 1273 1806 ejus;
1288 1733 1492 1806 promptissime
1502 1737 1716 1810 spondenspro·
1765 1753 1771 1761 ·

67 1833 131 1896 pter
149 1828 231 1882 verba
246 1828 380 1885 labiorum
394 1831 502 1888 Domini
523 1841 647 1903 paratum
662 1851 692 1890 se
707 1835 843 1891 custodire
866 1833 925 1890 vias
939 1834 1038 1901 duras3
1053 1842 1118 1888 tunc
1132 1831 1241 1888 demum
1257 1832 1386 1889 suadetur
1400 1833 1435 1899 ei,
1447 1835 1574 1891 omnibus
1598 1837 1644 1908 qui
1668 1838 1716 1893 ad-

61 1938 167 1988 sersus
182 1940 244 1979 eum
258 1926 360 1999 aliquid
373 1928 482 2000 habent,
495 1931 572 1999 juxta
599 1932 788 2004 Evangelium,
805 1930 983 1988 reconciliari.
997 1931 1031 1992 Et
1045 1930 1068 1985 si
1083 1930 1148 2002 quid
1161 1930 1280 2002 aliquem
1294 1931 1473 2000 defraudavit,
1490 1941 1516 1988 et
1530 1933 1554 1988 si
1568 1949 1622 1990 non
1644 1951 1715 2007 qua·

65 2021 203 2092 druplnm,
220 2032 248 2081 ut
262 2027 401 2095 Zacbaeus,
418 2029 547 2100 simplum
561 2029 668 2097 saltem,
685 2031 707 2085 si
722 2030 802 2086 habet
818 2031 899 2098 unde,
915 2028 1067 2085 restituere.
1094 2028 1127 2082 Et
1146 2027 1209 2099 quia
1222 2028 1443 2101 congregationis
1457 2030 1538 2099 hujus
1553 2039 1652 2102 quotus
1666 2047 1714 2088 es-

66 2128 109 2175 set
123 2121 222 2178 debeat
236 2131 326 2180 certus
341 2134 383 2181 est
396 2143 534 2193 numerus,
550 2136 641 2184 certus
655 2128 689 2196 ei,
706 2145 792 2202 usque
807 2128 842 2184 ad
857 2141 938 2200 quern
954 2125 1047 2182 venire
1063 2123 1171 2190 debeat,
1187 2123 1267 2179 datur
1282 2133 1308 2180 et
1323 2125 1462 2181 terminus.

769 2250 1054 2308 COMMENTARIUS.

66 2351 131 2400 sunt
141 2343 239 2400 fratres
254 2344 313 2402 laici
328 2354 393 2418 quot
416 2347 550 2404 monachi.
579 2348 684 2405 iunctis
699 2365 765 2423 ergo
783 2348 900 2414 simul'A
915 2347 1058 2414 charitate,
1074 2354 1104 2402 ut
1127 2361 1220 2402 eorum
1234 2346 1262 2400 in
1277 2345 1368 2401 dando
1397 2345 1436 2401 illi
1461 2347 1645 2418 propensione
1658 2364 1712 2405 un·
1727 2346 1733 2357 '

62 2420 210 2489 ⁸monacbis
225 2433 386 2503 carthusia,
403 2435 538 2493 Curreriae
556 2444 582 2493 et
609 2437 716 2504 Calesii
735 2453 864 2494 numerus
915 2452 995 2519 quam
1029 2434 1105 2491 abuti
1134 2434 1284 2501 voluisset;
1300 2434 1427 2490 omnibus
1449 2436 1523 2491 enim
1550 2436 1635 2493 dicit:
1650 2438 1712 2496 nm

65 2537 163 2576 eorum
178 2522 212 2577 ad
235 2523 429 2596 quinquaginta
458 2525 576 2598 quinque
602 2526 709 2583 circiter
731 2527 862 2595 ascendit,
915 2525 1070 2596 querimus
1094 2539 1156 2596 qma
1183 2526 1278 2578 vestro
1291 2527 1368 2586 rant,
1397 2522 1446 2579 red
1465 2539 1511 2580 vos
1524 2523 1570 2595 (tl.
1588 2523 1711 2593 Commi,

63 2610 180 2667 balium
196 2627 262 2669 rero
276 2612 388 2669 totidem
405 2629 412 2668 τ
429 2615 508 2670 etsie
531 2614 621 2671 totalis
648 2632 779 2671 numerus
797 2632 863 2686 per·
902 2605 970 2683 Η).
987 2611 1100 2683 Accepit
1116 2610 1302 2666 tantummodo
1316 2617 1447 2683 quantum
1475 2612 1551 2680 satis,
1566 2620 1596 2667 ut
1618 2621 1713 2684 posset

64 2711 194 2751 sonarum
209 2697 321 2764 ordinis,
338 2698 436 2770 quibus
450 2707 600 2755 conventus
616 2700 767 2755 carthusiae
791 2701 864 2756 intus
913 2701 948 2756 de
962 2700 1080 2772 propriis
1095 2699 1199 2772 relique
1213 2696 1355 2770 perficere.
1372 2699 1425 2754 Ista
1440 2700 1476 2754 ad
1499 2700 1713 2757 consolationem

64 2792 92 2840 et
103 2792 178 2840 extra
188 2786 368 2857 componitur,
380 2786 414 2842 ad
424 2795 531 2844 centum
541 2795 566 2844 ct
584 2790 680 2845 decem
700 2789 862 2845 extenditur.
913 2795 1085 2860 posterorum
1113 2796 1270 2844 nostrorum
1291 2787 1372 2858 paulo
1399 2787 1485 2843 fusius
1512 2788 1712 2860 explicuimus;

102 2873 157 2929 Sed
172 2882 275 2930 restant
288 2875 378 2932 adbuc
393 2884 500 2933 eentum
516 2887 542 2933 et
565 2878 749 2951 quadraginta
777 2879 864 2949 capita
913 2885 939 2933 et
955 2877 978 2932 si
992 2876 1136 2950 loquacius
1150 2875 1196 2932 hic
1209 2875 1311 2947 aliquid
1325 2876 1359 2931 de
1373 2875 1426 2932 hac
1441 2893 1472 2933 re
1486 2876 1612 2945 diximus,
1623 2878 1713 2935 indul·

64 2969 96 3017 ut
109 2979 238 3019 numems
252 2964 392 3020 hominurn
420 2981 503 3037 supra
524 2965 680 3038 assignatus
707 2966 861 3038 impleatur.
912 2966 974 3040 geri
988 2966 1070 3022 etiarn
1085 2965 1165 3021 nobis
1179 2981 1242 3021 curn
1256 2965 1288 3020 R.
1305 2966 1335 3020 P.
1352 2965 1479 3038 Guigone
1501 2980 1693 3037 apprecamur.

63 3050 137 3119 Quid
159 3067 228 3123 opus
243 3062 285 3109 est
298 3054 376 3109 nobis
389 3062 426 3110 tot
451 3056 636 3111 mercenarios
653 3063 680 3111 et
701 3063 739 3111 tot
768 3072 863 3112 servos
948 3054 1015 3110 Car.
1028 3054 1104 3109 XXI.
1120 3084 1155 3094 —
1169 3054 1250 3109 Num.
1265 3054 1431 3110 l.lfolicrar
1449 3057 1708 3112 terminosirrtrcm

63 3139 191 3196 habere?
206 3140 265 3198 Ohl
279 3142 302 3197 si
317 3142 372 3215 qui,
388 3143 462 3210 inde,
477 3144 512 3199 de
527 3143 711 3215 superfluitate
722 3160 862 3201 serrorum
912 3149 1023 3200 nostros
1037 3158 1224 3215 nequaqnam,
1240 3149 1293 3198 etc.
1310 3142 1369 3198 llac
1382 3142 1416 3197 de
1430 3158 1511 3197 causa
1521 3143 1602 3214 primi
1617 3145 1711 3200 Patres

62 3228 164 3284 vellent
178 3245 229 3286 nos
244 3246 369 3304 arguere,
385 3247 507 3287 eremum
518 3232 596 3287 istam
610 3233 646 3287 ad
662 3241 768 3304 tempus
782 3233 862 3290 inco·
912 3232 1037 3289 obtinere
1053 3237 1219 3288 curaverunt
1233 3245 1250 3284 a
1265 3230 1294 3286 S.
1311 3230 1376 3286 sede
1392 3231 1542 3302 apostolica
1554 3231 1710 3306 privilegia,

62 3317 161 3385 ferent,
178 3319 224 3374 ubi
240 3327 353 3392 propter
365 3319 470 3376 viarum
497 3328 524 3377 et
544 3321 666 3377 locorum
700 3322 861 3393 asperitates
912 3322 946 3377 de
963 3320 1062 3393 quibus
1077 3334 1158 3391 supra
1173 3318 1275 3374 dictum
1290 3326 1332 3375 est
1346 3334 1407 3375 curn
1421 3319 1456 3375 de
1477 3320 1602 3376 terminis
1616 3335 1710 3392 agere·

60 3413 91 3462 et
103 3405 310 3478 inaequalitates,
325 3408 434 3464 nonnisi
458 3425 558 3482 magno
572 3409 666 3466 labore
694 3426 778 3481 opera
792 3426 860 3482 pos·
912 3417 964 3466 tur.
981 3409 1036 3466 Sed
1052 3409 1104 3463 ista
1126 3406 1268 3480 privilegia
1292 3406 1343 3462 soli
1356 3406 1449 3463 domui
1465 3408 1616 3465 Carthusiae
1630 3424 1710 3465 com·

62 3503 127 3550 sunt
140 3494 245 3567 perlici,
261 3496 290 3551 in
305 3496 382 3553 brevi
397 3497 534 3553 silentium
546 3497 598 3552 sibi
617 3497 797 3569 imponerent.
818 3499 861 3555 Ad
911 3505 1029 3570 petunt,
1074 3512 1125 3552 nec
1156 3495 1218 3551 aliis
1246 3495 1372 3550 domibus
1406 3495 1553 3552 convenire
1583 3503 1708 3568 possunt,

61 3598 146 3639 onera
173 3591 276 3640 tantum
290 3586 415 3647 vehenda
437 3587 498 3658 plns
519 3603 599 3659 quam
627 3587 724 3659 viginti
742 3587 861 3659 quinque
911 3603 974 3643 cum
987 3587 1014 3641 in
1029 3599 1123 3640 eremo
1138 3582 1287 3639 Carthasim
1300 3584 1391 3639 omnia
1405 3582 1459 3638 sint
1484 3583 1560 3639 unita
1582 3583 1671 3639 simul
1683 3592 1712 3640 et

62 3673 150 3728 servis
172 3673 340 3731 incessanter
367 3675 542 3746 operantibus
555 3695 561 3742 ;
574 3677 610 3731 ad
642 3675 717 3749 ligna
746 3692 860 3749 compo·
912 3674 1050 3748 contigua,
1065 3689 1117 3730 nec
1133 3671 1232 3744 aliquis
1256 3670 1395 3728 secularis
1423 3670 1461 3726 ibi
1487 3671 1589 3743 aliquid
1607 3672 1709 3728 babeat

62 3761 152 3816 nenda
167 3769 193 3818 et
207 3762 366 3830 scindenda,
390 3771 445 3818 turn
460 3764 495 3819 ad
509 3764 610 3836 ignem,
636 3765 741 3820 turned
760 3765 859 3821 dolan-
911 3763 984 3836 quod
999 3761 1225 3834 continguitatem
1247 3760 1320 3815 illam
1333 3759 1560 3831 interrumpat.1n
1574 3759 1709 3818 aliisrero

60 3848 137 3919 dum,
152 3857 209 3905 tum
232 3859 304 3908 tecta
327 3851 502 3926 grangiarum
535 3852 694 3923 sarcienda,
719 3861 784 3924 etc,
800 3854 861 3925 plus
911 3851 1049 3921 domibus,
1068 3851 1140 3906 intra
1160 3849 1290 3905 ambitum
1311 3848 1486 3905 terminorum
1497 3849 1707 3923 assignatorum,

54 3939 143 4010 'quarn
173 3939 351 4012 qnadraginta
369 3940 454 3996 fabris
481 3939 618 4014 lignariis,
636 3943 815 3998 caementariis
833 3952 861 4000 et
909 3941 1002 4012 plures
1017 3939 1163 3996 saculares
1178 3937 1278 3993 habent
1296 3952 1361 3993 suas
1378 3937 1579 4009 possessiones,
1595 3952 1612 3993 a
1637 3952 1709 4010 qua·

59 4027 236 4083 mercenariis
264 4029 392 4085 continue
415 4030 556 4101 occupatis
580 4046 649 4101 opus
678 4040 737 4098 est;
753 4032 787 4087 ad
802 4031 860 4088 ani·
909 4045 971 4084 rum
981 4044 1095 4085 accessu
1105 4043 1166 4084 cum
1180 4026 1309 4082 uxoribus
1324 4033 1350 4082 et
1364 4025 1456 4082 liberis
1466 4025 1613 4097 promiscui
1627 4042 1709 4083 sexus

60 4115 142 4170 melia
152 4116 290 4187 pascenda
302 4126 328 4172 et
342 4117 509 4188 providenda
519 4135 632 4175 numero
643 4120 763 4175 notabili.
779 4120 860 4176 Certe
909 4132 965 4173 non
974 4124 1088 4188 possunt
1097 4115 1231 4187 impediri.
1248 4115 1278 4169 ld
1293 4121 1384 4169 tamen
1397 4114 1442 4170 hic
1457 4114 1567 4185 exponit
1580 4116 1612 4171 tt.
1626 4114 1708 4171 Pater

54 4205 169 4275 'ternpus
196 4205 262 4260 rnihi
276 4205 304 4260 in
332 4206 468 4262 narrando
494 4206 632 4274 deficeret,
648 4215 675 4264 et
689 4207 750 4279 plus
777 4224 859 4279 quarn
909 4204 1009 4276 Guigo,
1038 4212 1067 4260 ut
1091 4219 1188 4259 ornnes
1216 4201 1320 4258 scirent
1347 4209 1447 4273 quanta
1461 4201 1707 4274 circumspectione

58 4292 157 4348 decern
170 4300 216 4349 aut
230 4293 384 4366 quindecim
408 4311 490 4366 supra
518 4312 662 4352 numerum
689 4296 859 4367 designatum
908 4293 1049 4348 studerent
1063 4291 1144 4363 primi
1161 4292 1255 4346 Patres
1270 4289 1357 4346 nostri
1372 4305 1389 4346 a
1403 4305 1454 4346 sua
1469 4305 1562 4347 eremo
1577 4290 1709 4348 mulieres

59 4380 217 4453 reperirem,
247 4383 270 4438 si
297 4383 434 4455 capitatim
462 4399 607 4441 recensere
635 4384 697 4441 illos
725 4384 771 4442 hic
798 4385 858 4442 vel·
908 4381 1029 4456 abigere.
1059 4380 1161 4436 Causas
1176 4379 1277 4435 diserte
1301 4378 1426 4451 assignat
1439 4378 1481 4434 vir
1509 4387 1629 4448 sanctus,
1645 4396 1706 4453 quae

55 4469 126 4525 lem.
699 4490 704 4497 ·
907 4471 1032 4527 omnibus
1047 4468 1201 4524 hominibus
1215 4466 1290 4523 Filiis
1310 4467 1398 4522 Adam
1413 4473 1485 4524 notae
1499 4476 1579 4539 sunu
1596 4467 1643 4542 qui
1661 4484 1708 4525 cu·

74 4617 76 4623 ,
95 4557 125 4613 Si
139 4575 205 4615 vero
220 4559 262 4614 bis
277 4561 404 4617 omnibus
419 4562 532 4617 addatur
543 4577 672 4619 numerus
695 4562 858 4619 latomorum
904 4560 1057 4630 juscunque
1073 4556 1180 4613 virtutis
1194 4555 1257 4622 sint,
1274 4570 1326 4628 qno
1341 4555 1434 4611 minus
1452 4556 1487 4612 de
1498 4556 1597 4629 seipsis
1611 4557 1639 4612 in
1652 4558 1706 4614 bac

58 4655 86 4703 ct
100 4645 249 4715 fabrorum,
267 4651 312 4721 qui
327 4650 362 4705 ab
388 4666 461 4706 anno
490 4653 558 4706 tcto
573 4666 628 4723 quo
658 4650 756 4708 accidit
777 4653 858 4708 totale
906 4656 982 4720 parte
1020 4646 1165 4712 dissidunt,
1183 4660 1216 4701 eo
1236 4644 1325 4715 magis
1343 4644 1378 4699 ad
1414 4643 1530 4701 cadendi
1548 4644 1705 4702 facilitatem

54 4723 223 4804 incendium,
240 4738 283 4793 vel
298 4739 388 4810 potius
409 4738 568 4795 incineratio
582 4740 679 4796 domus
707 4741 858 4797 Carthasim
906 4735 1047 4793 accedunt.
1077 4735 1191 4805 Semper
1219 4748 1285 4804 ergo
1300 4732 1387 4788 rerba
1408 4732 1460 4787 ista
1488 4732 1537 4788 SS.
1559 4733 1704 4806 Augustini

56 4836 146 4892 usque
169 4822 204 4876 ad
218 4822 289 4879 hanc
303 4823 376 4879 diem
391 4823 555 4894 stipendium
570 4832 735 4896 acceperunt
748 4832 775 4880 et
789 4826 857 4882 acci·
906 4834 932 4882 et
942 4823 1071 4898 Gregorii
1085 4823 1120 4878 ob
1134 4823 1233 4879 mentis
1243 4821 1337 4877 oculos
1355 4820 1457 4877 habere
1467 4821 1599 4876 debemus
1615 4838 1622 4876 :
1637 4823 1705 4879 Filii

55 4908 145 4980 piunt,
162 4907 219 4965 fere
239 4910 433 4968 miraculosum
452 4912 604 4984 apparebit,
635 4928 751 4986 quonam
775 4914 857 4969 morlo
907 4913 1055 4971 bominum
1071 4911 1198 4968 homines
1216 4913 1295 4967 sunt.
1313 4911 1467 4966 flaminirci
1493 4908 1623 4967 debemur
1637 4911 1704 4985 quic

56 5004 97 5052 tot
113 4999 240 5068 expensis
267 5000 405 5071 provideri
429 5001 610 5072 potuerinta
637 5018 690 5058 non
716 5010 857 5074 tantopere
905 5019 971 5058 caro
985 5017 1091 5058 summ.

55 5086 224 5157 stupebunt,
241 5088 287 5160 qui
314 5089 440 5144 sciverint
470 5099 570 5161 quanta
607 5091 737 5148 charitate
762 5078 890 5148 omnesG
941 5092 1009 5146 altr.
1024 5091 1159 5146 xx11.-
1175 5089 1258 5144 Num.
1275 5091 1301 5142 l.
1333 5087 1442 5145 Nobilio
1468 5087 1703 5158 mirericordiam,

56 5175 157 5231 domus
172 5176 277 5232 ordinis
291 5177 317 5232 in
333 5178 386 5234 hoc
410 5194 475 5233 casn
499 5179 577 5235 matri
592 5180 741 5237 Carthasim
756 5180 857 5237 subre-
908 5186 961 5236 etc.
978 5179 1021 5234 Ab
1031 5180 1082 5235 bac
1096 5177 1282 5249 expressione,
1300 5188 1353 5246 qua
1375 5173 1418 5228 usi
1442 5181 1504 5230 sunt
1516 5175 1599 5247 primi
1611 5176 1706 5233 Patres

54 5263 155 5330 nerint,
171 5265 207 5320 ita
226 5273 254 5320 ut
268 5266 406 5321 nonnullis
421 5267 513 5323 dicere
524 5268 713 5336 debuerimus;
725 5269 783 5339 jam
797 5268 853 5324 suf·
905 5268 991 5324 nostri
1006 5266 1042 5323 ad
1057 5265 1264 5340 significandum
1279 5263 1306 5317 in
1321 5277 1423 5334 genere
1441 5263 1573 5335 quidquid
1588 5279 1704 5321 conven-

50 5351 123 5433 Jficit,
139 5360 167 5409 nt
181 5354 221 5411 sic
236 5353 320 5411 veluti
339 5362 424 5411 staret
446 5356 536 5413 oleum
564 5357 705 5414 charitatis
733 5358 761 5412 in
790 5372 857 5414 vasa
906 5351 1706 5429 tualiterpetimussubmirericordioenominepetamus.Et

48 5448 152 5499 'nostra
167 5443 335 5499 decurrentis
350 5444 470 5516 quandiu
482 5461 597 5503 vacuum
611 5463 660 5504 vas
675 5446 818 5502 habuimus
831 5453 860 5503 et
909 5445 971 5519 quia
984 5445 1012 5501 in
1031 5445 1147 5519 singulis
1160 5441 1285 5514 capitulis
1298 5439 1475 5512 generalibus
1491 5438 1596 5510 priores
1608 5447 1706 5512 petunt

52 5532 233 5603 indiguimus.
250 5533 329 5589 Absit
343 5541 432 5590 eutem
444 5534 571 5592 amatris
591 5542 684 5592 tenera
700 5550 766 5609 erga
790 5531 861 5592 lilios
911 5533 998 5591 aruis
1012 5522 1108 5591 officiis
1121 5529 1228 5589 absolvi
1245 5526 1384 5586 subtitulo
1402 5526 1616 5595 misericordia.
1638 5528 1706 5590 inda

130 5632 250 5686 Parnon.
270 5629 361 5687 ctttt.
1564 5628 1600 5684 22
