3742 5986
104 237 156 293 aaa
520 230 722 290 encoursr
745 228 948 287 cnamnsre
971 227 1118 287 naronrs
1141 229 1281 289 rnroms
1299 231 1333 287 r.
1398 203 1404 212 ’

101 359 176 415 mino
191 367 217 414 et
230 358 259 413 in
273 357 393 429 potentia
408 356 514 412 virtutis
535 358 603 428 ejus,
633 357 830 428 induamusque
856 355 936 416 ιιι-Α
1333 360 1366 417 v.

101 455 234 502 maturam
244 446 304 514 Dei,
321 453 348 500 ut
363 445 500 517 possimus
530 453 600 501 stare
630 446 763 505 adversus
786 443 900 499 insidias

101 534 213 592 diaboli.
230 535 289 591 Non
304 535 391 603 enim,
402 535 474 597 ‚sicut
482 534 583 590 ibidem
594 535 724 605 sequitur,
734 534 899 589 colluctatio
950 505 989 561 Ad
1004 506 1201 565 ¹²²²²⁰⁶⁶⁷²²²²⁴m
1211 526 1313 582 papum
1328 508 1361 564 Π·
1374 538 1409 549 ““
1428 507 1598 564 00'2303021‘7
1607 523 1751 566 ‘nmmum

102 620 899 694 nohieocladuersuscornamelaonquincm,ccdcdocrsas
1017 579 1183 649 ponufioem
1199 579 1333 638 “dmm
1346 580 1511 637 mmmm
1520 580 1679 636 mmmm·

100 710 900 785 principecctpotoatotas,aduersusmtrndiroctorectenc·
985 700 1101 757 Domino
1125 710 1151 758 el
1171 702 1245 758 Patri
1272 702 1433 760 charissimo
1460 717 1493 758 ac
1516 701 1749 758 reverendissimo

103 800 227 867 brorum,
244 790 900 871 controspirituoliunequitioeincelestidos,id
949 788 1105 858 aposlolicae
1120 790 1194 846 sedis
1208 807 1314 847 summo
1329 788 1450 863 pontiflci
1477 805 1663 858 1NN00ffl'102
1679 791 1750 846 serti

104 896 146 943 est
168 895 265 943 contra
286 887 349 942 vitia
377 893 512 941 eteorum
541 885 695 942 incentores
718 884 900 957 nequissimos
949 883 977 931 el
994 874 1042 930 filii
1070 877 1219 934 Caribusiae
1243 895 1390 952 pauperes,
1416 878 1491 934 illam
1518 894 1601 952 quam
1632 879 1748 934 mundus

104 975 226 1046 spiritus,
242 973 295 1042 Qui
309 974 427 1045 sinquod
443 982 469 1029 er
487 973 574 1029 David
588 974 677 1046 rogae)
696 973 781 1028 nostri
810 972 900 1027 domi.
949 961 1015 1020 dare
1026 979 1081 1019 non
1094 973 1184 1036 potest
1193 983 1299 1039 pacem,
1311 984 1421 1040 sueque
1435 967 1606 1039 paternitatis
1620 967 1748 1023 deuotam

103 1063 198 1119 minati
226 1077 280 1118 non
308 1061 422 1128 fuerint,
452 1070 516 1117 tunc
535 1061 698 1118 immaculati
728 1061 846 1127 erimus,
876 1068 901 1116 et
949 1052 1114 1121 servitutem,
1127 1061 1154 1110 el
1167 1071 1222 1110 DOD
1236 1055 1421 1112 necessarium
1435 1055 1499 1112 licei
1512 1054 1688 1128 Obsequium.

103 1151 311 1208 emundabimur
325 1165 341 1205 a
357 1150 462 1206 delicus
481 1150 616 1205 maximis,
984 1139 1081 1195 Multas
1096 1141 1132 1197 ad
1146 1143 1231 1198 vestri
1252 1143 1420 1216 apostolatus
1441 1151 1564 1201 sacratas
1586 1160 1681 1215 aures,
1697 1154 1748 1202 etc.

138 1243 165 1294 3.
181 1239 289 1295 Stemus
304 1253 371 1311 ergo
387 1238 515 1294 succincti
535 1237 643 1293 lumbos
658 1244 767 1292 nostros
782 1237 809 1292 in
826 1236 901 1293 reri·
954 1227 1019 1285 Vide
1029 1229 1062 1285 in
1077 1231 1242 1289 Innocentio
1252 1233 1285 1301 ll,
1301 1232 1394 1289 odon.
1412 1233 1494 1288 ttta.

103 1334 167 1396 tate,
184 1335 211 1384 et
225 1326 331 1384 calciati
345 1326 431 1398 pedes
439 1326 466 1379 in
480 1325 676 1397 preparatione
692 1325 834 1397 Evangelii
848 1340 900 1396 pa-

103 1415 152 1481 cis,
169 1416 197 1470 in
211 1415 337 1470 omnibus
348 1421 486 1470 sumentes
501 1422 607 1469 scutum
624 1412 696 1482 fidei,
713 1413 740 1468 in
755 1428 809 1485 quo
834 1428 901 1485 pos·
1325 1432 1371 1489 gp·

103 1503 189 1558 simus
201 1503 291 1558 omnia
306 1502 359 1557 tela
374 1501 534 1573 nequissimi
543 1501 625 1573 ignea
640 1502 812 1574 exstinguere
828 1520 836 1569 3
853 1516 901 1557 oa-

102 1599 151 1662 put
165 1590 246 1663 galea
261 1589 354 1646 salutis
368 1591 514 1655 obtectum,
531 1590 670 1646 dexteram
695 1590 785 1662 gladio
805 1588 901 1644 salutis
949 1572 1073 1644 'sulm
1089 1576 1346 1650 Gratianopolitoni
1353 1578 1484 1662 episcopi,
1495 1578 1631 1650 Cuiam
1644 1583 1672 1635 ⁶2
1683 1579 1748 1635 0⁰7·

102 1679 384 1735 munitamhebentes.
412 1679 563 1747 curramus,
585 1694 641 1734 nott
662 1678 739 1751 euasi
754 1678 781 1733 in
808 1678 936 1768 incer-B
987 1648 1493 1791 Ἴωὸἷξξῖἔῗοξὲξζὲἴῖοῖῆξὲᾒἵνά
1501 1650 1748 1784 ἕξξζξὲῑᾜῃῖἒ

103 1775 179 1833 tum;
195 1783 358 1839 pugnemus,
375 1782 429 1823 non
444 1767 520 1840 quasi
535 1782 627 1823 aerem
643 1767 835 1832 verberantes3
850 1766 899 1821 sed
985 1792 1084 1849 Sanm-
1103 1789 1217 1847 pictori,
1226 1789 1397 1846 Parmensi,
1405 1790 1518 1863 pst-om,
1529 1792 1672 1865 &impiis
1681 1807 1749 1848 m,

105 1855 271 1928 castigemus
286 1869 387 1926 corpus
404 1863 535 1924 nostrum,
566 1863 591 1911 et
610 1855 784 1924 subjiciemus
812 1854 900 1910 serri-
986 1863 1088 1920 aeriter
1101 1860 1195 1916 occisi.

104 1943 163 2012 tuti,
180 1944 243 2015 qnia
258 1943 302 1999 bic
320 1950 362 1998 est
375 1943 502 2008 hominis,
519 1942 546 1997 id
572 1950 613 1999 est
641 1942 765 1998 animalis
788 1943 823 1998 ad
851 1941 901 1998 Dei
1119 1971 1232 2043 (mm.
1250 1970 1364 2039 comita,
1381 1971 1417 2037 X.
1433 1971 1486 2027 001¹
1502 1973 1578 2043 975.)

105 2032 254 2103 imaginem
273 2031 386 2100 conditi,
414 2038 501 2086 status
526 2031 756 2097 ordinatissimus,
785 2047 846 2086 cnm
874 2038 901 2085 et

106 2134 169 2176 cere
180 2119 262 2175 servit
280 2117 395 2190 spiritui,
407 2126 434 2173 et
460 2118 569 2189 spiritus
596 2118 720 2173 subditur
749 2118 899 2175 Conditori.
987 2112 1110 2170 Dominis
1133 2120 1159 2168 ει
1177 2112 1299 2169 Patribus
1318 2111 1346 2168 in
1366 2112 1473 2169 Christo
1502 2112 1748 2187 reverendissimis,

105 2207 136 2264 lu
146 2207 198 2262 hoc
214 2205 285 2261 bello
300 2213 373 2260 tanto
389 2205 440 2261 erit
455 2205 570 2277 quisquc
586 2205 733 2275 robustior,
759 2213 899 2278 tantoque,
952 2201 1174 2274 archiepiscopis,
1199 2201 1334 2273 episcopis
1348 2209 1375 2257 ει
1388 2202 1495 2258 ceteris
1523 2201 1664 2276 religiosis
1686 2220 1750 2276 per-

106 2302 219 2368 rogente
233 2301 259 2350 et
273 2301 433 2366 protegente
448 2294 516 2363 Deo,
529 2294 681 2349 numerosis
691 2294 835 2366 prostratis
848 2294 902 2350 ho·
956 2291 1032 2348 sonis
1045 2291 1073 2346 in
1089 2299 1250 2363 presentem
1266 2289 1354 2346 locum
1370 2289 1550 2347 defendende
1561 2291 1675 2360 justitie
1686 2308 1750 2365 gra-

106 2382 192 2438 stibus
209 2382 345 2455 triumpho
366 2381 528 2457 gloriosiore
549 2381 701 2449 sublimior,
730 2392 830 2455 quanto
851 2398 903 2456 par
953 2379 988 2436 tia
1002 2379 1204 2453 congregratis,
1224 2379 1313 2445 linco,
1335 2378 1592 2451 Gratianopobtanae
1619 2380 1751 2437 Ecclesia

106 2472 199 2528 omnia
212 2471 342 2545 sategerit
356 2486 417 2541 esse
432 2470 572 2538 humilior3
589 2478 715 2543 tantoque
730 2479 841 2528 econtra
868 2471 902 2526 ad
953 2474 1064 2525 vocatus
1093 2467 1247 2539 episcopus,
1283 2475 1309 2524 et
1337 2465 1384 2522 filii
1412 2468 1479 2537 ejus,
1517 2469 1751 2525 Cartlrusiensium

107 2560 198 2617 omnia
212 2560 282 2616 bona
305 2558 439 2615 infirmior
453 2567 479 2615 et
506 2559 710 2627 inconstantior,
736 2568 837 2632 quanto
851 2576 902 2617 vo·
952 2571 1103 2628 pauperum
1117 2572 1212 2612 servus
1226 2555 1328 2611 inutilis
1343 2555 1443 2623 Gnreo,
1468 2563 1495 2612 et
1509 2556 1554 2629 qui
1578 2572 1674 2613 secum
1688 2564 1750 2613 sunt

107 2647 187 2704 luerit
201 2664 262 2704 esse
277 2648 429 2719 superbior.
454 2648 527 2703 Deus
541 2648 613 2703 enim
638 2648 739 2703 resistit
766 2648 901 2720 superbis.
952 2643 1061 2711 fratres,
1072 2643 1177 2718 agenda
1199 2659 1379 2715 cognoscere,
1408 2644 1517 2716 cognita
1531 2644 1646 2702 viriliter
1659 2645 1749 2702 adim-

107 2736 170 2791 Non
185 2750 332 2807 ergoopus
355 2743 395 2790 est
416 2741 444 2790 ut
464 2735 498 2790 ad
524 2735 703 2792 debellandos
726 2752 774 2791 eos
794 2736 903 2793 aliunde
953 2733 1029 2805 plere
1043 2749 1093 2804 per
1111 2732 1248 2788 Christum
1266 2733 1412 2789 Dominum
1426 2742 1559 2790 nostrum.

108 2830 245 2896 queratur
259 2831 404 2896 pugnator,
420 2823 517 2895 quibus
539 2823 711 2894 omnipotens
721 2825 822 2879 resistit
834 2841 904 2896 pre-
989 2820 1069 2890 Quod
1084 2821 1208 2877 homines
1235 2838 1339 2888 sumus,
1356 2821 1390 2877 ad
1402 2830 1546 2890 naturam;
1576 2821 1651 2895 quod
1676 2822 1752 2894 justi,

106 2911 195 2969 liator.
212 2911 287 2981 Quos
301 2919 392 2968 contra
402 2911 487 2967 Darid
497 2911 563 2967 dicit
580 2913 763 2969 :custodiens
771 2914 905 2985 porrulos
954 2909 989 2966 ad
1003 2911 1147 2978 meritum;
1162 2910 1235 2983 quod
1249 2911 1380 2982 episcopi,
1392 2910 1436 2967 vel
1456 2911 1620 2983 presbyteri,
1647 2911 1691 2967 rel
1705 2928 1751 2966 ar·

109 3001 265 3066 Dominor3
282 3009 364 3072 atque
385 3000 503 3071 idipsum
519 3008 646 3071 expertus
659 3001 687 3055 in
715 3001 806 3072 seipso
836 3000 904 3056 sub·
953 2998 1116 3065 cbidieconi,
1133 2998 1177 3054 rel
1190 2998 1293 3070 aliquid
1307 2998 1471 3068 hujusmodi,
1482 2999 1517 3055 ad
1536 2999 1751 3057 ecclesiasticum

104 3089 194 3159 junxit
209 3089 401 3145 :llnrniliotua
416 3104 479 3145 curn
503 3092 532 3144 ct
556 3089 686 3146 liberavit
708 3105 762 3146 mc.
792 3060 938 3145 UtamurG
953 3085 1069 3158 pertinet
1090 3085 1218 3142 officium.
1236 3087 1265 3141 ln
1290 3086 1378 3158 primo
1408 3087 1599 3155 existimus,in
1630 3089 1751 3146 secundo

108 3175 243 3247 exemplo,
260 3176 282 3231 si
298 3176 380 3231 simili
394 3175 518 3248 cupimus
532 3176 570 3231 uti
599 3176 730 3233 remedio.
760 3177 903 3234 Faciamus
952 3174 1140 3243 salvamenta
1156 3175 1236 3231 tertio
1261 3175 1422 3246 providendi
1437 3175 1498 3232 aliis
1521 3193 1582 3249 que
1611 3173 1752 3233 subtiliora

109 3263 181 3336 quod
195 3263 269 3330 tecit,
286 3264 309 3318 si
332 3264 520 3321 desideramus
534 3264 605 3336 quod
625 3265 729 3336 accepit
749 3265 902 3333 ·,bumilia·
953 3270 1026 3329 sunt,
1037 3270 1199 3335 potestatem
1215 3263 1373 3336 accipimus.
1390 3265 1449 3321 Duo
1463 3265 1632 3338 ergopriora
1647 3266 1681 3321 ad
1691 3281 1751 3333 nos,

108 3368 180 3421 mur,
197 3359 250 3407 uta
264 3352 343 3408 malis
357 3353 647 3409 omuibusliberemur.
663 3354 808 3425 Apostolus
823 3355 903 3410 etiam
953 3351 1062 3407 tertium
1087 3350 1200 3408 refertur
1215 3352 1250 3408 ad
1263 3352 1412 3423 proximos.
1438 3352 1517 3422 Quod
1532 3353 1555 3409 si
1577 3353 1753 3410 manifestum

107 3440 268 3497 deDomino
282 3441 461 3497 lesquristo
477 3443 673 3508 :humiliavit
690 3442 786 3515 inquit,
803 3448 904 3500 semet·
952 3438 1049 3506 luerit,
1076 3440 1152 3509 juxta
1176 3439 1242 3495 illud
1262 3439 1385 3497 ficulneae
1408 3442 1574 3515 evangelice
1600 3443 1752 3515 exemplar,

107 3530 212 3602 ipsum,
224 3530 905 3603 suctusobedientesqnoudrnortommortemon·
954 3544 1014 3600 que
1032 3527 1125 3584 tandin
1139 3537 1293 3600 exspectata
1307 3528 1424 3586 fructum
1442 3545 1497 3586 non
1510 3530 1606 3598 attulit,
1632 3529 1753 3588 officium

110 3620 167 3674 tom
178 3620 281 3674 crucis.
296 3618 355 3674 Nec
368 3617 514 3674 incassum.
527 3619 638 3690 Propter
654 3620 704 3675 troc
719 3619 800 3686 enim,
816 3620 861 3688 ait,
876 3626 904 3676 ει
954 3631 1004 3672 nos
1018 3616 1148 3672 inutiliter
1160 3616 1263 3673 habere
1286 3627 1453 3691 susceptum,
1469 3617 1543 3676 nulla
1567 3619 1642 3689 justa
1657 3635 1706 3677 cur
1725 3620 1753 3676 iu

108 3706 181 3760 Deus
192 3706 331 3760 exaltavit
339 3706 432 3772 illam,
444 3708 472 3761 et
483 3705 596 3762 deuocat
604 3707 649 3762 illi
658 3722 771 3772 nomon,
781 3708 852 3781 quod
860 3711 904 3765 ost
954 3720 987 3761 eo
998 3705 1182 3776 relinquamur
1195 3707 1347 3762 remanebit
1361 3707 1478 3764 occasio.
1494 3706 1566 3776 Quid
1576 3723 1644 3779 crgo
1659 3708 1684 3764 si
1698 3724 1753 3763 non

107 3807 415 3864 superomncnomem,
426 3795 500 3850 ntia
517 3796 631 3850 nomine
649 3797 715 3850 loru
731 3811 813 3851 omne
831 3811 905 3868 genn
955 3792 1041 3848 solum
1056 3794 1164 3849 inutiles
1187 3793 1329 3864 Ecclesiae,
1360 3795 1408 3852 sed
1437 3795 1518 3853 etiarn
1535 3795 1694 3868 perniciosi,
1711 3795 1755 3853 rel

110 3880 254 3949 (lectatur,
266 3880 430 3945 celestium,
443 3883 632 3949 temerarium,
644 3883 861 3952 ctinscrnornm
876 3888 905 3940 et
954 3880 1047 3936 verbis
1061 3881 1105 3937 rel
1120 3882 1251 3954 exemplis
1268 3883 1450 3940 exstiterimus
1460 3889 1472 3940 t
1484 3886 1581 3941 Nonne
1595 3900 1651 3940 nou
1666 3884 1754 3941 solurn

111 3968 205 4022 omnis
216 3968 314 4038 linquo
325 3969 717 4041 confiteotnrqnodDonainae
731 3972 809 4028 toene
827 3972 906 4029 Chri-
955 3968 1045 4039 dejici,
1062 3969 1110 4025 sed
1129 3970 1209 4026 etiam
1235 3971 1312 4045 digni
1339 3988 1433 4027 sumus
1456 3972 1568 4045 puniri?
1582 3972 1641 4031 Etsi
1669 3973 1755 4047 igitur

109 4058 172 4111 etue
192 4058 234 4110 ert
257 4056 289 4109 in
304 4056 395 4128 glorio
412 4057 461 4112 Dei
479 4058 584 4113 Patris.
600 4058 635 4112 Et
652 4058 715 4114 hinc
740 4060 906 4131 quoquerel
955 4057 1028 4113 beati
1042 4058 1162 4128 Thomna,
1186 4066 1212 4115 et
1228 4068 1391 4115 ceterorum
1415 4060 1461 4133 qni
1484 4067 1607 4117 recenter
1635 4061 1698 4118 lotis
1727 4062 1755 4116 in

109 4143 369 4198 maximesumamus
378 4144 541 4216 exemplum,
549 4145 572 4200 si
580 4146 746 4203 ardemusad
753 4149 904 4219 premium.
956 4145 1087 4217 sangnine
1101 4146 1172 4220 dgni
1197 4147 1274 4203 stolis
1288 4148 1344 4202 suis
1358 4147 1394 4204 ad
1409 4148 1532 4206 coelestia
1551 4149 1754 4222 demigrarunt,

109 4231 252 4287 Faciamus
267 4233 340 4303 quod
363 4232 441 4298 lecit,
464 4241 493 4288 ut
513 4250 659 4306 sequamur
679 4252 733 4307 quo
754 4237 903 4308 precessit.
956 4233 983 4288 in
994 4243 1141 4306 conspectu
1155 4235 1263 4292 Domini
1278 4252 1352 4291 mors
1366 4237 1484 4308 pretiosa
1494 4238 1633 4293 mundana
1653 4238 1756 4295 ultione

108 4321 249 4376 Sectemur
262 4320 334 4375 viem
349 4328 429 4378 tautae
443 4321 611 4389 humilitatis,
623 4332 651 4378 ut
666 4325 855 4395 perveniemus
870 4326 907 4381 ad
956 4339 1010 4379 non
1028 4332 1116 4393 egeat,
1137 4332 1227 4378 tamen
1244 4325 1267 4379 si
1282 4325 1435 4381 Ecclesiam
1463 4325 1523 4392 Dei,
1554 4327 1684 4400 sineque
1702 4342 1755 4384 nec

108 4408 226 4480 gloriam
242 4409 291 4463 Dei
310 4410 406 4464 Patris.
423 4411 520 4466 Omnis
549 4413 626 4467 anim
649 4414 697 4484 qui
718 4429 747 4469 so
772 4410 941 4471 bamiliotD
955 4411 1073 4482 publicae
1089 4427 1131 4467 res
1142 4411 1291 4467 salresunt
1306 4428 1357 4469 uec
1384 4413 1504 4485 privalae.
1522 4414 1635 4470 ulililale
1663 4423 1756 4472 ωῐθᾶῑ

108 4496 293 4564 exultabitur,
304 4499 424 4570 etquisc
434 4500 556 4566 exaltat,
568 4501 777 4569 humiliabitur,
790 4509 906 4559 testante
955 4498 1116 4570 discipline,
1133 4514 1263 4573 rogamus
1278 4500 1415 4572 supplices
1429 4509 1456 4558 et
1469 4503 1662 4574 obsecramus,
1683 4519 1754 4577 qua-

107 4585 205 4642 aodam
220 4585 336 4641 Domino
349 4594 444 4642 nostro
457 4588 521 4642 lesu
537 4587 653 4655 Christo,
667 4588 783 4660 quicum
795 4590 907 4647 Patreet
956 4594 1034 4642 tenus
1049 4587 1262 4643 armaturalidoi
1290 4590 1413 4660 protecti,
1442 4597 1469 4645 et
1497 4590 1668 4646 rectitudinis
1696 4591 1756 4649 zelo

107 4673 208 4745 Spiritu
224 4681 319 4730 sancto
343 4674 407 4730 ririt
424 4683 450 4730 ει
465 4683 561 4746 regnat
575 4677 659 4743 Deus,
676 4692 726 4747 per
745 4678 836 4733 omnia
851 4695 906 4735 se·
956 4674 1089 4741 succensi,
1105 4683 1132 4730 et
1155 4684 1309 4732 sauctorum
1323 4677 1421 4744 ltlosis,
1439 4677 1566 4749 Phineas,
1588 4680 1751 4749 biathathie,

106 4762 166 4818 cula
188 4762 360 4818 seculorum.
386 4766 483 4818 Amen.
504 4763 775 4834 Omnipotentissima
796 4766 905 4822 miseri·
955 4763 1099 4818 beatorum
1115 4779 1225 4836 quoque
1237 4765 1423 4836 apostolorum
1439 4767 1511 4823 Petri
1526 4775 1552 4823 et
1565 4767 1640 4823 Pauli
1655 4768 1754 4825 adrer-

106 4851 208 4917 cordia,
235 4859 262 4906 et
283 4850 538 4907 misericordissima
559 4851 755 4923 omnipotentia
769 4853 836 4920 Dei,
853 4862 905 4910 tam
955 4867 1002 4905 sus
1017 4851 1166 4917 Simonem,
1177 4853 1310 4908 Ananiam
1325 4862 1352 4908 ει
1362 4855 1475 4925 bariesu
1483 4855 1527 4926 pie
1537 4856 1754 4926 desevierrtium,

104 4936 133 4991 in
152 4938 349 5008 spiritualibus,
376 4954 457 5009 quam
485 4939 568 4993 etiam
596 4938 784 5010 corporalibus
805 4941 906 5012 preliis
955 4940 1130 5012 maximeque
1152 4941 1238 5012 ipsius
1273 4942 1383 4997 Domini
1412 4944 1569 4999 venditores
1589 4945 1623 5000 de
1653 4946 1755 5018 templo

106 5023 190 5080 iaciat
203 5041 252 5081 vos
266 5042 376 5097 semper
401 5033 427 5081 et
450 5025 606 5082 felicissime
621 5044 743 5100 pugnare
760 5036 787 5084 et
801 5028 905 5101 glorio·
955 5027 1085 5083 cedendo
1099 5029 1290 5100 proturbantis,
1307 5030 1439 5102 exemplis
1453 5032 1575 5097 animati,
1592 5033 1618 5087 iu
1641 5034 1757 5090 sacrile-

107 5111 215 5167 sissime
226 5113 402 5189 triumphare.
420 5113 552 5185 Optemus
568 5130 617 5170 ros
632 5116 701 5172 bene
717 5117 821 5183 valore,
837 5118 905 5173 etin
954 5130 1005 5188 gos
1015 5115 1166 5172 homicidas
1181 5116 1358 5174 ecclesiastici
1372 5119 1471 5192 rigoris
1487 5119 1623 5191 intrepide
1633 5121 1757 5194 gladium

105 5199 192 5256 scens
206 5216 266 5271 que
290 5200 401 5255 tuemini
421 5201 507 5267 locis,
531 5203 633 5271 nostri,
649 5220 710 5259 cum
725 5205 828 5272 oratis,
844 5222 905 5261 me·
954 5202 1121 5274 producatis
1138 5220 1250 5276 eosque,
1268 5205 1365 5261 silleri
1387 5215 1485 5278 potest,
1518 5209 1644 5264 omnibus
1658 5224 1757 5267 sacro-

104 5287 217 5345 moriam
245 5287 356 5353 habere,
382 5288 534 5344 charissimi
565 5299 591 5347 et
621 5292 846 5362 prestantissimi,
879 5301 906 5350 et
955 5307 1015 5346 rum
1030 5291 1126 5349 officiis
1151 5293 1264 5364 privetis
1286 5303 1313 5349 et
1336 5294 1488 5361 beneficiis,
1511 5306 1647 5369 quatenus
1667 5298 1758 5354 omnis

104 5375 209 5433 meritis
233 5374 411 5448 insignissimi
434 5375 540 5432 iratres.
564 5379 618 5433 llas
641 5378 744 5434 litteras
767 5395 818 5451 per
836 5381 905 5437 duos
955 5379 1037 5435 lsrael
1052 5381 1166 5436 audiens
1180 5382 1284 5450 timeat,
1296 5390 1323 5437 et
1337 5399 1509 5455 nequaquam
1525 5384 1596 5440 ultra
1621 5386 1758 5458 quispiam

103 5465 227 5521 diversos
241 5464 349 5519 nuntios
365 5464 579 5533 transmisimus,
592 5482 626 5521 ne
642 5483 696 5538 quo
712 5467 905 5538 impedimento
955 5467 1034 5524 iaciat
1047 5468 1146 5524 simile.
1164 5469 1218 5541 lpsi
1231 5471 1303 5525 euim
1327 5472 1416 5544 magis
1441 5487 1521 5544 quarn
1544 5474 1700 5545 homicide,
1725 5475 1754 5530 in

104 5551 190 5626 (quod
202 5550 283 5623 absit)
299 5567 353 5607 non
369 5551 477 5624 quirent
498 5553 653 5624 peruenire,
683 5570 750 5627 quas
777 5555 903 5628 petimus,
955 5572 1071 5629 quorum
1085 5565 1213 5614 cruentes
1227 5558 1349 5629 delictas,
1365 5567 1429 5618 rote
1455 5559 1629 5633 complenda,
1647 5569 1675 5618 ει
1687 5563 1753 5619 odia

104 5646 135 5699 ut
149 5637 253 5697 cunctis
271 5637 510 5713 iratribusexponi
524 5639 640 5698 lactatis.
955 5644 1090 5715 arumde,
1102 5653 1258 5704 sanctorum
1274 5654 1337 5704 sunt
1363 5663 1482 5723 corpora
1504 5649 1617 5708 laniae.
1633 5642 1688 5722 Qui
1708 5651 1762 5710 uisi
