3742 5986
163 144 215 198 103
412 142 442 199 S.
471 140 649 200 llllUNONlS
677 137 1002 198 clamesitttoltuu
1030 138 1274 198 utsrlrurottls
1300 141 1377 197 OPP.
1406 141 1496 198 PARS
1524 140 1560 198 11.
1759 143 1812 200 tut

164 265 319 322 membrum
325 265 668 325 alteriusineabortanda.
677 269 785 324 Docere
795 276 838 322 est
852 262 1002 337 sapientiA
1015 261 1157 321 ferendum
1171 266 1323 339 passiones,
1341 282 1402 338 quae
1415 266 1485 322 adeo
1499 263 1576 323 carni
1595 272 1757 339 repugnant,
1770 272 1811 320 est

163 357 254 412 minus
269 357 411 424 scientem,
428 357 478 413 sed
491 358 628 413 exhortari
649 364 778 428 potestat
796 357 918 412 animare
928 355 963 410 ad
1014 355 1178 411 necessaria.
1194 355 1222 411 Si
1233 371 1298 410 vero
1312 371 1366 410 non
1381 355 1451 410 adeo
1461 354 1590 427 ingmant
1605 354 1682 409 vobis
1695 354 1810 409 tribula·

166 445 279 514 bonum,
301 445 393 501 minus
423 445 515 502 sciens
542 446 625 520 longe
646 462 676 501 se
700 445 913 518 prudentiorem,
934 451 963 499 ut
1012 443 1110 511 tiones,
1126 452 1213 500 estote
1228 445 1325 500 saltem
1339 444 1810 502 cmnmunicantesnecesxitatibus

167 535 280 607 quilibet
294 535 412 592 rusticus
425 543 519 606 posset
534 535 645 607 quidem
659 534 797 591 exhortari
812 534 847 589 ud
861 533 963 589 bellum
1013 537 1190 600 sanctorum,
1201 541 1229 588 ut
1244 533 1402 606 indigentiis
1417 534 1515 588 horum
1525 533 1572 605 qui
1594 532 1742 603 patiuntur,
1759 546 1808 587 vos

168 623 265 680 sortem
279 624 403 691 militem,
418 625 494 693 cujus
508 632 600 679 tamen
620 623 684 678 belli
698 623 822 694 peritiam
843 622 963 678 rusticus
1013 630 1040 677 et
1054 623 1309 679 vestracemmunia
1331 622 1446 679 faciatis.
1461 623 1519 677 Nec
1537 620 1626 676 solum
1648 621 1809 677 communi·

166 712 316 785 ignoraret.
331 714 482 782 Quiautem
494 714 605 779 tribuit,
615 712 755 767 tribuatin
765 712 960 783 simplicitate,
1011 717 1120 778 cantes,
1136 711 1185 767 sed
1205 712 1287 768 etiam
1302 715 1442 768 sectantes
1454 709 1688 782 hospitalitatem,
1701 717 1729 764 ιιι
1744 725 1809 764 san·

166 800 194 856 id
207 810 249 858 est
262 818 316 858 non
332 819 380 874 spe
394 802 552 874 recipiendi,
565 816 620 856 non
629 816 724 856 amore
734 807 850 856 terrene
860 799 961 863 laudis,
1012 808 1072 856 ctos
1082 817 1150 872 quos
1165 800 1241 872 impii
1259 808 1468 871 persequuntur,
1489 815 1539 854 vos
1553 798 1668 853 intimidi
1690 797 1809 869 bospitio

166 892 216 948 sed
229 909 281 963 pro
295 891 354 948 sola
365 891 511 948 dilectione
520 890 646 961 proximi.
659 889 779 944 lllevero
793 891 959 960 quiproeest,
1013 890 1184 961 recipientes,
1203 906 1294 946 curam
1305 905 1401 946 eorum
1416 888 1547 944 babeatis.
1564 887 1687 943 Patimini
1698 887 1809 959 quidem

165 980 258 1053 praesit
272 983 303 1037 in
318 980 522 1046 sollicitudine,
536 978 563 1033 id
577 988 619 1034 est
629 977 703 1033 omni
715 976 854 1050 vigilantia
868 991 962 1033 curam
1011 978 1174 1035 tribulantes
1187 995 1247 1045 vos,
1258 994 1310 1034 nee
1324 979 1377 1033 boc
1389 977 1488 1042 solum,
1504 976 1643 1031 sedetiam
1653 976 1810 1032 benedicite

165 1070 337 1125 subditorum
347 1077 435 1140 gerat.
454 1069 506 1136 Qui
520 1067 603 1122 babet
615 1066 688 1139 quod
702 1073 808 1139 eroget,
824 1066 961 1138 simplici·
1008 1069 1243 1141 persequentibus
1253 1084 1299 1124 uos
1315 1087 1324 1122 :
1339 1083 1390 1122 nee
1406 1064 1501 1132 semel,
1517 1065 1566 1120 sed
1580 1065 1688 1121 assidue
1696 1065 1809 1121 benedi-

166 1163 209 1216 ter
222 1158 331 1213 tribuat.
348 1157 401 1226 Qui
414 1173 480 1213 vero
495 1155 642 1212 nonhabet
656 1154 729 1227 quod
747 1155 858 1221 tribuat,
875 1155 961 1210 mise-
1010 1157 1065 1212 cite
1081 1176 1090 1212 .·
1106 1171 1157 1212 nec
1171 1166 1200 1210 ιιι
1219 1163 1346 1227 respectu
1366 1154 1503 1225 patientie
1517 1162 1614 1210 vestrae
1629 1152 1808 1218 benedicatis,

163 1256 256 1303 reatur
270 1256 358 1302 tamen
369 1246 478 1302 annno:
493 1245 574 1301 atille
589 1245 638 1316 qui
645 1246 807 1310 miseretur,
821 1242 899 1299 iaciat
909 1244 961 1299 hec
1010 1253 1037 1300 et
1047 1245 1263 1301 consideratione
1279 1243 1447 1300 crudelitatis
1457 1259 1551 1298 eorum
1565 1242 1744 1309 maledicatis,
1758 1241 1809 1297 sed

164 1337 197 1392 in
211 1336 369 1401 hilaritate,
386 1334 465 1390 idest
479 1342 653 1390 noncoactus
663 1340 800 1404 praecepto
813 1331 895 1405 legis,
911 1332 960 1387 sed
1009 1352 1157 1408 nunquam
1174 1335 1267 1390 uelitis
1281 1334 1460 1390 maledicere.
1476 1333 1510 1387 Ut
1525 1331 1730 1387 autemdileotio
1742 1331 1812 1386 inte·

89 1484 96 1499 ¹
164 1424 274 1480 fervens
288 1424 385 1495 spiritu
396 1422 559 1479 dilectionis.
1009 1440 1058 1497 gra
1077 1424 1121 1487 sit,
1137 1422 1244 1479 debetis
1258 1422 1435 1492 conprendere
1450 1419 1647 1491 pandentibus,
1664 1428 1690 1475 et
1708 1421 1760 1475 hoc
1773 1419 1809 1474 de

200 1515 233 1568 Et
247 1512 349 1585 quiunt
363 1513 415 1569 boc
435 1511 517 1567 modo
541 1510 592 1566 sibi
610 1510 725 1566 invicem
750 1509 958 1574 subservieud0,
1010 1511 1195 1583 spiritualibus
1218 1511 1297 1567 bonis
1315 1510 1387 1565 haud
1409 1508 1522 1563 dubium
1539 1517 1590 1576 est,
1607 1517 1634 1564 et
1649 1509 1683 1564 de
1697 1517 1808 1578 tempo-

164 1602 233 1658 alter
251 1601 328 1656 alteri
355 1617 385 1656 se
414 1608 661 1672 contemperarent,
686 1600 751 1655 vidit
775 1599 958 1655 necessariam
973 1601 1115 1683 Bralibus
1130 1609 1262 1672 quantum
1276 1599 1345 1655 ratio
1358 1599 1484 1656 admittit.
1508 1596 1619 1652 bebetis
1643 1598 1723 1653 etiam
1738 1598 1808 1666 llere

162 1707 225 1747 esse
238 1689 434 1746 dilectionem:
459 1689 598 1760 subiungit
621 1688 655 1744 de
677 1689 724 1742 illa
745 1688 850 1753 dicens,
879 1687 959 1742 uthis
1010 1706 1076 1747 cum
1096 1690 1241 1759 flentibus,
1262 1688 1286 1744 si
1309 1689 1468 1759 paenitentia
1495 1690 1592 1746 ductus
1615 1687 1745 1759 affligitur
1763 1701 1770 1739 :
1785 1685 1809 1740 si

164 1779 253 1834 modis
265 1778 335 1834 alter
349 1777 460 1833 alterius
474 1778 629 1832 membrum
652 1775 710 1843 liat,
733 1777 766 1831 sit
779 1776 807 1830 in
821 1775 899 1832 vobis
913 1776 959 1831 di·
1010 1778 1091 1834 etiam
1105 1778 1186 1833 nimis
1201 1777 1355 1834 vehementi
1369 1778 1463 1834 dolore
1477 1779 1567 1834 carnis
1581 1775 1757 1849 angustiatur,
1779 1773 1808 1828 in

165 1869 266 1924 lectio:
282 1875 309 1923 et
322 1867 375 1922 hoc
388 1868 449 1923 sine
460 1867 654 1931 simulatione,
665 1874 729 1921 utet
743 1865 850 1920 scrisse
864 1872 959 1920 osten-
1010 1883 1065 1939 quo
1080 1876 1172 1923 tumen
1188 1866 1283 1922 dolore
1298 1867 1395 1922 modus
1411 1877 1454 1922 est
1474 1868 1624 1924 habendus.
1654 1866 1688 1921 Ut
1716 1871 1807 1919 autem

163 1956 217 2022 dat,
233 1964 259 2011 et
274 1955 346 2011 intus
356 1955 451 2011 ardeat
461 1955 580 2012 dilectio.
592 1955 650 2010 Nee
665 1954 702 2009 ita
711 1953 840 2026 diligatis,
851 1962 880 2008 ut
888 1953 959 2008 malo
1009 1972 1074 2013 vere
1087 1956 1206 2028 lugeatis
1220 1972 1283 2012 cum
1293 1955 1459 2028 lugentibus,
1469 1963 1555 2012 estote
1565 1955 1721 2011 sentientes
1730 1953 1807 2024 idip-

162 2044 277 2117 proximi
292 2044 463 2111 adbaereatis,
479 2043 529 2098 sed
543 2043 669 2099 eduntur
678 2043 787 2098 malum
800 2041 833 2097 ’7
839 2040 878 2097 0
889 2042 958 2110 ejus,
1009 2061 1083 2112 sum,
1092 2052 1120 2099 ιιι
1134 2060 1190 2099 non
1204 2051 1306 2099 tantum
1333 2043 1416 2109 vultu,
1432 2044 1481 2099 sed
1495 2044 1580 2100 corde
1594 2042 1705 2098 interius
1732 2040 1807 2096 ailli-

162 2134 232 2188 bone
245 2149 313 2189 vero
323 2131 439 2203 proximi
449 2131 508 2185 sitis
518 2131 706 2196 adhaerentes,
719 2130 746 2185 id
761 2137 802 2185 est
812 2145 961 2201 cooperan·
1009 2133 1122 2206 gamini,
1135 2141 1161 2188 et
1176 2133 1227 2188 boc
1237 2132 1355 2189 invicem
1369 2133 1414 2188 bio
1428 2133 1477 2203 illi,
1485 2132 1530 2188 ille
1541 2132 1594 2201 isti,
1611 2139 1639 2186 ut
1656 2139 1745 2186 autem
1760 2130 1807 2185 id-

161 2229 213 2276 tes.
229 2222 288 2277 Nee
302 2219 418 2276 sufficiat
438 2220 466 2273 in
481 2218 628 2290 vobisipsis
642 2218 741 2274 babere
762 2218 933 2274 dilectionem
951 2234 957 2273 :
1009 2223 1102 2294 ipsum
1113 2221 1254 2289 sentiatis,
1268 2229 1354 2276 estote
1364 2236 1422 2277 non
1432 2223 1494 2277 alta
1504 2223 1656 2294 sapientes,
1666 2219 1693 2274 id
1703 2226 1808 2274 estnon

163 2310 211 2364 sed
225 2309 306 2366 etiam
321 2310 470 2381 diligentes
477 2308 649 2364 charitatem
659 2309 867 2379 fraternitatis,
879 2306 907 2361 id
918 2315 960 2362 est
1010 2310 1213 2381 superbientes,
1239 2310 1288 2366 sed
1306 2312 1516 2366 consentientes
1540 2309 1702 2374 humilibus,
1727 2307 1808 2362 idest

162 2398 242 2454 bonae
256 2397 411 2454 dilectionis
439 2413 499 2452 esse
514 2397 542 2451 in
557 2396 686 2451 iratribus
700 2395 799 2453 vestris
816 2411 822 2450 ε
840 2396 958 2453 charita·
1008 2398 1083 2453 idem
1099 2399 1198 2453 sentite
1214 2414 1275 2454 cum
1300 2399 1422 2467 abiectis,
1439 2407 1466 2454 et
1480 2407 1508 2453 ut
1527 2397 1656 2453 noveritis
1684 2411 1805 2452 consen-

169 2495 224 2543 tem
238 2487 301 2543 dieo
314 2487 436 2543 inuicem
454 2486 585 2556 habitam,
612 2486 686 2558 quod
713 2485 780 2541 alter
791 2485 819 2540 in
843 2484 959 2541 alterum
1009 2487 1060 2541 tire
1074 2487 1239 2553 humilibus;
1260 2489 1349 2544 nolite
1370 2504 1429 2543 esse
1448 2487 1613 2559 prudentes,
1621 2486 1649 2539 id
1664 2494 1705 2541 est
1713 2484 1806 2555 provi·

163 2585 291 2646 operetur
310 2576 469 2633 charitatem
486 2575 552 2631 :vel
580 2575 627 2630 ita.
645 2573 720 2630 Sicut
745 2590 795 2629 vos
818 2574 959 2646 proximos
1009 2592 1088 2631 sores
1096 2592 1190 2631 eorum
1198 2592 1258 2647 quae
1269 2576 1415 2647 expediunt
1423 2575 1595 2632 solummodo
1605 2575 1680 2646 apud
1687 2576 1807 2631 vosmet·

161 2665 275 2738 diligere
286 2665 364 2720 volo:
380 2665 415 2719 ita
430 2664 493 2720 volo
507 2679 557 2719 vos
571 2679 632 2719 esse
646 2662 793 2736 diligentes
800 2663 959 2718 charitatem
1008 2665 1083 2736 ipsos
1099 2685 1108 2720 .-
1124 2665 1174 2720 sed
1189 2665 1269 2720 etiam
1284 2665 1426 2735 providete
1441 2665 1512 2732 aliis,
1527 2678 1578 2720 ιοε
1592 2663 1654 2719 dico
1668 2680 1725 2719 non
1740 2662 1806 2718 red-

161 2752 349 2818 iraternitatis,
364 2760 601 2824 recompensatam
615 2752 732 2808 invicem
749 2768 756 2805 s
772 2752 846 2822 quod
861 2751 884 2805 si
894 2767 959 2823 pro-
1008 2752 1106 2809 dentes
1120 2755 1209 2810 albai
1222 2755 1332 2810 malum
1346 2755 1497 2826 promulo.
1522 2752 1680 2821 Prudentes,
1708 2751 1804 2822 inquit,

161 2841 226 2896 ximi
241 2842 334 2913 aliqua
347 2857 431 2913 opera
446 2840 583 2897 charitatis
597 2848 805 2911 recompensant
818 2839 906 2905 vobis,
923 2838 958 2893 li-
1008 2849 1171 2908 estote,nan
1183 2842 1626 2915 tantumprevidentesqucebenu
1632 2843 1700 2896 sunt
1711 2855 1806 2896 coram

163 2929 258 2987 beuter
270 2930 409 3001 suscipite.
427 2930 511 2985 Erunt
525 2929 597 2985 enim
612 2929 723 3000 quidam
738 2928 784 3000 qui
794 2928 864 2984 bene
878 2927 958 2983 iacie-
972 2978 996 3038 G
1009 2931 1072 2997 beo,
1088 2931 1136 2987 sed
1150 2934 1238 2988 etiam
1248 2948 1344 2987 ceram
1358 2931 1517 2988 bominibus
1525 2930 1663 2994 omnbus,
1673 2937 1729 2983 tam
1739 2926 1807 2984 iide-

162 3019 227 3074 bant
241 3018 388 3090 proximis:
406 3018 456 3073 sed
476 3033 511 3073 ne
533 3017 780 3072 remunerationem
799 3017 878 3086 hujus
897 3032 957 3071 mc·
1008 3019 1080 3074 libus
1095 3036 1175 3091 quam
1202 3018 1367 3075 infidelibus.
1395 3021 1457 3075 Non
1472 3018 1544 3075 enim
1559 3017 1656 3075 suflicit
1684 3016 1807 3072 testimo-

163 3107 205 3162 riti
215 3108 369 3179 perderent,
395 3106 522 3162 nolebant
545 3105 670 3177 recipere
685 3104 788 3176 aliquid
811 3103 958 3160 invicema
1007 3107 1081 3162 nium
1096 3107 1271 3164 conscientiae
1285 3116 1385 3163 nostrae
1407 3109 1509 3173 solum,
1541 3107 1594 3162 nisi
1607 3116 1633 3162 et
1660 3114 1806 3162 extraneo·

162 3195 278 3267 proximi
295 3211 302 3249 :
318 3203 345 3250 et
360 3203 388 3250 ut
404 3194 513 3251 dilectio
527 3202 618 3250 vestra
636 3194 834 3249 incrementum
848 3209 958 3264 semper
1007 3213 1067 3251 rum
1082 3197 1240 3252 testimonia
1255 3197 1427 3253 conveniant.
1440 3196 1532 3265 Quare
1542 3212 1602 3269 quae
1630 3195 1719 3251 leudis
1730 3201 1802 3260 suni,

160 3283 335 3350 habeat,sitis
345 3282 795 3355 benorcproevenientesinuicem,
805 3281 880 3337 idest
889 3280 957 3336 alter
1007 3292 1033 3341 et
1049 3286 1123 3356 apud
1138 3287 1224 3341 Deum
1240 3294 1266 3341 et
1280 3286 1352 3357 apud
1367 3286 1500 3352 homiues,
1519 3301 1551 3340 ee
1574 3285 1666 3357 utique
1681 3283 1805 3357 gerenda

163 3372 289 3440 alterum,
300 3380 329 3427 ut
348 3373 395 3444 qui
416 3371 495 3427 citius
518 3379 607 3442 potest
617 3378 744 3442 assurget
757 3370 824 3425 alii:
850 3371 956 3440 ample·
1007 3380 1079 3428 sunt.
1097 3376 1130 3430 Ut
1140 3382 1230 3430 autem
1245 3374 1317 3429 bona
1332 3383 1424 3429 vestra
1439 3373 1564 3429 omnibus
1579 3373 1714 3444 placeant,
1744 3372 1803 3427 sitis

158 3469 246 3517 ututur
273 3461 425 3532 proximum
453 3460 527 3516 omni
555 3476 656 3533 genere
676 3458 852 3515 dilectionis:
873 3467 957 3530 utque
1007 3449 1141 3519 babentes
1150 3480 1250 3535 pacem
1261 3479 1327 3519 cum
1339 3463 1467 3519 amnibus
1477 3463 1644 3527 bominibus,
1652 3462 1803 3532 sificripo-

160 3550 260 3606 benum
277 3549 453 3606 fraternitatis
473 3558 610 3606 accressut
639 3549 666 3603 in
680 3548 768 3613 vobis,
798 3554 884 3603 estote
898 3564 957 3604 nen
1008 3554 1073 3619 test,
1089 3559 1119 3606 ut
1134 3560 1160 3607 et
1174 3552 1226 3622 ipsi
1242 3551 1324 3607 velint
1339 3552 1545 3622 lraberepaeem
1568 3548 1804 3621 vobiscumquod

161 3640 237 3713 pipri
251 3639 453 3707 sollieitudine,
469 3647 498 3694 ut
518 3639 593 3694 omui
607 3637 749 3710 vigilantia
770 3635 901 3692 sollicitus
922 3635 957 3690 sit
1007 3639 1030 3693 si
1043 3639 1148 3709 nolunt,
1158 3639 1261 3710 fiatpax
1270 3640 1425 3712 illasquod,
1432 3640 1507 3696 idest
1520 3642 1659 3712 quantum
1669 3655 1706 3694 ee
1724 3637 1757 3693 7
1767 3636 1798 3694 1

161 3727 228 3783 alter
243 3727 355 3783 alterius
368 3727 462 3782 levare
479 3726 682 3782 necessitatem.
702 3726 778 3780 llanc
794 3723 956 3780 sollicitudi·
1007 3729 1081 3784 vobis
1097 3733 1149 3784 est.
1162 3729 1211 3784 Vel
1226 3729 1262 3783 ita
1272 3729 1371 3785 habete
1384 3745 1481 3800 pacem
1496 3745 1558 3785 cum
1570 3728 1697 3784 omuibus
1711 3725 1803 3782 sifieri

159 3831 224 3871 uem
239 3814 363 3885 superius
373 3812 503 3885 praecepit
525 3812 656 3884 praelatis,
674 3828 757 3884 quam
771 3812 816 3868 hic
828 3810 957 3867 iratribus
1006 3824 1105 3887 potest,
1121 3825 1150 3871 ut
1165 3833 1227 3872 earo
1241 3826 1332 3874 vestra
1341 3817 1436 3891 diligat
1449 3817 1603 3888 ailligentes
1619 3832 1658 3883 se,
1676 3815 1748 3888 quod
1764 3822 1805 3870 ta-

159 3919 193 3960 er
209 3901 327 3975 quadam
342 3902 456 3973 paritate
470 3901 651 3981 commendat.
665 3900 736 3970 Quia
748 3901 772 3955 si
788 3916 843 3956 non
856 3900 957 3956 babent
1007 3921 1070 3960 men
1086 3920 1119 3960 ex
1133 3905 1212 3962 vobis
1226 3914 1277 3971 est,
1293 3907 1356 3978 quia
1372 3906 1395 3961 si
1409 3906 1490 3961 vultis
1505 3922 1539 3961 ex
1561 3905 1666 3960 ratione
1688 3903 1803 3975 potestis

159 3991 233 4064 quod
247 3990 361 4046 sollicite
375 3989 504 4050 tribuant.
520 3989 574 4044 sint
588 3999 677 4046 tamen
687 3993 830 4061 feruentes
839 3989 954 4061 spiritu,
1006 4009 1102 4049 omnes
1117 3994 1242 4067 diligere.
1259 3994 1348 4063 Quam
1362 4011 1458 4065 pacem
1472 4003 1501 4049 ut
1515 3995 1648 4067 integram
1661 3992 1777 4048 servetis
1794 4008 1801 4048 :

159 4079 244 4135 idest
258 4078 378 4137 ebaritas
393 4079 488 4135 ardeat
501 4078 530 4133 in
543 4078 634 4134 animo
644 4093 748 4145 eorum,
765 4077 827 4133 licet
840 4092 896 4132 non
909 4077 957 4131 ha-
1006 4097 1065 4138 non
1079 4085 1145 4138 sitis
1160 4083 1347 4154 defendentes
1360 4084 1550 4157 vosmetipsas,
1566 4082 1590 4137 si
1600 4082 1670 4138 mala
1684 4080 1803 4136 inserunt

160 4169 242 4225 beant
255 4168 461 4241 possibilitatem
474 4167 617 4238 operandi.
633 4169 667 4223 Et
683 4183 718 4223 ne
729 4167 956 4238 contemplatores
1006 4170 1094 4237 vobis,
1106 4186 1155 4227 vos
1165 4171 1227 4227 dico
1238 4171 1261 4226 si
1270 4173 1323 4228 hoc
1332 4171 1459 4240 feceritis,
1481 4182 1544 4228 tune
1565 4171 1736 4229 charnaim.
1748 4170 1800 4238 Ne,

160 4258 260 4314 malum
280 4265 435 4330 putarenta
459 4256 575 4314 culmine
593 4255 829 4328 contemplationis
852 4255 956 4311 conde·
1007 4257 1128 4330 inquam,
1146 4258 1296 4315 defendatis
1311 4276 1371 4326 vos,
1387 4261 1435 4316 sed
1458 4259 1646 4332 aequanimiter
1670 4259 1804 4314 sustinen-

159 4347 292 4404 scendere
305 4346 512 4403 necessitatibus
532 4346 657 4417 proximi,
674 4345 711 4401 ait
734 4345 890 4401 Paulus21n
914 4332 993 4399 hisD
1006 4346 1052 4412 do,
1069 4348 1135 4404 date
1150 4349 1242 4404 locum
1256 4349 1308 4404 irae
1317 4349 1551 4421 persequentium,
1568 4357 1596 4403 ut
1608 4348 1690 4404 liceat
1705 4347 1802 4403 saevire

158 4435 285 4492 omnibus
299 4435 392 4491 sciatis
405 4451 528 4492 nosesse
547 4437 701 4492 servientes
729 4435 855 4492 Domino.
882 4433 956 4488 Deus
1006 4437 1144 4508 quomodo
1157 4437 1251 4492 volunt
1266 4456 1273 4504 ;
1289 4437 1382 4493 velita
1396 4456 1403 4492 :
1417 4437 1547 4493 Patiendo
1570 4437 1656 4492 malos
1681 4437 1745 4492 date
1763 4437 1803 4492 le-

160 4524 231 4580 enim
246 4525 298 4579 hec
313 4539 401 4595 genus
421 4523 559 4580 seruitutis
577 4523 692 4579 multum
706 4523 803 4596 diligit.
833 4521 956 4592 Cumque
1006 4525 1133 4582 eumiroe
1146 4525 1206 4593 Dei,
1222 4526 1579 4597 Deusenimsicproposuit
1593 4525 1688 4582 ulcisci
1703 4524 1737 4579 de
1750 4524 1803 4578 im·

158 4613 197 4671 sic
212 4613 357 4686 diligentes
372 4612 399 4667 in
415 4628 480 4669 eura
500 4612 616 4683 proximi
631 4611 797 4677 studueritis,
812 4626 848 4666 ne
862 4625 957 4681 exspe·
1006 4612 1067 4684 piis,
1083 4620 1112 4668 ut
1127 4614 1162 4668 ad
1191 4614 1298 4669 libitum
1321 4630 1417 4671 eorum
1458 4622 1602 4670 exerceant
1630 4613 1801 4685 iniquitatem

160 4702 406 4774 etetispraesentem
415 4701 581 4768 mercedem,
593 4701 642 4756 sed
651 4700 898 4773 estotepaudentes
907 4714 955 4771 spe
1006 4717 1092 4768 suam,
1109 4711 1138 4757 ut
1161 4702 1233 4757 nulla
1256 4703 1367 4759 miseria
1390 4702 1557 4758 damnationi
1578 4718 1674 4759 eorum
1701 4702 1800 4758 deesse

159 4788 256 4847 iuturae
267 4789 503 4846 remunerationis.
1005 4797 1095 4862 queat.
1111 4790 1223 4847 Debetis
1238 4792 1304 4847 dare
1324 4791 1413 4847 locum
1442 4792 1565 4848 irae:vel
1588 4792 1650 4857 hoc,
1682 4790 1725 4846 vel
1753 4790 1801 4847 illo

197 4878 314 4935 Ostensa
327 4878 463 4951 quomodo
473 4894 503 4934 se
522 4878 639 4935 debeant
654 4878 783 4935 exhibere
796 4876 887 4944 bonis,
903 4877 954 4932 de·
1005 4878 1098 4933 mode.
1115 4879 1185 4935 Nam
1199 4881 1339 4952 seriptum
1349 4885 1391 4936 est
1401 4880 1429 4934 in
1459 4880 1604 4936 Salomone
1619 4879 1727 4937 dicente
1741 4880 1801 4936 Do·

160 4967 287 5024 terminat
300 4967 437 5037 quomodo
452 4983 482 5023 se
495 4966 614 5024 habeant
629 4975 726 5024 contra
739 4967 837 5035 malos,
849 4965 954 5023 dicens:
1005 4966 1080 5021 mino
1098 4982 1104 5020 :
1123 4969 1189 5024 ldibl
1199 4976 1336 5024 reservate
1349 4969 1514 5034 uindictam,
1531 4973 1560 5025 et
1569 4984 1618 5040 epo
1642 4970 1801 5025 retribuam

160 5056 203 5112 Ne
217 5062 306 5110 autem
329 5072 378 5126 spe
395 5055 485 5111 lutura
506 5054 675 5112 frustremini
690 5072 696 5111 :
713 5064 799 5112 estote
812 5056 955 5128 patientes
1005 5054 1096 5126 impiis
1111 5056 1203 5125 (licut.
1220 5073 1311 5128 xxxu,
1328 5061 1383 5130 ³5).
1401 5059 1446 5115 Sic
1468 5067 1559 5114 autem
1574 5056 1728 5114 faciendum
1746 5065 1798 5125 est,

161 5146 193 5201 in
208 5144 401 5210 tribulatione,
408 5143 435 5199 id
445 5153 487 5200 est
496 5145 630 5216 patienter
643 5145 773 5200 sustinete
786 5159 956 5216 quaeeunque
1006 5143 1069 5214 quia
1083 5145 1141 5202 baec
1156 5145 1225 5203 dicit
1233 5149 1379 5204 Dominus.
1395 5149 1453 5204 Neo
1467 5147 1554 5202 solum
1576 5162 1632 5202 non
1647 5145 1801 5202 defendatis

159 5248 211 5306 pro
227 5231 334 5288 Christo
347 5248 396 5288 vos
409 5233 466 5303 pati
479 5234 639 5305 oportuerit.
652 5235 686 5290 Ut
700 5241 791 5289 eutem
805 5232 834 5288 in
847 5230 956 5304 patien·
1006 5247 1056 5288 vos
1070 5232 1104 5289 ab
1124 5234 1224 5306 impiis,
1240 5237 1290 5292 sed
1304 5235 1387 5291 etiam
1401 5236 1506 5308 diligite
1534 5235 1598 5291 illos
1612 5243 1638 5291 et
1652 5234 1803 5292 benefacite

162 5321 198 5377 tia
207 5320 493 5393 perseveretis,estote
507 5321 799 5379 instantesorationi:
809 5320 872 5393 quia
889 5320 912 5374 si
928 5320 957 5375 in
1006 5319 1068 5376 illis.
1083 5322 1163 5391 Quod
1173 5324 1259 5381 sicait
1269 5325 1361 5395 (Prae.
1373 5341 1438 5392 xxv,
1448 5329 1480 5384 at
1497 5328 1508 5397 )
1521 5341 1527 5381 :
1542 5326 1572 5382 Si
1581 5326 1716 5382 inimicus
1732 5331 1802 5382 tuus

162 5408 289 5469 omnibtu
303 5410 544 5469 orutiocommeda
558 5419 609 5481 est,
636 5410 722 5468 multo
735 5410 825 5483 magu
839 5409 874 5467 ud
888 5425 957 5484 prse-
1006 5412 1151 5483 esurierit,
1160 5414 1222 5472 ciba
1234 5415 1329 5472 illum.
1340 5415 1370 5472 Si
1384 5415 1458 5484 sitit,
1475 5415 1511 5474 de
1524 5417 1569 5474 illi
1583 5420 1691 5487 potum.
1728 5416 1801 5472 Nam
